,id,price,size,side,liquidation,time
0,5400034079,18.015,700.0,buy,False,2022-11-10T07:07:08.269022+00:00
1,5399973344,15.0,331.65,buy,False,2022-11-10T07:00:35.586809+00:00
2,5399973343,15.0,21.45,buy,False,2022-11-10T07:00:35.586809+00:00
3,5399973342,12.5,37.3,buy,False,2022-11-10T07:00:35.586809+00:00
4,5399963078,12.5,20.8,buy,False,2022-11-10T06:59:20.764567+00:00
5,5399525042,18.55,1.15,buy,False,2022-11-10T06:10:22.642718+00:00
6,5399429989,18.0,1.0,buy,False,2022-11-10T05:54:27.730364+00:00
7,5399348388,18.0,12.1,buy,False,2022-11-10T05:41:53.085023+00:00
8,5399112195,18.6,53.75,buy,False,2022-11-10T05:12:58.399383+00:00
9,5399072177,18.6,8.05,buy,False,2022-11-10T05:09:15.711740+00:00
10,5399071165,18.6,8.05,buy,False,2022-11-10T05:09:10.035637+00:00
11,5399070170,18.6,8.05,buy,False,2022-11-10T05:09:04.766884+00:00
12,5399068996,18.6,8.05,buy,False,2022-11-10T05:08:59.396214+00:00
13,5399067114,18.6,2.6,buy,False,2022-11-10T05:08:51.523272+00:00
14,5399067113,18.3,0.1,buy,False,2022-11-10T05:08:51.523272+00:00
15,5399066214,18.3,2.7,buy,False,2022-11-10T05:08:46.088237+00:00
16,5399065135,18.3,2.7,buy,False,2022-11-10T05:08:39.517463+00:00
17,5399059530,17.82,5.25,buy,False,2022-11-10T05:08:08.925328+00:00
18,5399059113,17.82,5.6,buy,False,2022-11-10T05:08:07.021273+00:00
19,5399058707,17.82,5.6,buy,False,2022-11-10T05:08:04.876131+00:00
20,5399058009,17.82,0.75,buy,False,2022-11-10T05:08:02.194658+00:00
21,5399058008,17.8,3.5,buy,False,2022-11-10T05:08:02.194658+00:00
22,5399058007,17.265,1.5,buy,False,2022-11-10T05:08:02.194658+00:00
23,5399053554,15.0,2.45,buy,False,2022-11-10T05:07:37.189878+00:00
24,5399047294,13.56,20.0,buy,False,2022-11-10T05:06:59.110518+00:00
25,5399047293,13.0,1.3,buy,False,2022-11-10T05:06:59.110518+00:00
26,5399047292,12.9,9.0,buy,False,2022-11-10T05:06:59.110518+00:00
27,5399047291,12.895,16.0,buy,False,2022-11-10T05:06:59.110518+00:00
28,5399040356,11.595,1.05,buy,False,2022-11-10T05:06:28.005740+00:00
29,5398363181,8.1,72.05,sell,False,2022-11-10T03:17:26.517965+00:00
30,5398052523,8.1,2.15,sell,False,2022-11-10T02:28:20.043813+00:00
31,5397895655,8.1,30.0,sell,False,2022-11-10T02:01:39.616775+00:00
32,5397849086,8.1,100.0,sell,True,2022-11-10T01:56:15.057630+00:00
33,5397818435,8.1,13.15,sell,False,2022-11-10T01:53:07.249740+00:00
34,5397818434,8.105,16.0,sell,False,2022-11-10T01:53:07.249740+00:00
35,5397814823,8.965,0.2,sell,False,2022-11-10T01:52:45.900671+00:00
36,5397814822,10.5,60.65,sell,False,2022-11-10T01:52:45.900671+00:00
37,5397811988,10.5,10.0,sell,False,2022-11-10T01:52:28.400277+00:00
38,5397790565,10.5,8.6,sell,False,2022-11-10T01:50:35.845731+00:00
39,5397778502,10.5,0.2,sell,True,2022-11-10T01:48:59.298233+00:00
40,5397286983,10.5,20.55,sell,False,2022-11-10T00:51:53.615229+00:00
41,5395867143,11.5,419.7,buy,False,2022-11-09T22:48:35.313215+00:00
42,5395658672,11.495,200.0,sell,False,2022-11-09T22:30:42.260223+00:00
43,5395647804,11.495,0.95,sell,False,2022-11-09T22:29:44.477468+00:00
44,5395523173,11.495,0.95,buy,False,2022-11-09T22:18:33.459629+00:00
45,5392589872,9.955,0.95,sell,True,2022-11-09T18:49:05.751358+00:00
46,5392580339,10.295,1.05,sell,False,2022-11-09T18:48:34.957585+00:00
47,5389823476,10.85,6.25,buy,False,2022-11-09T15:48:47.770839+00:00
48,5389823475,10.84,1.0,buy,False,2022-11-09T15:48:47.770839+00:00
49,5389807261,10.83,10.0,sell,False,2022-11-09T15:48:02.038661+00:00
50,5389121166,10.6,9.7,buy,False,2022-11-09T15:04:36.933255+00:00
51,5389118110,10.6,70.25,buy,False,2022-11-09T15:04:18.337605+00:00
52,5389116297,10.6,32.1,buy,False,2022-11-09T15:04:06.930877+00:00
53,5389113191,10.6,46.35,buy,False,2022-11-09T15:03:52.229877+00:00
54,5389111705,10.6,19.1,buy,False,2022-11-09T15:03:44.441715+00:00
55,5389110350,10.6,12.6,buy,False,2022-11-09T15:03:38.743011+00:00
56,5389108634,10.6,12.2,buy,False,2022-11-09T15:03:33.381864+00:00
57,5389108108,10.6,4.95,buy,False,2022-11-09T15:03:30.633569+00:00
58,5389107349,10.6,5.7,buy,False,2022-11-09T15:03:27.947352+00:00
59,5389106729,10.6,5.2,buy,False,2022-11-09T15:03:25.233816+00:00
60,5389106050,10.6,5.65,buy,False,2022-11-09T15:03:22.552003+00:00
61,5389104506,10.6,13.85,buy,False,2022-11-09T15:03:16.529142+00:00
62,5389102602,10.6,13.7,buy,False,2022-11-09T15:03:10.524902+00:00
63,5389101097,10.6,8.25,buy,False,2022-11-09T15:03:06.647987+00:00
64,5389100399,10.6,5.25,buy,False,2022-11-09T15:03:03.935860+00:00
65,5389099862,10.6,4.7,buy,False,2022-11-09T15:03:01.539853+00:00
66,5389099435,10.6,4.95,buy,False,2022-11-09T15:02:59.132318+00:00
67,5389098882,10.6,5.25,buy,False,2022-11-09T15:02:56.514247+00:00
68,5389098343,10.6,5.15,buy,False,2022-11-09T15:02:54.037467+00:00
69,5389097780,10.6,4.75,buy,False,2022-11-09T15:02:50.083670+00:00
70,5389097722,10.6,4.7,buy,False,2022-11-09T15:02:49.545339+00:00
71,5389096777,10.6,4.15,buy,False,2022-11-09T15:02:44.912385+00:00
72,5389096555,10.6,4.0,buy,False,2022-11-09T15:02:44.374652+00:00
73,5389096292,10.6,3.95,buy,False,2022-11-09T15:02:43.843227+00:00
74,5389095604,10.6,4.6,buy,False,2022-11-09T15:02:41.741798+00:00
75,5389095219,10.6,4.15,buy,False,2022-11-09T15:02:39.633338+00:00
76,5389094899,10.6,3.9,buy,False,2022-11-09T15:02:38.439726+00:00
77,5389094855,10.6,3.7,buy,False,2022-11-09T15:02:37.904568+00:00
78,5389094779,10.6,3.9,buy,False,2022-11-09T15:02:37.370965+00:00
79,5389094683,10.6,3.35,buy,False,2022-11-09T15:02:36.716745+00:00
80,5389094593,10.6,2.95,buy,False,2022-11-09T15:02:36.175691+00:00
81,5389094485,10.6,3.55,buy,False,2022-11-09T15:02:35.643296+00:00
82,5389094419,10.6,3.7,buy,False,2022-11-09T15:02:35.052167+00:00
83,5389094314,10.6,2.55,buy,False,2022-11-09T15:02:34.434634+00:00
84,5389094186,10.6,2.9,buy,False,2022-11-09T15:02:33.789901+00:00
85,5389094067,10.6,3.05,buy,False,2022-11-09T15:02:33.191426+00:00
86,5388937523,10.6,1.35,buy,False,2022-11-09T14:49:56.556355+00:00
87,5388937346,10.6,1.5,buy,False,2022-11-09T14:49:55.963917+00:00
88,5388937137,10.6,1.45,buy,False,2022-11-09T14:49:55.328075+00:00
89,5388936288,10.6,1.75,buy,False,2022-11-09T14:49:51.325810+00:00
90,5388935744,10.6,5.6,buy,False,2022-11-09T14:49:48.635713+00:00
91,5388935108,10.6,5.7,buy,False,2022-11-09T14:49:45.655346+00:00
92,5388934502,10.6,6.4,buy,False,2022-11-09T14:49:42.657607+00:00
93,5388933317,10.6,6.3,buy,False,2022-11-09T14:49:39.624056+00:00
94,5388932876,10.6,4.6,buy,False,2022-11-09T14:49:37.243559+00:00
95,5388930708,10.6,21.4,buy,False,2022-11-09T14:49:28.535822+00:00
96,5388929214,10.6,12.4,buy,False,2022-11-09T14:49:23.141034+00:00
97,5388927631,10.6,13.6,buy,False,2022-11-09T14:49:17.134964+00:00
98,5388926271,10.6,3.0,buy,False,2022-11-09T14:49:11.342691+00:00
99,5388926148,10.6,9.3,buy,False,2022-11-09T14:49:10.809126+00:00
100,5388926011,10.6,2.95,buy,False,2022-11-09T14:49:10.241889+00:00
101,5388925575,10.6,3.0,buy,False,2022-11-09T14:49:08.754298+00:00
102,5388925386,10.6,1.7,buy,False,2022-11-09T14:49:07.824577+00:00
103,5388925207,10.6,1.7,buy,False,2022-11-09T14:49:07.050113+00:00
104,5388925078,10.6,1.65,buy,False,2022-11-09T14:49:06.524073+00:00
105,5388924974,10.6,1.6,buy,False,2022-11-09T14:49:05.990942+00:00
106,5388924894,10.6,1.9,buy,False,2022-11-09T14:49:05.455191+00:00
107,5388924745,10.6,2.0,buy,False,2022-11-09T14:49:04.907660+00:00
108,5388923589,10.6,1.8,buy,False,2022-11-09T14:49:01.463985+00:00
109,5388923496,10.6,1.9,buy,False,2022-11-09T14:49:00.936076+00:00
110,5388923172,10.6,1.95,buy,False,2022-11-09T14:48:59.678169+00:00
111,5388923052,10.6,1.85,buy,False,2022-11-09T14:48:59.142040+00:00
112,5388921944,10.6,5.65,buy,False,2022-11-09T14:48:54.565747+00:00
113,5388921729,10.6,5.15,buy,False,2022-11-09T14:48:54.030942+00:00
114,5388920216,10.6,9.45,buy,False,2022-11-09T14:48:49.584728+00:00
115,5388919037,10.6,3.9,buy,False,2022-11-09T14:48:47.731179+00:00
116,5388917683,10.6,8.75,buy,False,2022-11-09T14:48:43.527852+00:00
117,5388915260,10.6,20.85,buy,False,2022-11-09T14:48:35.146844+00:00
118,5388912597,10.6,22.3,buy,False,2022-11-09T14:48:26.443215+00:00
119,5388909218,10.6,26.75,buy,False,2022-11-09T14:48:16.243495+00:00
120,5388906128,10.6,17.45,buy,False,2022-11-09T14:48:08.768220+00:00
121,5388905493,10.6,16.1,buy,False,2022-11-09T14:48:06.093205+00:00
122,5388905385,10.6,6.25,buy,False,2022-11-09T14:48:05.540471+00:00
123,5388901920,10.6,1.35,buy,False,2022-11-09T14:47:54.641772+00:00
124,5388901839,10.6,1.5,buy,False,2022-11-09T14:47:54.089667+00:00
125,5388901754,10.6,1.6,buy,False,2022-11-09T14:47:53.554425+00:00
126,5388901663,10.6,1.6,buy,False,2022-11-09T14:47:53.023259+00:00
127,5388901561,10.6,1.55,buy,False,2022-11-09T14:47:52.492223+00:00
128,5388901425,10.6,1.4,buy,False,2022-11-09T14:47:51.958856+00:00
129,5388901257,10.6,1.5,buy,False,2022-11-09T14:47:51.404096+00:00
130,5388901005,10.6,1.6,buy,False,2022-11-09T14:47:50.849229+00:00
131,5388900728,10.6,1.35,buy,False,2022-11-09T14:47:50.315715+00:00
132,5388895377,10.6,31.0,buy,False,2022-11-09T14:47:30.344249+00:00
133,5388892776,10.6,24.8,buy,False,2022-11-09T14:47:20.734004+00:00
134,5388891300,10.6,12.3,buy,False,2022-11-09T14:47:15.328332+00:00
135,5388890707,10.6,5.2,buy,False,2022-11-09T14:47:12.696917+00:00
136,5388889993,10.6,5.0,buy,False,2022-11-09T14:47:10.231187+00:00
137,5388889350,10.6,4.6,buy,False,2022-11-09T14:47:07.925833+00:00
138,5388888549,10.6,2.8,buy,False,2022-11-09T14:47:05.115607+00:00
139,5388888341,10.6,2.7,buy,False,2022-11-09T14:47:04.572627+00:00
140,5388888177,10.6,2.35,buy,False,2022-11-09T14:47:04.015295+00:00
141,5388887706,10.6,2.6,buy,False,2022-11-09T14:47:02.556803+00:00
142,5388887384,10.6,2.55,buy,False,2022-11-09T14:47:01.272108+00:00
143,5388883279,10.6,50.1,buy,False,2022-11-09T14:46:45.925361+00:00
144,5388876061,10.6,68.95,buy,False,2022-11-09T14:46:27.342361+00:00
145,5388869150,10.6,50.5,buy,False,2022-11-09T14:46:12.045800+00:00
146,5388864980,10.6,19.95,buy,False,2022-11-09T14:46:03.938892+00:00
147,5388861236,10.6,12.8,buy,False,2022-11-09T14:45:58.224801+00:00
148,5388859458,10.6,10.05,buy,False,2022-11-09T14:45:53.526008+00:00
149,5388858290,10.6,3.65,buy,False,2022-11-09T14:45:50.090025+00:00
150,5388858080,10.6,4.35,buy,False,2022-11-09T14:45:49.549800+00:00
151,5388855217,10.6,11.65,buy,False,2022-11-09T14:45:44.417442+00:00
152,5388853708,10.6,9.2,buy,False,2022-11-09T14:45:39.925664+00:00
153,5388852909,10.6,4.7,buy,False,2022-11-09T14:45:37.816551+00:00
154,5388849947,10.6,4.25,buy,False,2022-11-09T14:45:32.917905+00:00
155,5388849684,10.6,4.15,buy,False,2022-11-09T14:45:32.384286+00:00
156,5388849337,10.6,4.35,buy,False,2022-11-09T14:45:31.834152+00:00
157,5388848279,10.6,4.2,buy,False,2022-11-09T14:45:29.728728+00:00
158,5388847683,10.6,4.0,buy,False,2022-11-09T14:45:27.646473+00:00
159,5388847481,10.6,3.6,buy,False,2022-11-09T14:45:26.274850+00:00
160,5388847383,10.6,4.05,buy,False,2022-11-09T14:45:25.745477+00:00
161,5388847304,10.6,4.65,buy,False,2022-11-09T14:45:25.209683+00:00
162,5388847086,10.6,3.15,buy,False,2022-11-09T14:45:24.676408+00:00
163,5388846987,10.6,2.75,buy,False,2022-11-09T14:45:24.135461+00:00
164,5388846752,10.6,1.4,buy,False,2022-11-09T14:45:23.595250+00:00
165,5388846621,10.6,1.55,buy,False,2022-11-09T14:45:23.049021+00:00
166,5388846464,10.6,1.5,buy,False,2022-11-09T14:45:22.431393+00:00
167,5388846345,10.6,1.5,buy,False,2022-11-09T14:45:21.901146+00:00
168,5388841950,10.6,1.6,buy,False,2022-11-09T14:45:07.527758+00:00
169,5388841321,10.6,1.95,buy,False,2022-11-09T14:45:06.326143+00:00
170,5388841007,10.6,1.9,buy,False,2022-11-09T14:45:05.427187+00:00
171,5388840483,10.6,2.1,buy,False,2022-11-09T14:45:04.229642+00:00
172,5388840019,10.6,2.5,buy,False,2022-11-09T14:45:03.014832+00:00
173,5388839381,10.6,2.2,buy,False,2022-11-09T14:45:01.821315+00:00
174,5388836521,10.6,16.05,buy,False,2022-11-09T14:44:54.931749+00:00
175,5388834664,10.6,6.85,buy,False,2022-11-09T14:44:51.731238+00:00
176,5388830099,10.6,21.35,buy,False,2022-11-09T14:44:38.731385+00:00
177,5388830098,10.59,17.2,buy,False,2022-11-09T14:44:38.731385+00:00
178,5388821752,10.59,64.15,buy,False,2022-11-09T14:44:21.022680+00:00
179,5388816114,10.59,25.4,buy,False,2022-11-09T14:44:06.260950+00:00
180,5388815939,10.59,22.9,buy,False,2022-11-09T14:44:05.718820+00:00
181,5388813517,10.59,19.8,buy,False,2022-11-09T14:43:57.634120+00:00
182,5388813189,10.59,5.3,buy,False,2022-11-09T14:43:55.223439+00:00
183,5388811345,10.59,24.35,buy,False,2022-11-09T14:43:45.618473+00:00
184,5388809977,10.59,9.85,buy,False,2022-11-09T14:43:41.124608+00:00
185,5388809549,10.59,3.5,buy,False,2022-11-09T14:43:39.319852+00:00
186,5388809110,10.59,5.05,buy,False,2022-11-09T14:43:37.775716+00:00
187,5388808973,10.59,4.7,buy,False,2022-11-09T14:43:37.243860+00:00
188,5388808788,10.59,5.0,buy,False,2022-11-09T14:43:36.705874+00:00
189,5388808537,10.59,3.2,buy,False,2022-11-09T14:43:36.083653+00:00
190,5388808404,10.59,2.85,buy,False,2022-11-09T14:43:35.543976+00:00
191,5388808143,10.59,1.45,buy,False,2022-11-09T14:43:35.005131+00:00
192,5388808024,10.59,1.5,buy,False,2022-11-09T14:43:34.466852+00:00
193,5388807880,10.59,1.4,buy,False,2022-11-09T14:43:33.807426+00:00
194,5388807740,10.59,1.45,buy,False,2022-11-09T14:43:33.276819+00:00
195,5388807527,10.59,1.55,buy,False,2022-11-09T14:43:32.737638+00:00
196,5388807365,10.59,1.4,buy,False,2022-11-09T14:43:32.203629+00:00
197,5388807014,10.59,1.4,buy,False,2022-11-09T14:43:31.665390+00:00
198,5388806591,10.59,1.55,buy,False,2022-11-09T14:43:31.128780+00:00
199,5388806180,10.59,1.55,buy,False,2022-11-09T14:43:30.600468+00:00
200,5388796638,10.59,1.8,buy,False,2022-11-09T14:42:46.323565+00:00
201,5388794761,10.59,13.65,buy,False,2022-11-09T14:42:40.216337+00:00
202,5388793773,10.59,8.85,buy,False,2022-11-09T14:42:36.017830+00:00
203,5388792208,10.59,15.2,buy,False,2022-11-09T14:42:29.426171+00:00
204,5388791364,10.59,8.85,buy,False,2022-11-09T14:42:25.229469+00:00
205,5388788036,10.59,19.75,buy,False,2022-11-09T14:42:17.126050+00:00
206,5388786907,10.59,9.25,buy,False,2022-11-09T14:42:12.927855+00:00
207,5388786388,10.59,5.45,buy,False,2022-11-09T14:42:10.657802+00:00
208,5388786296,10.59,5.0,buy,False,2022-11-09T14:42:10.110808+00:00
209,5388786157,10.59,4.5,buy,False,2022-11-09T14:42:09.554890+00:00
210,5388786011,10.59,4.35,buy,False,2022-11-09T14:42:09.014956+00:00
211,5388785810,10.59,3.5,buy,False,2022-11-09T14:42:08.475290+00:00
212,5388785687,10.59,2.5,buy,False,2022-11-09T14:42:07.930904+00:00
213,5388785535,10.59,3.1,buy,False,2022-11-09T14:42:07.394166+00:00
214,5388785398,10.59,2.75,buy,False,2022-11-09T14:42:06.865155+00:00
215,5388785199,10.59,1.55,buy,False,2022-11-09T14:42:05.667892+00:00
216,5388784973,10.59,1.45,buy,False,2022-11-09T14:42:04.210956+00:00
217,5388784644,10.59,1.45,buy,False,2022-11-09T14:42:02.548726+00:00
218,5388732342,10.44,33.45,sell,False,2022-11-09T14:37:47.293758+00:00
219,5388732341,10.445,160.35,sell,False,2022-11-09T14:37:47.293758+00:00
220,5388703347,10.6,1.5,buy,False,2022-11-09T14:35:30.629817+00:00
221,5388703094,10.6,1.6,buy,False,2022-11-09T14:35:30.072138+00:00
222,5388702669,10.6,2.05,buy,False,2022-11-09T14:35:28.717969+00:00
223,5388702579,10.6,2.25,buy,False,2022-11-09T14:35:28.067340+00:00
224,5388702503,10.6,2.2,buy,False,2022-11-09T14:35:27.480944+00:00
225,5388702352,10.6,2.1,buy,False,2022-11-09T14:35:26.950785+00:00
226,5388702199,10.6,2.25,buy,False,2022-11-09T14:35:26.418192+00:00
227,5388702111,10.6,2.0,buy,False,2022-11-09T14:35:25.880580+00:00
228,5388702018,10.6,1.95,buy,False,2022-11-09T14:35:25.350382+00:00
229,5388701897,10.6,2.25,buy,False,2022-11-09T14:35:24.812772+00:00
230,5388701670,10.6,1.75,buy,False,2022-11-09T14:35:24.280061+00:00
231,5388701420,10.6,1.45,buy,False,2022-11-09T14:35:23.343901+00:00
232,5388701214,10.6,2.65,buy,False,2022-11-09T14:35:21.763989+00:00
233,5388701084,10.6,2.8,buy,False,2022-11-09T14:35:21.229622+00:00
234,5388700868,10.6,1.35,buy,False,2022-11-09T14:35:20.557711+00:00
235,5388700492,10.6,1.5,buy,False,2022-11-09T14:35:19.410739+00:00
236,5388444106,10.6,1.5,buy,False,2022-11-09T14:14:11.439037+00:00
237,5388443995,10.6,1.35,buy,False,2022-11-09T14:14:10.900607+00:00
238,5388443747,10.6,1.6,buy,False,2022-11-09T14:14:10.366556+00:00
239,5388443510,10.6,1.35,buy,False,2022-11-09T14:14:09.059312+00:00
240,5388433267,10.6,1.45,buy,False,2022-11-09T14:12:57.295662+00:00
241,5388433197,10.6,1.4,buy,False,2022-11-09T14:12:56.763462+00:00
242,5388432955,10.6,1.6,buy,False,2022-11-09T14:12:54.849155+00:00
243,5388432903,10.6,1.4,buy,False,2022-11-09T14:12:54.310263+00:00
244,5388432778,10.6,1.35,buy,False,2022-11-09T14:12:52.740849+00:00
245,5388432745,10.6,1.55,buy,False,2022-11-09T14:12:52.207298+00:00
246,5388432677,10.6,1.5,buy,False,2022-11-09T14:12:51.538591+00:00
247,5388432632,10.6,1.4,buy,False,2022-11-09T14:12:51.006305+00:00
248,5388431403,10.6,1.35,buy,False,2022-11-09T14:12:42.665910+00:00
249,5388431310,10.6,1.4,buy,False,2022-11-09T14:12:42.126866+00:00
250,5388431260,10.6,1.5,buy,False,2022-11-09T14:12:41.597348+00:00
251,5388431109,10.6,1.4,buy,False,2022-11-09T14:12:40.965625+00:00
252,5388431050,10.6,1.55,buy,False,2022-11-09T14:12:40.440587+00:00
253,5388430951,10.6,1.55,buy,False,2022-11-09T14:12:39.909093+00:00
254,5388430807,10.6,1.5,buy,False,2022-11-09T14:12:39.378184+00:00
255,5388430111,10.6,1.4,buy,False,2022-11-09T14:12:36.719661+00:00
256,5388430010,10.6,1.6,buy,False,2022-11-09T14:12:35.992811+00:00
257,5388429876,10.6,1.5,buy,False,2022-11-09T14:12:35.445176+00:00
258,5388376772,10.6,1.55,buy,False,2022-11-09T14:07:08.964162+00:00
259,5388367086,10.6,1.35,buy,False,2022-11-09T14:06:17.170788+00:00
260,5388366935,10.6,1.5,buy,False,2022-11-09T14:06:16.258492+00:00
261,5388366822,10.6,1.4,buy,False,2022-11-09T14:06:15.644271+00:00
262,5388366613,10.6,1.6,buy,False,2022-11-09T14:06:14.762749+00:00
263,5388366512,10.6,1.45,buy,False,2022-11-09T14:06:13.894376+00:00
264,5388366440,10.6,1.45,buy,False,2022-11-09T14:06:13.261626+00:00
265,5388366381,10.6,1.45,buy,False,2022-11-09T14:06:12.359508+00:00
266,5388366314,10.6,1.6,buy,False,2022-11-09T14:06:11.466718+00:00
267,5388366239,10.6,1.4,buy,False,2022-11-09T14:06:10.892396+00:00
268,5388366162,10.6,1.35,buy,False,2022-11-09T14:06:09.959187+00:00
269,5388366041,10.6,1.55,buy,False,2022-11-09T14:06:09.359685+00:00
270,5388365934,10.6,1.55,buy,False,2022-11-09T14:06:08.458374+00:00
271,5388365785,10.6,1.5,buy,False,2022-11-09T14:06:07.557682+00:00
272,5388365629,10.6,1.35,buy,False,2022-11-09T14:06:06.957435+00:00
273,5388365368,10.6,1.4,buy,False,2022-11-09T14:06:06.068889+00:00
274,5388365231,10.6,1.45,buy,False,2022-11-09T14:06:05.099333+00:00
275,5388365184,10.6,1.6,buy,False,2022-11-09T14:06:04.566460+00:00
276,5388365112,10.6,1.4,buy,False,2022-11-09T14:06:03.676049+00:00
277,5388365010,10.6,1.45,buy,False,2022-11-09T14:06:03.062483+00:00
278,5388364769,10.6,1.4,buy,False,2022-11-09T14:06:02.169962+00:00
279,5388364484,10.6,1.6,buy,False,2022-11-09T14:06:01.279654+00:00
280,5388364430,10.6,1.5,buy,False,2022-11-09T14:06:00.671213+00:00
281,5388364212,10.6,1.45,buy,False,2022-11-09T14:05:59.936336+00:00
282,5388364075,10.6,1.6,buy,False,2022-11-09T14:05:58.870630+00:00
283,5388363976,10.6,1.75,buy,False,2022-11-09T14:05:57.967947+00:00
284,5388363860,10.6,1.6,buy,False,2022-11-09T14:05:57.066018+00:00
285,5388363773,10.6,1.7,buy,False,2022-11-09T14:05:56.154786+00:00
286,5388363732,10.6,1.55,buy,False,2022-11-09T14:05:55.569973+00:00
287,5388363642,10.6,1.55,buy,False,2022-11-09T14:05:54.660720+00:00
288,5388363533,10.6,1.9,buy,False,2022-11-09T14:05:53.760623+00:00
289,5388363407,10.6,1.7,buy,False,2022-11-09T14:05:52.864669+00:00
290,5388363273,10.6,1.9,buy,False,2022-11-09T14:05:51.663895+00:00
291,5388363105,10.6,1.95,buy,False,2022-11-09T14:05:50.758476+00:00
292,5388362959,10.6,1.75,buy,False,2022-11-09T14:05:49.862988+00:00
293,5388362727,10.6,1.9,buy,False,2022-11-09T14:05:48.677691+00:00
294,5388362582,10.6,2.0,buy,False,2022-11-09T14:05:47.770187+00:00
295,5388362468,10.6,2.05,buy,False,2022-11-09T14:05:46.619655+00:00
296,5388362337,10.6,1.95,buy,False,2022-11-09T14:05:45.667356+00:00
297,5388362162,10.6,1.9,buy,False,2022-11-09T14:05:44.455764+00:00
298,5388362059,10.6,2.1,buy,False,2022-11-09T14:05:43.566061+00:00
299,5388361790,10.6,1.85,buy,False,2022-11-09T14:05:42.360515+00:00
300,5388361678,10.6,1.75,buy,False,2022-11-09T14:05:41.468493+00:00
301,5388361491,10.6,1.8,buy,False,2022-11-09T14:05:40.567795+00:00
302,5388361375,10.6,1.7,buy,False,2022-11-09T14:05:39.662652+00:00
303,5388361177,10.6,1.6,buy,False,2022-11-09T14:05:38.766948+00:00
304,5388361000,10.6,1.75,buy,False,2022-11-09T14:05:37.865245+00:00
305,5388360893,10.6,1.55,buy,False,2022-11-09T14:05:36.959725+00:00
306,5388360777,10.6,1.65,buy,False,2022-11-09T14:05:36.065442+00:00
307,5388360496,10.6,1.95,buy,False,2022-11-09T14:05:35.213664+00:00
308,5388360370,10.6,1.7,buy,False,2022-11-09T14:05:34.253770+00:00
309,5388360240,10.6,1.95,buy,False,2022-11-09T14:05:33.361314+00:00
310,5388359997,10.6,1.85,buy,False,2022-11-09T14:05:32.170246+00:00
311,5388359734,10.6,2.45,buy,False,2022-11-09T14:05:30.954862+00:00
312,5388359530,10.6,3.1,buy,False,2022-11-09T14:05:29.456393+00:00
313,5388359353,10.6,2.65,buy,False,2022-11-09T14:05:27.967363+00:00
314,5388359152,10.6,2.85,buy,False,2022-11-09T14:05:26.472124+00:00
315,5388358897,10.6,2.75,buy,False,2022-11-09T14:05:24.971312+00:00
316,5388358737,10.6,2.85,buy,False,2022-11-09T14:05:23.462765+00:00
317,5388358488,10.6,2.9,buy,False,2022-11-09T14:05:21.956848+00:00
318,5388358274,10.6,2.95,buy,False,2022-11-09T14:05:20.465230+00:00
319,5388357926,10.6,3.5,buy,False,2022-11-09T14:05:18.703679+00:00
320,5388357315,10.6,3.5,buy,False,2022-11-09T14:05:15.912394+00:00
321,5388357205,10.6,3.45,buy,False,2022-11-09T14:05:15.371902+00:00
322,5388356952,10.6,3.5,buy,False,2022-11-09T14:05:13.562621+00:00
323,5388356462,10.6,4.5,buy,False,2022-11-09T14:05:11.161648+00:00
324,5388356205,10.6,4.0,buy,False,2022-11-09T14:05:09.060694+00:00
325,5388355811,10.6,5.05,buy,False,2022-11-09T14:05:06.817197+00:00
326,5388355480,10.6,5.5,buy,False,2022-11-09T14:05:04.027239+00:00
327,5388354598,10.6,5.2,buy,False,2022-11-09T14:04:59.456116+00:00
328,5388354573,10.6,5.4,buy,False,2022-11-09T14:04:58.878645+00:00
329,5388354113,10.6,5.25,buy,False,2022-11-09T14:04:56.161155+00:00
330,5388353746,10.6,5.45,buy,False,2022-11-09T14:04:53.505754+00:00
331,5388353492,10.6,5.05,buy,False,2022-11-09T14:04:51.057998+00:00
332,5388352823,10.6,6.2,buy,False,2022-11-09T14:04:47.768634+00:00
333,5388352308,10.6,5.65,buy,False,2022-11-09T14:04:45.060738+00:00
334,5388351935,10.6,5.35,buy,False,2022-11-09T14:04:42.384364+00:00
335,5388351319,10.6,6.4,buy,False,2022-11-09T14:04:39.369963+00:00
336,5388350356,10.6,7.7,buy,False,2022-11-09T14:04:35.468180+00:00
337,5388349435,10.6,7.0,buy,False,2022-11-09T14:04:32.169253+00:00
338,5388348459,10.6,9.05,buy,False,2022-11-09T14:04:28.051251+00:00
339,5388347744,10.6,8.6,buy,False,2022-11-09T14:04:23.847936+00:00
340,5388347089,10.6,10.65,buy,False,2022-11-09T14:04:18.964933+00:00
341,5388346065,10.6,10.35,buy,False,2022-11-09T14:04:14.190391+00:00
342,5388345423,10.6,10.85,buy,False,2022-11-09T14:04:09.064115+00:00
343,5388344377,10.6,11.75,buy,False,2022-11-09T14:04:03.737175+00:00
344,5388342942,10.6,12.8,buy,False,2022-11-09T14:03:57.989414+00:00
345,5388342123,10.6,14.05,buy,False,2022-11-09T14:03:51.982028+00:00
346,5388340905,10.6,21.35,buy,False,2022-11-09T14:03:43.280248+00:00
347,5388339638,10.6,21.0,buy,False,2022-11-09T14:03:34.862031+00:00
348,5388338476,10.6,19.9,buy,False,2022-11-09T14:03:26.769386+00:00
349,5388337457,10.6,19.1,buy,False,2022-11-09T14:03:18.958856+00:00
350,5388335638,10.6,20.55,buy,False,2022-11-09T14:03:07.263341+00:00
351,5388335637,10.595,12.1,buy,False,2022-11-09T14:03:07.263341+00:00
352,5388334503,10.6,21.9,buy,False,2022-11-09T14:02:59.997961+00:00
353,5388334431,10.6,22.3,buy,False,2022-11-09T14:02:59.463212+00:00
354,5386255736,10.515,0.9,sell,False,2022-11-09T11:35:35.284935+00:00
355,5386255735,10.55,18.45,sell,False,2022-11-09T11:35:35.284935+00:00
356,5386255734,10.695,4.95,sell,False,2022-11-09T11:35:35.284935+00:00
357,5385125877,10.55,6.75,sell,True,2022-11-09T10:19:33.942858+00:00
358,5384938787,10.555,12.1,sell,True,2022-11-09T10:11:29.617657+00:00
359,5383599085,11.5,10.85,buy,False,2022-11-09T08:50:41.938142+00:00
360,5383599084,11.495,11.1,buy,False,2022-11-09T08:50:41.938142+00:00
361,5383599083,10.91,1.8,buy,False,2022-11-09T08:50:41.938142+00:00
362,5383559118,10.55,20.8,sell,False,2022-11-09T08:47:32.989804+00:00
363,5383559117,10.75,4.95,sell,False,2022-11-09T08:47:32.989804+00:00
364,5382236930,10.48,20.0,sell,False,2022-11-09T07:07:51.807429+00:00
365,5381584021,10.43,3.35,buy,False,2022-11-09T06:12:19.993882+00:00
366,5381583962,10.43,1.0,sell,False,2022-11-09T06:12:19.693330+00:00
367,5381571734,10.535,0.9,buy,False,2022-11-09T06:11:10.952894+00:00
368,5381571282,10.535,77.15,buy,False,2022-11-09T06:11:08.457631+00:00
369,5381571277,10.535,72.3,buy,False,2022-11-09T06:11:08.426629+00:00
370,5381571246,10.535,25.6,sell,False,2022-11-09T06:11:07.982810+00:00
371,5381524490,10.325,9.55,sell,False,2022-11-09T06:07:25.337286+00:00
372,5381524489,10.365,26.85,sell,False,2022-11-09T06:07:25.337286+00:00
373,5381524488,10.4,37.3,sell,False,2022-11-09T06:07:25.337286+00:00
374,5381524487,10.525,1.0,sell,False,2022-11-09T06:07:25.337286+00:00
375,5381524486,10.525,25.3,sell,False,2022-11-09T06:07:25.337286+00:00
376,5380508330,10.45,5.0,sell,False,2022-11-09T04:48:16.530787+00:00
377,5378108938,11.11,0.55,buy,False,2022-11-09T01:02:35.646662+00:00
378,5378108874,11.11,3.6,buy,False,2022-11-09T01:02:35.112398+00:00
379,5378108806,11.11,3.35,buy,False,2022-11-09T01:02:34.579856+00:00
380,5378108713,11.11,1.75,buy,False,2022-11-09T01:02:34.042058+00:00
381,5378108663,11.11,1.9,buy,False,2022-11-09T01:02:33.503375+00:00
382,5378108598,11.11,3.85,buy,False,2022-11-09T01:02:32.969898+00:00
383,5378108491,11.11,3.7,buy,False,2022-11-09T01:02:32.421959+00:00
384,5378108437,11.11,3.7,buy,False,2022-11-09T01:02:31.884332+00:00
385,5378108322,11.11,3.55,buy,False,2022-11-09T01:02:31.238362+00:00
386,5378108255,11.11,4.15,buy,False,2022-11-09T01:02:30.702817+00:00
387,5378108155,11.11,2.95,buy,False,2022-11-09T01:02:30.115160+00:00
388,5378108074,11.11,3.95,buy,False,2022-11-09T01:02:29.551710+00:00
389,5378107993,11.11,2.1,buy,False,2022-11-09T01:02:29.015105+00:00
390,5378107843,11.11,3.75,buy,False,2022-11-09T01:02:28.480199+00:00
391,5378107671,11.11,4.1,buy,False,2022-11-09T01:02:27.943603+00:00
392,5378107476,11.11,3.2,buy,False,2022-11-09T01:02:27.403310+00:00
393,5378107320,11.11,1.55,buy,False,2022-11-09T01:02:26.872223+00:00
394,5378107217,11.11,1.5,buy,False,2022-11-09T01:02:26.333978+00:00
395,5378106829,11.11,75.2,buy,False,2022-11-09T01:02:24.559263+00:00
396,5378106807,11.11,26.85,sell,False,2022-11-09T01:02:24.402947+00:00
397,5377693615,11.025,18.05,sell,False,2022-11-09T00:23:41.492080+00:00
398,5377693614,11.025,29.1,sell,False,2022-11-09T00:23:41.492080+00:00
399,5377693613,11.025,30.35,sell,False,2022-11-09T00:23:41.492080+00:00
400,5377693612,11.075,28.8,sell,False,2022-11-09T00:23:41.492080+00:00
401,5377693611,11.13,25.2,sell,False,2022-11-09T00:23:41.492080+00:00
402,5377693610,11.13,21.3,sell,False,2022-11-09T00:23:41.492080+00:00
403,5377693609,11.39,2.5,sell,False,2022-11-09T00:23:41.492080+00:00
404,5377334173,11.13,3.95,sell,False,2022-11-08T23:55:03.612394+00:00
405,5376988513,11.11,17.55,sell,False,2022-11-08T23:31:45.592102+00:00
406,5376988512,11.145,25.3,sell,False,2022-11-08T23:31:45.592102+00:00
407,5376988511,11.185,26.05,sell,False,2022-11-08T23:31:45.592102+00:00
408,5376988510,11.19,11.1,sell,False,2022-11-08T23:31:45.592102+00:00
409,5376671641,11.355,0.2,sell,False,2022-11-08T23:08:11.271298+00:00
410,5374320769,11.35,60.25,buy,False,2022-11-08T20:36:21.345084+00:00
411,5374315984,11.35,43.95,buy,False,2022-11-08T20:36:06.599467+00:00
412,5374311965,11.35,43.6,buy,False,2022-11-08T20:35:51.924964+00:00
413,5374306701,11.35,58.4,buy,False,2022-11-08T20:35:34.504007+00:00
414,5374300443,11.35,58.45,buy,False,2022-11-08T20:35:17.103448+00:00
415,5374293835,11.35,60.75,buy,False,2022-11-08T20:34:59.115650+00:00
416,5374288420,11.35,57.4,buy,False,2022-11-08T20:34:41.705245+00:00
417,5374284125,11.35,57.1,buy,False,2022-11-08T20:34:24.402082+00:00
418,5374280154,11.35,38.2,buy,False,2022-11-08T20:34:10.805796+00:00
419,5374274157,11.35,66.15,buy,False,2022-11-08T20:33:52.175364+00:00
420,5374267960,11.35,80.2,buy,False,2022-11-08T20:33:31.220694+00:00
421,5374267062,11.35,1.4,buy,False,2022-11-08T20:33:27.904950+00:00
422,5374266673,11.35,1.35,buy,False,2022-11-08T20:33:27.138184+00:00
423,5374266512,11.35,1.45,buy,False,2022-11-08T20:33:26.410599+00:00
424,5374266395,11.35,1.35,buy,False,2022-11-08T20:33:25.807107+00:00
425,5374266284,11.35,1.5,buy,False,2022-11-08T20:33:25.190772+00:00
426,5374266116,11.35,1.6,buy,False,2022-11-08T20:33:24.298601+00:00
427,5374265948,11.35,1.5,buy,False,2022-11-08T20:33:23.699785+00:00
428,5374265855,11.35,1.55,buy,False,2022-11-08T20:33:23.105609+00:00
429,5374265599,11.35,1.5,buy,False,2022-11-08T20:33:22.205164+00:00
430,5374265436,11.35,1.4,buy,False,2022-11-08T20:33:21.609558+00:00
431,5374265270,11.35,1.45,buy,False,2022-11-08T20:33:21.032583+00:00
432,5374265024,11.35,1.6,buy,False,2022-11-08T20:33:20.118706+00:00
433,5374264925,11.35,1.45,buy,False,2022-11-08T20:33:19.513968+00:00
434,5374264814,11.35,1.65,buy,False,2022-11-08T20:33:18.905647+00:00
435,5374264589,11.35,1.6,buy,False,2022-11-08T20:33:18.137845+00:00
436,5374264332,11.35,1.4,buy,False,2022-11-08T20:33:17.401000+00:00
437,5374264100,11.35,1.55,buy,False,2022-11-08T20:33:16.434161+00:00
438,5374263864,11.35,1.4,buy,False,2022-11-08T20:33:15.898892+00:00
439,5374263625,11.35,1.4,buy,False,2022-11-08T20:33:15.248073+00:00
440,5374263495,11.35,1.45,buy,False,2022-11-08T20:33:14.714060+00:00
441,5374263366,11.35,1.65,buy,False,2022-11-08T20:33:14.137240+00:00
442,5374263239,11.35,1.45,buy,False,2022-11-08T20:33:13.542246+00:00
443,5374263092,11.35,2.05,buy,False,2022-11-08T20:33:12.951760+00:00
444,5374262905,11.35,1.5,buy,False,2022-11-08T20:33:12.420216+00:00
445,5374262740,11.35,1.55,buy,False,2022-11-08T20:33:11.887623+00:00
446,5374262336,11.35,1.5,buy,False,2022-11-08T20:33:10.818654+00:00
447,5374262116,11.35,1.45,buy,False,2022-11-08T20:33:09.956577+00:00
448,5374261597,11.35,1.6,buy,False,2022-11-08T20:33:09.311484+00:00
449,5374261153,11.35,1.6,buy,False,2022-11-08T20:33:08.423619+00:00
450,5374260922,11.35,1.55,buy,False,2022-11-08T20:33:07.561354+00:00
451,5374260762,11.35,1.5,buy,False,2022-11-08T20:33:06.663771+00:00
452,5374260530,11.35,1.55,buy,False,2022-11-08T20:33:06.023132+00:00
453,5374260318,11.35,1.35,buy,False,2022-11-08T20:33:05.104605+00:00
454,5374260191,11.35,1.45,buy,False,2022-11-08T20:33:04.561941+00:00
455,5374259924,11.35,1.45,buy,False,2022-11-08T20:33:03.599159+00:00
456,5374259782,11.35,1.4,buy,False,2022-11-08T20:33:03.024595+00:00
457,5374259387,11.35,1.5,buy,False,2022-11-08T20:33:02.111772+00:00
458,5374259230,11.35,1.4,buy,False,2022-11-08T20:33:01.536262+00:00
459,5374258987,11.35,1.45,buy,False,2022-11-08T20:33:00.643894+00:00
460,5374258548,11.35,1.5,buy,False,2022-11-08T20:32:59.744909+00:00
461,5374257403,11.35,1.65,buy,False,2022-11-08T20:32:59.112861+00:00
462,5374256969,11.35,1.35,buy,False,2022-11-08T20:32:58.189788+00:00
463,5374256734,11.35,1.6,buy,False,2022-11-08T20:32:57.310021+00:00
464,5374256598,11.35,1.55,buy,False,2022-11-08T20:32:56.712085+00:00
465,5374256000,11.35,1.4,buy,False,2022-11-08T20:32:55.815300+00:00
466,5374255760,11.35,1.6,buy,False,2022-11-08T20:32:54.901536+00:00
467,5374255649,11.35,1.5,buy,False,2022-11-08T20:32:54.309946+00:00
468,5374255426,11.35,1.5,buy,False,2022-11-08T20:32:53.429450+00:00
469,5374255315,11.35,1.45,buy,False,2022-11-08T20:32:52.799016+00:00
470,5374255119,11.35,1.6,buy,False,2022-11-08T20:32:51.994036+00:00
471,5374254855,11.35,1.4,buy,False,2022-11-08T20:32:51.018390+00:00
472,5374254708,11.35,1.6,buy,False,2022-11-08T20:32:50.476053+00:00
473,5374254447,11.35,1.45,buy,False,2022-11-08T20:32:49.555015+00:00
474,5374254020,11.35,1.45,buy,False,2022-11-08T20:32:48.920155+00:00
475,5374253657,11.35,1.6,buy,False,2022-11-08T20:32:48.040011+00:00
476,5374247032,11.35,69.4,buy,False,2022-11-08T20:32:29.408128+00:00
477,5374246272,11.35,1.5,buy,False,2022-11-08T20:32:27.017637+00:00
478,5374246168,11.35,1.35,buy,False,2022-11-08T20:32:26.435634+00:00
479,5374245916,11.35,1.35,buy,False,2022-11-08T20:32:25.567715+00:00
480,5374245662,11.35,1.55,buy,False,2022-11-08T20:32:24.552168+00:00
481,5374245331,11.35,1.55,buy,False,2022-11-08T20:32:24.003206+00:00
482,5374245049,11.35,1.5,buy,False,2022-11-08T20:32:23.399160+00:00
483,5374244774,11.35,1.5,buy,False,2022-11-08T20:32:22.529521+00:00
484,5374244115,11.35,1.45,buy,False,2022-11-08T20:32:20.475661+00:00
485,5374243916,11.35,1.7,buy,False,2022-11-08T20:32:19.435926+00:00
486,5374243792,11.35,1.55,buy,False,2022-11-08T20:32:18.896542+00:00
487,5374243629,11.35,1.6,buy,False,2022-11-08T20:32:18.224410+00:00
488,5374243275,11.35,1.5,buy,False,2022-11-08T20:32:17.596320+00:00
489,5374242418,11.35,1.45,buy,False,2022-11-08T20:32:15.815370+00:00
490,5374242142,11.35,1.55,buy,False,2022-11-08T20:32:15.023956+00:00
491,5374242006,11.35,1.5,buy,False,2022-11-08T20:32:14.403339+00:00
492,5374241863,11.35,1.4,buy,False,2022-11-08T20:32:13.813184+00:00
493,5374241687,11.35,1.55,buy,False,2022-11-08T20:32:13.178742+00:00
494,5374241272,11.35,1.5,buy,False,2022-11-08T20:32:12.406862+00:00
495,5374241097,11.35,1.4,buy,False,2022-11-08T20:32:11.861383+00:00
496,5374240786,11.35,1.5,buy,False,2022-11-08T20:32:11.118958+00:00
497,5374240652,11.35,1.45,buy,False,2022-11-08T20:32:10.589895+00:00
498,5374240461,11.35,1.55,buy,False,2022-11-08T20:32:09.938354+00:00
499,5374240189,11.35,1.4,buy,False,2022-11-08T20:32:09.313850+00:00
500,5374239935,11.35,1.4,buy,False,2022-11-08T20:32:08.700606+00:00
501,5374239773,11.35,1.55,buy,False,2022-11-08T20:32:08.096759+00:00
502,5374239669,11.35,1.35,buy,False,2022-11-08T20:32:07.514230+00:00
503,5374239480,11.35,1.6,buy,False,2022-11-08T20:32:06.884024+00:00
504,5374239362,11.35,1.45,buy,False,2022-11-08T20:32:06.349676+00:00
505,5374239239,11.35,1.55,buy,False,2022-11-08T20:32:05.712556+00:00
506,5374239102,11.35,1.6,buy,False,2022-11-08T20:32:04.829652+00:00
507,5374238834,11.35,1.55,buy,False,2022-11-08T20:32:04.287174+00:00
508,5374238705,11.35,1.4,buy,False,2022-11-08T20:32:03.704351+00:00
509,5374238553,11.35,1.55,buy,False,2022-11-08T20:32:03.158788+00:00
510,5374238412,11.35,1.85,buy,False,2022-11-08T20:32:02.624111+00:00
511,5374238246,11.35,1.5,buy,False,2022-11-08T20:32:02.086535+00:00
512,5374238108,11.35,1.5,buy,False,2022-11-08T20:32:01.440258+00:00
513,5374237918,11.35,1.5,buy,False,2022-11-08T20:32:00.893175+00:00
514,5374237765,11.35,1.75,buy,False,2022-11-08T20:32:00.241833+00:00
515,5374237615,11.35,1.45,buy,False,2022-11-08T20:31:59.713386+00:00
516,5374237331,11.35,1.6,buy,False,2022-11-08T20:31:59.108674+00:00
517,5374237120,11.35,1.6,buy,False,2022-11-08T20:31:58.217768+00:00
518,5374236874,11.35,1.6,buy,False,2022-11-08T20:31:57.219055+00:00
519,5374236772,11.35,1.7,buy,False,2022-11-08T20:31:56.689709+00:00
520,5374236635,11.35,1.6,buy,False,2022-11-08T20:31:56.120245+00:00
521,5374236219,11.35,1.65,buy,False,2022-11-08T20:31:54.831156+00:00
522,5374236053,11.35,1.55,buy,False,2022-11-08T20:31:54.267651+00:00
523,5374235891,11.35,1.55,buy,False,2022-11-08T20:31:53.718858+00:00
524,5374235618,11.35,1.65,buy,False,2022-11-08T20:31:52.693624+00:00
525,5374235479,11.35,1.9,buy,False,2022-11-08T20:31:52.161360+00:00
526,5374235185,11.35,1.5,buy,False,2022-11-08T20:31:51.623215+00:00
527,5374233938,11.35,1.4,buy,False,2022-11-08T20:31:50.233309+00:00
528,5374233669,11.35,1.75,buy,False,2022-11-08T20:31:49.701434+00:00
529,5374233421,11.35,1.8,buy,False,2022-11-08T20:31:49.162528+00:00
530,5374232921,11.35,1.35,buy,False,2022-11-08T20:31:48.623205+00:00
531,5374232340,11.35,1.5,buy,False,2022-11-08T20:31:48.016126+00:00
532,5374232056,11.345,0.3,buy,False,2022-11-08T20:31:47.107887+00:00
533,5374231821,11.345,1.55,buy,False,2022-11-08T20:31:46.230557+00:00
534,5374231662,11.345,1.4,buy,False,2022-11-08T20:31:45.619267+00:00
535,5374231462,11.345,1.55,buy,False,2022-11-08T20:31:45.014914+00:00
536,5374231161,11.345,1.4,buy,False,2022-11-08T20:31:44.415029+00:00
537,5374230878,11.345,1.5,buy,False,2022-11-08T20:31:43.877697+00:00
538,5374230772,11.345,1.65,buy,False,2022-11-08T20:31:43.205050+00:00
539,5374230381,11.345,1.6,buy,False,2022-11-08T20:31:42.312748+00:00
540,5374221030,11.35,69.15,buy,False,2022-11-08T20:31:16.548421+00:00
541,5374221019,11.395,111.45,sell,False,2022-11-08T20:31:16.479332+00:00
542,5372467184,11.055,129.8,sell,False,2022-11-08T19:34:33.347298+00:00
543,5372467183,11.07,74.15,sell,False,2022-11-08T19:34:33.347298+00:00
544,5372385175,11.045,114.35,sell,False,2022-11-08T19:33:21.039932+00:00
545,5372385174,11.07,103.3,sell,False,2022-11-08T19:33:21.039932+00:00
546,5371952517,11.09,196.0,sell,True,2022-11-08T19:26:59.283295+00:00
547,5371898605,11.12,10.95,sell,True,2022-11-08T19:26:03.449299+00:00
548,5371548558,11.255,11.7,buy,False,2022-11-08T19:17:31.560897+00:00
549,5371544156,11.255,26.25,buy,False,2022-11-08T19:17:20.998783+00:00
550,5371538212,11.255,36.25,buy,False,2022-11-08T19:17:08.058580+00:00
551,5371532674,11.255,40.35,buy,False,2022-11-08T19:16:54.291977+00:00
552,5371528823,11.255,22.05,buy,False,2022-11-08T19:16:45.276847+00:00
553,5371524531,11.255,20.5,buy,False,2022-11-08T19:16:36.583806+00:00
554,5371521308,11.255,17.2,buy,False,2022-11-08T19:16:29.120852+00:00
555,5371518085,11.255,11.0,buy,False,2022-11-08T19:16:23.712579+00:00
556,5371515544,11.255,11.35,buy,False,2022-11-08T19:16:18.273497+00:00
557,5371512983,11.255,10.65,buy,False,2022-11-08T19:16:13.194119+00:00
558,5371510091,11.255,10.2,buy,False,2022-11-08T19:16:08.390568+00:00
559,5371506901,11.255,10.5,buy,False,2022-11-08T19:16:03.287855+00:00
560,5371503612,11.255,11.2,buy,False,2022-11-08T19:15:57.878783+00:00
561,5371499323,11.255,11.0,buy,False,2022-11-08T19:15:52.497373+00:00
562,5371495031,11.255,10.85,buy,False,2022-11-08T19:15:47.437745+00:00
563,5371492813,11.255,12.25,buy,False,2022-11-08T19:15:41.688051+00:00
564,5371490501,11.255,10.5,buy,False,2022-11-08T19:15:36.581544+00:00
565,5371487412,11.255,12.6,buy,False,2022-11-08T19:15:30.583586+00:00
566,5371478311,11.255,23.05,buy,False,2022-11-08T19:15:14.332807+00:00
567,5371478085,11.255,20.8,buy,False,2022-11-08T19:15:13.794985+00:00
568,5371478084,11.25,10.8,buy,False,2022-11-08T19:15:13.794985+00:00
569,5371465203,11.17,100.05,sell,False,2022-11-08T19:14:48.813695+00:00
570,5371464885,11.255,16.25,buy,False,2022-11-08T19:14:48.335054+00:00
571,5371462804,11.255,10.4,buy,False,2022-11-08T19:14:44.776560+00:00
572,5371462448,11.255,10.9,buy,False,2022-11-08T19:14:44.240634+00:00
573,5371462115,11.255,12.0,buy,False,2022-11-08T19:14:43.705890+00:00
574,5371462067,11.255,10.8,sell,False,2022-11-08T19:14:43.616262+00:00
575,5371231321,11.29,1.0,buy,False,2022-11-08T19:07:39.203575+00:00
576,5371231320,11.29,0.9,buy,False,2022-11-08T19:07:39.203575+00:00
577,5371230924,11.29,2.15,buy,False,2022-11-08T19:07:38.015351+00:00
578,5371230523,11.29,2.0,buy,False,2022-11-08T19:07:37.116118+00:00
579,5371230121,11.29,1.9,buy,False,2022-11-08T19:07:35.903687+00:00
580,5371229389,11.29,2.15,buy,False,2022-11-08T19:07:34.707007+00:00
581,5371228590,11.29,1.9,buy,False,2022-11-08T19:07:33.808823+00:00
582,5371227688,11.29,2.1,buy,False,2022-11-08T19:07:32.604825+00:00
583,5371227227,11.29,2.0,buy,False,2022-11-08T19:07:31.425332+00:00
584,5371226739,11.29,2.25,buy,False,2022-11-08T19:07:30.222113+00:00
585,5371226214,11.29,2.05,buy,False,2022-11-08T19:07:29.007824+00:00
586,5371225628,11.29,2.2,buy,False,2022-11-08T19:07:27.838209+00:00
587,5371225060,11.29,2.25,buy,False,2022-11-08T19:07:26.625575+00:00
588,5371224423,11.29,1.95,buy,False,2022-11-08T19:07:25.400222+00:00
589,5371223791,11.29,2.05,buy,False,2022-11-08T19:07:24.024861+00:00
590,5371223571,11.29,2.0,buy,False,2022-11-08T19:07:23.484864+00:00
591,5371223086,11.29,2.1,buy,False,2022-11-08T19:07:22.105273+00:00
592,5371222602,11.29,2.2,buy,False,2022-11-08T19:07:20.913484+00:00
593,5371221861,11.29,2.2,buy,False,2022-11-08T19:07:19.703867+00:00
594,5371221420,11.29,1.95,buy,False,2022-11-08T19:07:18.511245+00:00
595,5371221037,11.29,2.0,buy,False,2022-11-08T19:07:17.598286+00:00
596,5371220623,11.29,2.05,buy,False,2022-11-08T19:07:16.404808+00:00
597,5371220268,11.29,2.1,buy,False,2022-11-08T19:07:15.219227+00:00
598,5371219815,11.29,2.0,buy,False,2022-11-08T19:07:14.016649+00:00
599,5371219273,11.29,2.0,buy,False,2022-11-08T19:07:12.810861+00:00
600,5371217955,11.29,6.55,buy,False,2022-11-08T19:07:09.549659+00:00
601,5371216354,11.29,8.25,buy,False,2022-11-08T19:07:05.607830+00:00
602,5371215322,11.29,4.05,buy,False,2022-11-08T19:07:03.208026+00:00
603,5371214642,11.29,2.5,buy,False,2022-11-08T19:07:02.008595+00:00
604,5371213568,11.29,7.1,buy,False,2022-11-08T19:06:58.408578+00:00
605,5371211872,11.29,7.6,buy,False,2022-11-08T19:06:54.512023+00:00
606,5371210653,11.29,7.1,buy,False,2022-11-08T19:06:50.899684+00:00
607,5371207904,11.29,16.6,buy,False,2022-11-08T19:06:43.403955+00:00
608,5371205276,11.29,15.3,buy,False,2022-11-08T19:06:36.505351+00:00
609,5371202282,11.29,18.9,buy,False,2022-11-08T19:06:28.519626+00:00
610,5371198284,11.29,28.85,buy,False,2022-11-08T19:06:17.297766+00:00
611,5371193944,11.29,28.6,buy,False,2022-11-08T19:06:06.207262+00:00
612,5371188808,11.29,33.3,buy,False,2022-11-08T19:05:53.946630+00:00
613,5371181013,11.29,45.35,buy,False,2022-11-08T19:05:38.925788+00:00
614,5371169423,11.29,67.05,buy,False,2022-11-08T19:05:12.745708+00:00
615,5371168976,11.29,65.25,buy,False,2022-11-08T19:05:12.201518+00:00
616,5371164483,11.29,29.1,buy,False,2022-11-08T19:05:04.792080+00:00
617,5371164482,11.285,10.8,buy,False,2022-11-08T19:05:04.792080+00:00
618,5371149732,10.73,22.55,sell,False,2022-11-08T19:04:27.213026+00:00
619,5371039089,10.695,96.15,sell,True,2022-11-08T19:00:35.707975+00:00
620,5371037237,10.705,1.0,sell,True,2022-11-08T19:00:32.299174+00:00
621,5371003444,10.705,10.8,sell,True,2022-11-08T18:59:47.499503+00:00
622,5370201386,11.2,3.1,buy,False,2022-11-08T18:34:00.592052+00:00
623,5370199715,11.2,3.3,buy,False,2022-11-08T18:33:58.783995+00:00
624,5370197693,11.2,2.95,buy,False,2022-11-08T18:33:56.996474+00:00
625,5370196050,11.2,3.6,buy,False,2022-11-08T18:33:55.202770+00:00
626,5370193513,11.2,8.4,buy,False,2022-11-08T18:33:50.980339+00:00
627,5370190358,11.2,7.1,buy,False,2022-11-08T18:33:47.378972+00:00
628,5370187367,11.2,5.9,buy,False,2022-11-08T18:33:44.090073+00:00
629,5370185901,11.2,3.35,buy,False,2022-11-08T18:33:42.298229+00:00
630,5370184755,11.2,3.7,buy,False,2022-11-08T18:33:40.504930+00:00
631,5370182415,11.2,3.4,buy,False,2022-11-08T18:33:37.123178+00:00
632,5370182150,11.2,3.7,buy,False,2022-11-08T18:33:36.581216+00:00
633,5370180874,11.2,3.35,buy,False,2022-11-08T18:33:34.805996+00:00
634,5370179308,11.2,4.05,buy,False,2022-11-08T18:33:32.765310+00:00
635,5370178013,11.2,4.1,buy,False,2022-11-08T18:33:30.579787+00:00
636,5370176389,11.2,4.0,buy,False,2022-11-08T18:33:28.177200+00:00
637,5370172833,11.2,7.9,buy,False,2022-11-08T18:33:24.302707+00:00
638,5370170026,11.2,8.15,buy,False,2022-11-08T18:33:20.091673+00:00
639,5370166734,11.2,6.9,buy,False,2022-11-08T18:33:16.804684+00:00
640,5370164831,11.2,3.35,buy,False,2022-11-08T18:33:14.707728+00:00
641,5370163492,11.2,2.95,buy,False,2022-11-08T18:33:12.227343+00:00
642,5370163188,11.2,3.15,buy,False,2022-11-08T18:33:11.696367+00:00
643,5370162152,11.2,3.35,buy,False,2022-11-08T18:33:09.886483+00:00
644,5370161356,11.2,3.15,buy,False,2022-11-08T18:33:08.833477+00:00
645,5370161014,11.2,3.35,buy,False,2022-11-08T18:33:08.304114+00:00
646,5370160743,11.2,3.25,buy,False,2022-11-08T18:33:07.767739+00:00
647,5370160384,11.2,3.45,buy,False,2022-11-08T18:33:07.234815+00:00
648,5370159663,11.2,3.7,buy,False,2022-11-08T18:33:06.704978+00:00
649,5370159126,11.2,3.45,buy,False,2022-11-08T18:33:06.167634+00:00
650,5370158913,11.2,3.4,buy,False,2022-11-08T18:33:05.632189+00:00
651,5370158583,11.2,3.65,buy,False,2022-11-08T18:33:05.101802+00:00
652,5370158354,11.2,3.15,buy,False,2022-11-08T18:33:04.563829+00:00
653,5368719820,11.5,10.6,buy,False,2022-11-08T18:04:00.291501+00:00
654,5368717604,11.5,9.1,buy,False,2022-11-08T18:03:55.780057+00:00
655,5368715380,11.5,8.9,buy,False,2022-11-08T18:03:51.291242+00:00
656,5368713179,11.5,6.3,buy,False,2022-11-08T18:03:47.976683+00:00
657,5368712305,11.5,3.5,buy,False,2022-11-08T18:03:46.187618+00:00
658,5368711469,11.5,3.4,buy,False,2022-11-08T18:03:44.383322+00:00
659,5368710737,11.5,3.2,buy,False,2022-11-08T18:03:42.589724+00:00
660,5368709759,11.5,3.2,buy,False,2022-11-08T18:03:40.778527+00:00
661,5368708719,11.5,3.15,buy,False,2022-11-08T18:03:39.042229+00:00
662,5368707563,11.5,3.45,buy,False,2022-11-08T18:03:37.182745+00:00
663,5368706541,11.5,3.45,buy,False,2022-11-08T18:03:35.089434+00:00
664,5368705613,11.5,3.25,buy,False,2022-11-08T18:03:33.279188+00:00
665,5368704662,11.5,3.1,buy,False,2022-11-08T18:03:31.840779+00:00
666,5368703915,11.5,3.6,buy,False,2022-11-08T18:03:29.737561+00:00
667,5368702989,11.5,3.15,buy,False,2022-11-08T18:03:27.975843+00:00
668,5368702419,11.5,3.0,buy,False,2022-11-08T18:03:26.418839+00:00
669,5368701437,11.5,3.35,buy,False,2022-11-08T18:03:24.301744+00:00
670,5368700772,11.5,3.35,buy,False,2022-11-08T18:03:22.489824+00:00
671,5368700040,11.5,3.5,buy,False,2022-11-08T18:03:20.689026+00:00
672,5368698099,11.5,3.5,buy,False,2022-11-08T18:03:18.580909+00:00
673,5368697632,11.5,2.85,buy,False,2022-11-08T18:03:17.083980+00:00
674,5368697090,11.5,3.05,buy,False,2022-11-08T18:03:15.283714+00:00
675,5368696063,11.5,3.25,buy,False,2022-11-08T18:03:13.531959+00:00
676,5368695384,11.5,2.65,buy,False,2022-11-08T18:03:11.513344+00:00
677,5368695219,11.5,2.95,buy,False,2022-11-08T18:03:10.977357+00:00
678,5368695070,11.5,2.8,buy,False,2022-11-08T18:03:10.441361+00:00
679,5368694868,11.5,2.95,buy,False,2022-11-08T18:03:09.882116+00:00
680,5368694657,11.5,2.7,buy,False,2022-11-08T18:03:09.339655+00:00
681,5368694506,11.5,2.8,buy,False,2022-11-08T18:03:08.774468+00:00
682,5368694315,11.5,2.65,buy,False,2022-11-08T18:03:08.234970+00:00
683,5368694036,11.5,2.25,buy,False,2022-11-08T18:03:07.702220+00:00
684,5368693752,11.5,2.7,buy,False,2022-11-08T18:03:07.170777+00:00
685,5368693554,11.5,2.75,buy,False,2022-11-08T18:03:06.640185+00:00
686,5368693285,11.5,2.1,buy,False,2022-11-08T18:03:06.102982+00:00
687,5368693069,11.5,1.9,buy,False,2022-11-08T18:03:05.566221+00:00
688,5368692838,11.5,1.85,buy,False,2022-11-08T18:03:05.021653+00:00
689,5368692484,11.5,2.25,buy,False,2022-11-08T18:03:04.480231+00:00
690,5368575572,11.465,2.05,buy,False,2022-11-08T17:59:44.868674+00:00
691,5368575512,11.465,1.8,buy,False,2022-11-08T17:59:44.675784+00:00
692,5368575046,11.465,2.0,buy,False,2022-11-08T17:59:43.541925+00:00
693,5368574488,11.465,2.1,buy,False,2022-11-08T17:59:42.284839+00:00
694,5368574005,11.465,1.7,buy,False,2022-11-08T17:59:41.370177+00:00
695,5368573533,11.465,1.9,buy,False,2022-11-08T17:59:40.512654+00:00
696,5368572947,11.465,1.75,buy,False,2022-11-08T17:59:39.282898+00:00
697,5368572175,11.465,2.05,buy,False,2022-11-08T17:59:38.095446+00:00
698,5368571052,11.465,1.85,buy,False,2022-11-08T17:59:37.545206+00:00
699,5368569811,11.465,2.05,buy,False,2022-11-08T17:59:36.972992+00:00
700,5368569457,11.465,1.75,buy,False,2022-11-08T17:59:36.439764+00:00
701,5368569168,11.465,1.95,buy,False,2022-11-08T17:59:35.907068+00:00
702,5368568666,11.465,1.85,buy,False,2022-11-08T17:59:35.361337+00:00
703,5368567944,11.465,1.8,buy,False,2022-11-08T17:59:34.780213+00:00
704,5368567691,11.465,1.95,buy,False,2022-11-08T17:59:34.250904+00:00
705,5368567166,11.465,1.6,buy,False,2022-11-08T17:59:33.563708+00:00
706,5368566966,11.465,1.45,buy,False,2022-11-08T17:59:32.994775+00:00
707,5368566550,11.465,1.55,buy,False,2022-11-08T17:59:32.453662+00:00
708,5368563636,11.465,2.0,buy,False,2022-11-08T17:59:24.285299+00:00
709,5368563310,11.465,1.9,buy,False,2022-11-08T17:59:23.083825+00:00
710,5368562945,11.465,1.9,buy,False,2022-11-08T17:59:22.238579+00:00
711,5368562304,11.465,2.1,buy,False,2022-11-08T17:59:20.975775+00:00
712,5368561750,11.465,1.85,buy,False,2022-11-08T17:59:19.808120+00:00
713,5368561364,11.465,1.8,buy,False,2022-11-08T17:59:18.895926+00:00
714,5368561010,11.465,1.95,buy,False,2022-11-08T17:59:17.665657+00:00
715,5368560569,11.465,2.1,buy,False,2022-11-08T17:59:16.527880+00:00
716,5368560319,11.465,1.8,buy,False,2022-11-08T17:59:15.584439+00:00
717,5368560052,11.465,1.8,buy,False,2022-11-08T17:59:14.676808+00:00
718,5368559730,11.465,2.1,buy,False,2022-11-08T17:59:13.476135+00:00
719,5368559347,11.465,1.95,buy,False,2022-11-08T17:59:12.359716+00:00
720,5368558649,11.465,2.05,buy,False,2022-11-08T17:59:11.085201+00:00
721,5368558292,11.465,1.85,buy,False,2022-11-08T17:59:10.180182+00:00
722,5368557891,11.465,2.0,buy,False,2022-11-08T17:59:08.989449+00:00
723,5368557419,11.465,2.05,buy,False,2022-11-08T17:59:07.801485+00:00
724,5368557041,11.465,1.9,buy,False,2022-11-08T17:59:06.628149+00:00
725,5368556744,11.465,1.85,buy,False,2022-11-08T17:59:05.677695+00:00
726,5368556124,11.465,2.2,buy,False,2022-11-08T17:59:04.586955+00:00
727,5368555640,11.465,1.9,buy,False,2022-11-08T17:59:03.269699+00:00
728,5368555342,11.465,1.85,buy,False,2022-11-08T17:59:02.472025+00:00
729,5368554647,11.465,1.9,buy,False,2022-11-08T17:59:01.175755+00:00
730,5368554112,11.465,2.0,buy,False,2022-11-08T17:58:59.995243+00:00
731,5368553065,11.465,2.25,buy,False,2022-11-08T17:58:58.783062+00:00
732,5368552474,11.465,2.25,buy,False,2022-11-08T17:58:56.927321+00:00
733,5368552313,11.465,1.95,buy,False,2022-11-08T17:58:56.391156+00:00
734,5368551976,11.465,2.35,buy,False,2022-11-08T17:58:55.199650+00:00
735,5368551531,11.465,2.05,buy,False,2022-11-08T17:58:53.986965+00:00
736,5368550769,11.465,2.3,buy,False,2022-11-08T17:58:52.778855+00:00
737,5368550211,11.465,2.45,buy,False,2022-11-08T17:58:51.279651+00:00
738,5368549668,11.465,2.3,buy,False,2022-11-08T17:58:50.238776+00:00
739,5368549478,11.465,2.45,buy,False,2022-11-08T17:58:49.705870+00:00
740,5368549363,11.465,1.4,buy,False,2022-11-08T17:58:49.170290+00:00
741,5368549273,11.465,1.5,buy,False,2022-11-08T17:58:48.624738+00:00
742,5368549193,11.465,1.6,buy,False,2022-11-08T17:58:48.096844+00:00
743,5368547592,11.465,2.25,buy,False,2022-11-08T17:58:44.383315+00:00
744,5368547050,11.465,2.45,buy,False,2022-11-08T17:58:42.961172+00:00
745,5368546189,11.465,2.7,buy,False,2022-11-08T17:58:41.381893+00:00
746,5368545772,11.465,2.4,buy,False,2022-11-08T17:58:40.275161+00:00
747,5368544814,11.465,3.05,buy,False,2022-11-08T17:58:38.402833+00:00
748,5368544417,11.465,2.95,buy,False,2022-11-08T17:58:36.880858+00:00
749,5368543893,11.465,2.4,buy,False,2022-11-08T17:58:35.409639+00:00
750,5368543539,11.465,2.05,buy,False,2022-11-08T17:58:34.197680+00:00
751,5368543291,11.465,1.95,buy,False,2022-11-08T17:58:33.295733+00:00
752,5368542295,11.465,3.8,buy,False,2022-11-08T17:58:31.194693+00:00
753,5368541178,11.465,3.9,buy,False,2022-11-08T17:58:29.076714+00:00
754,5368540755,11.465,2.05,buy,False,2022-11-08T17:58:27.899726+00:00
755,5368540261,11.465,1.8,buy,False,2022-11-08T17:58:26.681376+00:00
756,5368539603,11.465,1.7,buy,False,2022-11-08T17:58:25.790787+00:00
757,5368539202,11.465,1.7,buy,False,2022-11-08T17:58:24.889691+00:00
758,5368538783,11.465,1.9,buy,False,2022-11-08T17:58:23.691567+00:00
759,5368538438,11.465,1.75,buy,False,2022-11-08T17:58:22.830565+00:00
760,5368537934,11.465,1.7,buy,False,2022-11-08T17:58:21.872245+00:00
761,5368537456,11.465,1.9,buy,False,2022-11-08T17:58:20.684805+00:00
762,5368537103,11.465,1.7,buy,False,2022-11-08T17:58:19.785505+00:00
763,5368536772,11.465,1.9,buy,False,2022-11-08T17:58:19.162893+00:00
764,5368536608,11.465,1.75,buy,False,2022-11-08T17:58:18.626765+00:00
765,5368536468,11.465,1.85,buy,False,2022-11-08T17:58:18.094658+00:00
766,5368536308,11.465,1.65,buy,False,2022-11-08T17:58:17.561608+00:00
767,5368536147,11.465,1.6,buy,False,2022-11-08T17:58:17.022288+00:00
768,5368535992,11.465,1.6,buy,False,2022-11-08T17:58:16.484614+00:00
769,5368535458,11.465,1.6,buy,False,2022-11-08T17:58:15.946153+00:00
770,5368535242,11.465,1.8,buy,False,2022-11-08T17:58:15.231975+00:00
771,5368535034,11.465,1.45,buy,False,2022-11-08T17:58:14.648005+00:00
772,5368534820,11.465,1.45,buy,False,2022-11-08T17:58:14.110948+00:00
773,5368534589,11.465,1.7,buy,False,2022-11-08T17:58:13.425917+00:00
774,5368534254,11.465,1.7,buy,False,2022-11-08T17:58:12.837275+00:00
775,5368534099,11.465,1.55,buy,False,2022-11-08T17:58:12.306950+00:00
776,5368533872,11.465,1.55,buy,False,2022-11-08T17:58:11.776565+00:00
777,5368533700,11.465,1.85,buy,False,2022-11-08T17:58:11.218380+00:00
778,5368533439,11.465,1.35,buy,False,2022-11-08T17:58:10.675720+00:00
779,5368533162,11.465,1.5,buy,False,2022-11-08T17:58:10.117810+00:00
780,5368527129,11.465,1.8,buy,False,2022-11-08T17:57:54.326874+00:00
781,5368526356,11.465,2.0,buy,False,2022-11-08T17:57:53.088077+00:00
782,5368526054,11.465,1.85,buy,False,2022-11-08T17:57:52.181630+00:00
783,5368525560,11.465,1.9,buy,False,2022-11-08T17:57:51.001270+00:00
784,5368524787,11.465,2.1,buy,False,2022-11-08T17:57:49.784765+00:00
785,5368524299,11.465,1.95,buy,False,2022-11-08T17:57:48.633009+00:00
786,5368523675,11.465,2.0,buy,False,2022-11-08T17:57:47.674128+00:00
787,5368523080,11.465,2.05,buy,False,2022-11-08T17:57:46.485887+00:00
788,5368522307,11.465,1.85,buy,False,2022-11-08T17:57:45.283485+00:00
789,5368521931,11.465,1.9,buy,False,2022-11-08T17:57:44.384976+00:00
790,5368521351,11.465,1.8,buy,False,2022-11-08T17:57:43.182911+00:00
791,5368521091,11.465,1.95,buy,False,2022-11-08T17:57:42.281446+00:00
792,5368520596,11.465,1.8,buy,False,2022-11-08T17:57:41.120846+00:00
793,5368520127,11.465,2.15,buy,False,2022-11-08T17:57:39.858732+00:00
794,5368519422,11.465,2.1,buy,False,2022-11-08T17:57:38.718637+00:00
795,5368519054,11.465,1.9,buy,False,2022-11-08T17:57:37.777807+00:00
796,5368518582,11.465,1.95,buy,False,2022-11-08T17:57:36.623671+00:00
797,5368518007,11.465,1.95,buy,False,2022-11-08T17:57:35.385501+00:00
798,5368517644,11.465,1.8,buy,False,2022-11-08T17:57:34.491478+00:00
799,5368516881,11.465,1.85,buy,False,2022-11-08T17:57:33.275176+00:00
800,5368516505,11.465,1.9,buy,False,2022-11-08T17:57:32.372984+00:00
801,5368516042,11.465,1.8,buy,False,2022-11-08T17:57:31.182149+00:00
802,5368515479,11.465,2.05,buy,False,2022-11-08T17:57:30.283573+00:00
803,5368514924,11.465,2.0,buy,False,2022-11-08T17:57:29.076310+00:00
804,5368514435,11.465,1.8,buy,False,2022-11-08T17:57:27.882062+00:00
805,5368514039,11.465,1.8,buy,False,2022-11-08T17:57:26.966900+00:00
806,5368513786,11.465,1.7,buy,False,2022-11-08T17:57:26.286776+00:00
807,5368513468,11.465,2.0,buy,False,2022-11-08T17:57:25.750553+00:00
808,5368513280,11.465,1.95,buy,False,2022-11-08T17:57:25.185260+00:00
809,5368513105,11.465,1.75,buy,False,2022-11-08T17:57:24.652908+00:00
810,5368512805,11.465,1.8,buy,False,2022-11-08T17:57:24.117726+00:00
811,5368512288,11.465,1.9,buy,False,2022-11-08T17:57:23.566852+00:00
812,5368512058,11.465,1.95,buy,False,2022-11-08T17:57:23.037484+00:00
813,5368511901,11.465,1.7,buy,False,2022-11-08T17:57:22.499873+00:00
814,5368511771,11.465,1.7,buy,False,2022-11-08T17:57:21.961794+00:00
815,5368511494,11.465,1.9,buy,False,2022-11-08T17:57:21.229023+00:00
816,5368511286,11.465,1.7,buy,False,2022-11-08T17:57:20.690933+00:00
817,5368511023,11.465,1.9,buy,False,2022-11-08T17:57:20.158161+00:00
818,5368510873,11.465,1.9,buy,False,2022-11-08T17:57:19.623375+00:00
819,5368510405,11.465,1.9,buy,False,2022-11-08T17:57:19.034932+00:00
820,5368510054,11.465,1.75,buy,False,2022-11-08T17:57:18.418198+00:00
821,5368509910,11.465,1.75,buy,False,2022-11-08T17:57:17.877777+00:00
822,5368509586,11.465,1.9,buy,False,2022-11-08T17:57:17.332348+00:00
823,5368509392,11.465,1.75,buy,False,2022-11-08T17:57:16.788964+00:00
824,5368509141,11.465,1.65,buy,False,2022-11-08T17:57:16.239075+00:00
825,5368508897,11.465,1.5,buy,False,2022-11-08T17:57:15.648232+00:00
826,5367424178,11.64,1.45,sell,False,2022-11-08T17:20:29.691089+00:00
827,5367423804,11.64,1.45,sell,False,2022-11-08T17:20:29.161464+00:00
828,5367348133,11.59,0.45,sell,False,2022-11-08T17:17:41.369282+00:00
829,5367347875,11.59,3.3,sell,False,2022-11-08T17:17:41.066909+00:00
830,5367347748,11.59,6.65,sell,False,2022-11-08T17:17:40.567078+00:00
831,5367347593,11.59,13.25,sell,False,2022-11-08T17:17:40.099789+00:00
832,5367159827,11.39,25.35,buy,False,2022-11-08T17:10:11.569914+00:00
833,5367159667,11.39,55.55,buy,False,2022-11-08T17:10:11.029395+00:00
834,5367157497,11.415,15.6,buy,False,2022-11-08T17:10:03.851305+00:00
835,5367155309,11.415,16.25,buy,False,2022-11-08T17:09:56.616660+00:00
836,5367152557,11.415,14.7,buy,False,2022-11-08T17:09:49.728619+00:00
837,5367149417,11.415,17.1,buy,False,2022-11-08T17:09:42.230159+00:00
838,5367147181,11.415,2.0,buy,False,2022-11-08T17:09:34.713711+00:00
839,5367147180,11.415,14.95,buy,False,2022-11-08T17:09:34.713711+00:00
840,5367145099,11.415,17.35,buy,False,2022-11-08T17:09:26.924667+00:00
841,5367142417,11.415,17.05,buy,False,2022-11-08T17:09:19.415737+00:00
842,5367139931,11.415,14.35,buy,False,2022-11-08T17:09:12.819010+00:00
843,5367138384,11.415,7.1,buy,False,2022-11-08T17:09:08.922239+00:00
844,5367137414,11.415,7.5,buy,False,2022-11-08T17:09:05.332285+00:00
845,5367137069,11.415,6.75,buy,False,2022-11-08T17:09:04.727635+00:00
846,5367136956,11.415,8.0,buy,False,2022-11-08T17:09:04.095854+00:00
847,5367136772,11.415,6.95,buy,False,2022-11-08T17:09:03.569238+00:00
848,5367129091,11.35,0.75,buy,False,2022-11-08T17:08:35.920788+00:00
849,5367128971,11.35,1.35,buy,False,2022-11-08T17:08:35.322492+00:00
850,5367128750,11.35,1.45,buy,False,2022-11-08T17:08:34.482663+00:00
851,5367128032,11.35,1.6,buy,False,2022-11-08T17:08:32.911770+00:00
852,5367127873,11.35,1.45,buy,False,2022-11-08T17:08:32.305113+00:00
853,5367127687,11.35,1.4,buy,False,2022-11-08T17:08:31.715953+00:00
854,5367127533,11.35,1.6,buy,False,2022-11-08T17:08:31.115776+00:00
855,5367127397,11.35,20.0,buy,False,2022-11-08T17:08:30.733796+00:00
856,5367127312,11.35,1.55,buy,False,2022-11-08T17:08:30.518652+00:00
857,5367127157,11.35,1.4,buy,False,2022-11-08T17:08:29.926252+00:00
858,5367127018,11.35,1.55,buy,False,2022-11-08T17:08:29.322919+00:00
859,5367126848,11.35,1.45,buy,False,2022-11-08T17:08:28.720266+00:00
860,5367126698,11.35,1.6,buy,False,2022-11-08T17:08:28.117709+00:00
861,5367126561,11.35,1.35,buy,False,2022-11-08T17:08:27.530739+00:00
862,5367126312,11.35,1.45,buy,False,2022-11-08T17:08:26.921760+00:00
863,5367126147,11.35,1.55,buy,False,2022-11-08T17:08:26.351105+00:00
864,5367125980,11.35,1.55,buy,False,2022-11-08T17:08:25.751859+00:00
865,5367125829,11.35,1.45,buy,False,2022-11-08T17:08:25.108272+00:00
866,5367125658,11.35,1.5,buy,False,2022-11-08T17:08:24.220847+00:00
867,5367125177,11.35,1.45,buy,False,2022-11-08T17:08:23.197631+00:00
868,5367125070,11.35,1.5,buy,False,2022-11-08T17:08:22.615848+00:00
869,5367124938,11.35,1.6,buy,False,2022-11-08T17:08:22.074465+00:00
870,5367124829,11.35,1.45,buy,False,2022-11-08T17:08:21.536060+00:00
871,5367124644,11.35,1.7,buy,False,2022-11-08T17:08:20.905651+00:00
872,5367124466,11.35,1.55,buy,False,2022-11-08T17:08:20.319302+00:00
873,5367124307,11.35,1.6,buy,False,2022-11-08T17:08:19.735394+00:00
874,5367124170,11.35,1.7,buy,False,2022-11-08T17:08:19.201226+00:00
875,5367123897,11.35,1.55,buy,False,2022-11-08T17:08:18.659126+00:00
876,5367123743,11.35,1.75,buy,False,2022-11-08T17:08:18.125360+00:00
877,5367123567,11.35,2.1,buy,False,2022-11-08T17:08:17.561579+00:00
878,5367123319,11.35,1.7,buy,False,2022-11-08T17:08:17.027577+00:00
879,5367122685,11.35,5.45,buy,False,2022-11-08T17:08:15.528001+00:00
880,5367122564,11.35,1.4,buy,False,2022-11-08T17:08:14.995744+00:00
881,5367121999,11.35,1.45,buy,False,2022-11-08T17:08:13.362001+00:00
882,5367121867,11.35,1.55,buy,False,2022-11-08T17:08:12.834256+00:00
883,5367121716,11.35,1.5,buy,False,2022-11-08T17:08:12.214484+00:00
884,5367121495,11.35,1.6,buy,False,2022-11-08T17:08:11.627854+00:00
885,5367121260,11.35,1.65,buy,False,2022-11-08T17:08:11.096094+00:00
886,5367121129,11.35,1.7,buy,False,2022-11-08T17:08:10.562364+00:00
887,5367120819,11.35,1.55,buy,False,2022-11-08T17:08:09.982720+00:00
888,5367120691,11.35,1.55,buy,False,2022-11-08T17:08:09.390041+00:00
889,5367120453,11.35,1.55,buy,False,2022-11-08T17:08:08.796322+00:00
890,5367120286,11.35,1.4,buy,False,2022-11-08T17:08:08.258365+00:00
891,5367119961,11.35,1.45,buy,False,2022-11-08T17:08:07.721278+00:00
892,5367119784,11.35,1.7,buy,False,2022-11-08T17:08:07.119057+00:00
893,5367119627,11.35,1.6,buy,False,2022-11-08T17:08:06.583329+00:00
894,5367119480,11.35,1.4,buy,False,2022-11-08T17:08:06.045528+00:00
895,5367119301,11.35,1.5,buy,False,2022-11-08T17:08:05.508019+00:00
896,5367119068,11.35,1.45,buy,False,2022-11-08T17:08:04.966033+00:00
897,5367118905,11.35,1.45,buy,False,2022-11-08T17:08:04.426084+00:00
898,5367118888,11.35,100.0,buy,False,2022-11-08T17:08:04.385827+00:00
899,5367118687,11.35,1.45,buy,False,2022-11-08T17:08:03.890552+00:00
900,5367118483,11.35,1.5,buy,False,2022-11-08T17:08:03.357792+00:00
901,5367118209,11.35,1.45,buy,False,2022-11-08T17:08:02.818592+00:00
902,5367118062,11.35,1.6,buy,False,2022-11-08T17:08:02.286690+00:00
903,5367117803,11.35,1.45,buy,False,2022-11-08T17:08:01.754703+00:00
904,5367117682,11.35,1.7,buy,False,2022-11-08T17:08:01.223310+00:00
905,5367117666,11.35,100.0,buy,False,2022-11-08T17:08:01.140507+00:00
906,5367117511,11.35,1.65,buy,False,2022-11-08T17:08:00.641425+00:00
907,5367117311,11.35,1.55,buy,False,2022-11-08T17:07:59.917047+00:00
908,5367117164,11.35,1.55,buy,False,2022-11-08T17:07:59.378389+00:00
909,5367116715,11.35,1.7,buy,False,2022-11-08T17:07:58.298812+00:00
910,5367116584,11.35,1.5,buy,False,2022-11-08T17:07:57.768524+00:00
911,5367116463,11.35,1.4,buy,False,2022-11-08T17:07:57.235260+00:00
912,5367116042,11.35,1.4,buy,False,2022-11-08T17:07:55.703098+00:00
913,5367115576,11.35,4.65,buy,False,2022-11-08T17:07:54.758642+00:00
914,5367115412,11.35,3.45,buy,False,2022-11-08T17:07:54.219843+00:00
915,5367115262,11.35,3.25,buy,False,2022-11-08T17:07:53.682398+00:00
916,5367115063,11.35,1.55,buy,False,2022-11-08T17:07:53.133397+00:00
917,5367114757,11.35,1.7,buy,False,2022-11-08T17:07:52.599356+00:00
918,5367114608,11.35,1.7,buy,False,2022-11-08T17:07:52.072795+00:00
919,5367114507,11.35,2.2,buy,False,2022-11-08T17:07:51.524800+00:00
920,5367114302,11.35,1.45,buy,False,2022-11-08T17:07:50.987930+00:00
921,5367113912,11.35,1.5,buy,False,2022-11-08T17:07:50.338713+00:00
922,5367113753,11.35,1.5,buy,False,2022-11-08T17:07:49.743899+00:00
923,5367113628,11.35,1.7,buy,False,2022-11-08T17:07:49.185636+00:00
924,5367113468,11.35,1.4,buy,False,2022-11-08T17:07:48.533885+00:00
925,5367113200,11.35,1.35,buy,False,2022-11-08T17:07:47.909184+00:00
926,5367113057,11.35,1.5,buy,False,2022-11-08T17:07:47.360603+00:00
927,5367112891,11.35,1.55,buy,False,2022-11-08T17:07:46.738794+00:00
928,5367112680,11.35,1.35,buy,False,2022-11-08T17:07:46.113484+00:00
929,5367112403,11.35,1.55,buy,False,2022-11-08T17:07:45.520074+00:00
930,5367112228,11.35,1.6,buy,False,2022-11-08T17:07:44.924868+00:00
931,5367111966,11.35,1.5,buy,False,2022-11-08T17:07:44.315303+00:00
932,5367111739,11.35,1.55,buy,False,2022-11-08T17:07:43.713935+00:00
933,5367111450,11.35,1.35,buy,False,2022-11-08T17:07:43.112620+00:00
934,5367111213,11.35,1.6,buy,False,2022-11-08T17:07:42.510733+00:00
935,5367111053,11.35,1.6,buy,False,2022-11-08T17:07:41.963819+00:00
936,5367110754,11.35,1.6,buy,False,2022-11-08T17:07:41.304458+00:00
937,5367110591,11.35,1.4,buy,False,2022-11-08T17:07:40.720953+00:00
938,5367110402,11.35,1.55,buy,False,2022-11-08T17:07:40.125273+00:00
939,5367110101,11.35,1.55,buy,False,2022-11-08T17:07:39.524915+00:00
940,5367109794,11.35,1.4,buy,False,2022-11-08T17:07:38.946241+00:00
941,5367109511,11.35,1.55,buy,False,2022-11-08T17:07:38.320727+00:00
942,5367109208,11.35,1.6,buy,False,2022-11-08T17:07:37.715610+00:00
943,5367109067,11.35,1.6,buy,False,2022-11-08T17:07:37.113346+00:00
944,5367108915,11.35,1.6,buy,False,2022-11-08T17:07:36.531148+00:00
945,5367108532,11.35,1.55,buy,False,2022-11-08T17:07:35.922805+00:00
946,5367108169,11.35,1.55,buy,False,2022-11-08T17:07:35.304692+00:00
947,5367107935,11.35,1.35,buy,False,2022-11-08T17:07:34.706169+00:00
948,5367107603,11.35,1.6,buy,False,2022-11-08T17:07:34.115798+00:00
949,5367107443,11.35,1.6,buy,False,2022-11-08T17:07:33.515989+00:00
950,5367107250,11.35,1.45,buy,False,2022-11-08T17:07:32.912780+00:00
951,5367107028,11.35,1.55,buy,False,2022-11-08T17:07:32.313697+00:00
952,5367106858,11.35,1.6,buy,False,2022-11-08T17:07:31.712920+00:00
953,5367106634,11.35,1.5,buy,False,2022-11-08T17:07:31.112648+00:00
954,5367106417,11.35,1.7,buy,False,2022-11-08T17:07:30.530103+00:00
955,5367106177,11.35,1.5,buy,False,2022-11-08T17:07:29.909812+00:00
956,5367105918,11.35,1.45,buy,False,2022-11-08T17:07:29.355715+00:00
957,5367105807,11.35,1.45,buy,False,2022-11-08T17:07:28.825130+00:00
958,5367105539,11.35,1.45,buy,False,2022-11-08T17:07:28.122489+00:00
959,5367105386,11.35,1.45,buy,False,2022-11-08T17:07:27.523224+00:00
960,5367105185,11.35,1.35,buy,False,2022-11-08T17:07:26.912706+00:00
961,5367104929,11.35,1.55,buy,False,2022-11-08T17:07:26.318372+00:00
962,5367104769,11.35,1.55,buy,False,2022-11-08T17:07:25.772748+00:00
963,5367104597,11.35,1.55,buy,False,2022-11-08T17:07:25.144452+00:00
964,5367104394,11.35,1.65,buy,False,2022-11-08T17:07:24.547124+00:00
965,5367104176,11.35,1.5,buy,False,2022-11-08T17:07:23.904676+00:00
966,5367104023,11.35,1.45,buy,False,2022-11-08T17:07:23.319217+00:00
967,5367103667,11.35,1.45,buy,False,2022-11-08T17:07:22.705096+00:00
968,5367103491,11.35,1.55,buy,False,2022-11-08T17:07:22.133954+00:00
969,5367103319,11.35,1.6,buy,False,2022-11-08T17:07:21.510188+00:00
970,5367103163,11.35,1.55,buy,False,2022-11-08T17:07:20.951674+00:00
971,5367102877,11.35,1.5,buy,False,2022-11-08T17:07:20.329109+00:00
972,5367102699,11.35,1.45,buy,False,2022-11-08T17:07:19.712320+00:00
973,5367102557,11.35,1.65,buy,False,2022-11-08T17:07:19.173479+00:00
974,5367102348,11.35,1.65,buy,False,2022-11-08T17:07:18.641341+00:00
975,5367101946,11.35,1.45,buy,False,2022-11-08T17:07:17.910964+00:00
976,5367101660,11.35,1.4,buy,False,2022-11-08T17:07:17.334242+00:00
977,5367101446,11.35,1.5,buy,False,2022-11-08T17:07:16.706656+00:00
978,5367101243,11.35,1.65,buy,False,2022-11-08T17:07:16.118752+00:00
979,5367101044,11.35,1.35,buy,False,2022-11-08T17:07:15.502210+00:00
980,5367100832,11.35,1.6,buy,False,2022-11-08T17:07:14.973489+00:00
981,5367100616,11.35,1.45,buy,False,2022-11-08T17:07:14.435714+00:00
982,5367100466,11.35,1.35,buy,False,2022-11-08T17:07:13.903243+00:00
983,5367100323,11.35,1.5,buy,False,2022-11-08T17:07:13.375574+00:00
984,5367100192,11.35,1.4,buy,False,2022-11-08T17:07:12.742211+00:00
985,5367099776,11.35,1.4,buy,False,2022-11-08T17:07:12.209711+00:00
986,5367099567,11.35,2.5,buy,False,2022-11-08T17:07:11.682856+00:00
987,5367099281,11.35,1.65,buy,False,2022-11-08T17:07:11.146861+00:00
988,5367098971,11.35,1.7,buy,False,2022-11-08T17:07:10.605572+00:00
989,5367098807,11.35,2.25,buy,False,2022-11-08T17:07:10.062460+00:00
990,5367098459,11.35,1.6,buy,False,2022-11-08T17:07:09.209580+00:00
991,5367098251,11.35,1.45,buy,False,2022-11-08T17:07:08.635669+00:00
992,5367098050,11.35,1.45,buy,False,2022-11-08T17:07:08.015161+00:00
993,5367097895,11.35,1.55,buy,False,2022-11-08T17:07:07.444777+00:00
994,5367097688,11.35,1.4,buy,False,2022-11-08T17:07:06.814375+00:00
995,5367097528,11.35,1.55,buy,False,2022-11-08T17:07:06.231082+00:00
996,5367097155,11.35,1.6,buy,False,2022-11-08T17:07:05.410070+00:00
997,5367096933,11.35,1.4,buy,False,2022-11-08T17:07:04.712265+00:00
998,5367096818,11.35,1.55,buy,False,2022-11-08T17:07:04.123832+00:00
999,5367096714,11.35,1.7,buy,False,2022-11-08T17:07:03.531039+00:00
1000,5367096430,11.35,1.55,buy,False,2022-11-08T17:07:02.606851+00:00
1001,5367096191,11.35,1.45,buy,False,2022-11-08T17:07:02.014076+00:00
1002,5367096043,11.35,1.4,buy,False,2022-11-08T17:07:01.417140+00:00
1003,5367095918,11.35,1.35,buy,False,2022-11-08T17:07:00.812860+00:00
1004,5367095726,11.35,1.45,buy,False,2022-11-08T17:07:00.254767+00:00
1005,5367095461,11.35,1.55,buy,False,2022-11-08T17:06:59.612193+00:00
1006,5367095021,11.35,1.65,buy,False,2022-11-08T17:06:59.006050+00:00
1007,5367094826,11.35,1.45,buy,False,2022-11-08T17:06:58.135799+00:00
1008,5367094669,11.35,1.5,buy,False,2022-11-08T17:06:57.531803+00:00
1009,5367094479,11.35,1.4,buy,False,2022-11-08T17:06:56.944783+00:00
1010,5367094180,11.35,1.65,buy,False,2022-11-08T17:06:56.404700+00:00
1011,5367094014,11.35,1.4,buy,False,2022-11-08T17:06:55.872063+00:00
1012,5367093868,11.35,1.45,buy,False,2022-11-08T17:06:55.250680+00:00
1013,5367093686,11.35,1.45,buy,False,2022-11-08T17:06:54.642900+00:00
1014,5367093208,11.35,1.8,buy,False,2022-11-08T17:06:53.555233+00:00
1015,5367093100,11.35,1.35,buy,False,2022-11-08T17:06:53.015236+00:00
1016,5367092983,11.35,1.45,buy,False,2022-11-08T17:06:52.435490+00:00
1017,5367092839,11.35,1.4,buy,False,2022-11-08T17:06:51.824032+00:00
1018,5367092566,11.35,1.35,buy,False,2022-11-08T17:06:51.228825+00:00
1019,5367092424,11.35,1.45,buy,False,2022-11-08T17:06:50.627159+00:00
1020,5367092159,11.35,1.65,buy,False,2022-11-08T17:06:50.045818+00:00
1021,5367091507,11.35,1.55,buy,False,2022-11-08T17:06:49.108923+00:00
1022,5367091322,11.35,1.5,buy,False,2022-11-08T17:06:48.515659+00:00
1023,5367091107,11.35,1.6,buy,False,2022-11-08T17:06:47.937669+00:00
1024,5367090934,11.35,1.4,buy,False,2022-11-08T17:06:47.363686+00:00
1025,5367090621,11.35,1.55,buy,False,2022-11-08T17:06:46.744734+00:00
1026,5367090436,11.35,1.4,buy,False,2022-11-08T17:06:46.149948+00:00
1027,5367090051,11.35,1.4,buy,False,2022-11-08T17:06:45.246194+00:00
1028,5367089896,11.35,1.45,buy,False,2022-11-08T17:06:44.613052+00:00
1029,5367089586,11.35,1.45,buy,False,2022-11-08T17:06:44.015721+00:00
1030,5367089171,11.35,1.45,buy,False,2022-11-08T17:06:43.422113+00:00
1031,5367088906,11.35,1.55,buy,False,2022-11-08T17:06:42.812256+00:00
1032,5367088697,11.35,1.7,buy,False,2022-11-08T17:06:42.213846+00:00
1033,5367088478,11.35,1.45,buy,False,2022-11-08T17:06:41.608837+00:00
1034,5367088216,11.35,1.55,buy,False,2022-11-08T17:06:40.717286+00:00
1035,5367088017,11.35,1.6,buy,False,2022-11-08T17:06:40.116640+00:00
1036,5367087795,11.35,1.7,buy,False,2022-11-08T17:06:39.536097+00:00
1037,5367087189,11.35,1.55,buy,False,2022-11-08T17:06:38.628134+00:00
1038,5367086954,11.35,1.6,buy,False,2022-11-08T17:06:38.020244+00:00
1039,5367086739,11.35,1.45,buy,False,2022-11-08T17:06:37.436335+00:00
1040,5367086345,11.35,1.55,buy,False,2022-11-08T17:06:36.822073+00:00
1041,5367085730,11.35,1.5,buy,False,2022-11-08T17:06:35.954446+00:00
1042,5367085407,11.35,1.6,buy,False,2022-11-08T17:06:35.340041+00:00
1043,5367085153,11.35,1.55,buy,False,2022-11-08T17:06:34.723961+00:00
1044,5367084919,11.35,1.35,buy,False,2022-11-08T17:06:34.150539+00:00
1045,5367084561,11.35,1.35,buy,False,2022-11-08T17:06:33.541809+00:00
1046,5367084124,11.35,1.35,buy,False,2022-11-08T17:06:32.915209+00:00
1047,5367083861,11.35,1.55,buy,False,2022-11-08T17:06:32.316262+00:00
1048,5367083576,11.35,1.4,buy,False,2022-11-08T17:06:31.781073+00:00
1049,5367083278,11.35,1.55,buy,False,2022-11-08T17:06:31.121013+00:00
1050,5367083026,11.35,1.55,buy,False,2022-11-08T17:06:30.520217+00:00
1051,5367082689,11.35,1.45,buy,False,2022-11-08T17:06:29.817016+00:00
1052,5367082500,11.35,1.35,buy,False,2022-11-08T17:06:29.282186+00:00
1053,5367082255,11.35,1.5,buy,False,2022-11-08T17:06:28.650506+00:00
1054,5367082009,11.35,1.4,buy,False,2022-11-08T17:06:28.020070+00:00
1055,5367081585,11.35,1.6,buy,False,2022-11-08T17:06:27.394793+00:00
1056,5367081167,11.35,1.35,buy,False,2022-11-08T17:06:26.618311+00:00
1057,5367080945,11.35,1.55,buy,False,2022-11-08T17:06:26.079694+00:00
1058,5367080537,11.35,1.55,buy,False,2022-11-08T17:06:25.161458+00:00
1059,5367079262,11.35,1.6,buy,False,2022-11-08T17:06:24.524287+00:00
1060,5367078951,11.35,1.35,buy,False,2022-11-08T17:06:23.912329+00:00
1061,5367078612,11.35,1.35,buy,False,2022-11-08T17:06:23.331637+00:00
1062,5367078294,11.35,1.45,buy,False,2022-11-08T17:06:22.695394+00:00
1063,5367077865,11.35,1.35,buy,False,2022-11-08T17:06:22.148604+00:00
1064,5367077595,11.35,1.6,buy,False,2022-11-08T17:06:21.516457+00:00
1065,5367077305,11.35,1.35,buy,False,2022-11-08T17:06:20.911687+00:00
1066,5367077012,11.35,1.45,buy,False,2022-11-08T17:06:20.313787+00:00
1067,5367076572,11.35,1.6,buy,False,2022-11-08T17:06:19.722154+00:00
1068,5367076260,11.35,1.45,buy,False,2022-11-08T17:06:19.114104+00:00
1069,5367075835,11.35,1.6,buy,False,2022-11-08T17:06:18.239564+00:00
1070,5367075574,11.35,1.6,buy,False,2022-11-08T17:06:17.608458+00:00
1071,5367075315,11.35,1.6,buy,False,2022-11-08T17:06:17.015637+00:00
1072,5367075080,11.35,1.55,buy,False,2022-11-08T17:06:16.419059+00:00
1073,5367074682,11.35,1.55,buy,False,2022-11-08T17:06:15.569086+00:00
1074,5367074450,11.35,1.5,buy,False,2022-11-08T17:06:15.033278+00:00
1075,5367073867,11.35,1.45,buy,False,2022-11-08T17:06:13.799248+00:00
1076,5367073533,11.35,1.45,buy,False,2022-11-08T17:06:13.174737+00:00
1077,5367073264,11.35,1.55,buy,False,2022-11-08T17:06:12.646095+00:00
1078,5367073031,11.35,1.7,buy,False,2022-11-08T17:06:12.108823+00:00
1079,5367072656,11.35,1.75,buy,False,2022-11-08T17:06:11.574175+00:00
1080,5367071485,11.35,1.4,buy,False,2022-11-08T17:06:11.035282+00:00
1081,5367069497,11.35,6.3,buy,False,2022-11-08T17:06:07.970943+00:00
1082,5367069063,11.35,3.75,buy,False,2022-11-08T17:06:07.432619+00:00
1083,5367068760,11.35,2.45,buy,False,2022-11-08T17:06:06.851278+00:00
1084,5367068595,11.35,1.6,buy,False,2022-11-08T17:06:06.316160+00:00
1085,5367068310,11.35,1.35,buy,False,2022-11-08T17:06:05.629183+00:00
1086,5367067938,11.35,1.55,buy,False,2022-11-08T17:06:05.038650+00:00
1087,5367067341,11.35,1.55,buy,False,2022-11-08T17:06:04.124133+00:00
1088,5367066815,11.35,1.5,buy,False,2022-11-08T17:06:03.585315+00:00
1089,5367066342,11.35,1.4,buy,False,2022-11-08T17:06:02.698306+00:00
1090,5367066090,11.35,1.4,buy,False,2022-11-08T17:06:02.050457+00:00
1091,5367065858,11.35,1.6,buy,False,2022-11-08T17:06:01.408738+00:00
1092,5367065384,11.35,1.6,buy,False,2022-11-08T17:06:00.522937+00:00
1093,5367065006,11.35,1.45,buy,False,2022-11-08T17:05:59.911016+00:00
1094,5367064720,11.35,1.55,buy,False,2022-11-08T17:05:59.062636+00:00
1095,5367064493,11.35,1.55,buy,False,2022-11-08T17:05:58.408545+00:00
1096,5367064312,11.35,1.5,buy,False,2022-11-08T17:05:57.732733+00:00
1097,5367063745,11.35,1.45,buy,False,2022-11-08T17:05:56.907118+00:00
1098,5367063449,11.35,1.5,buy,False,2022-11-08T17:05:56.312756+00:00
1099,5367062647,11.35,1.8,buy,False,2022-11-08T17:05:54.090796+00:00
1100,5367062455,11.35,1.7,buy,False,2022-11-08T17:05:53.559884+00:00
1101,5367062135,11.35,1.45,buy,False,2022-11-08T17:05:53.015786+00:00
1102,5367061619,11.35,1.85,buy,False,2022-11-08T17:05:52.155371+00:00
1103,5367061438,11.35,1.5,buy,False,2022-11-08T17:05:51.619234+00:00
1104,5367061296,11.35,1.4,buy,False,2022-11-08T17:05:51.083728+00:00
1105,5367061156,11.35,1.45,buy,False,2022-11-08T17:05:50.554608+00:00
1106,5367060876,11.35,1.5,buy,False,2022-11-08T17:05:50.014944+00:00
1107,5367060549,11.35,1.6,buy,False,2022-11-08T17:05:49.118693+00:00
1108,5367060059,11.35,1.55,buy,False,2022-11-08T17:05:48.305957+00:00
1109,5367059864,11.35,1.5,buy,False,2022-11-08T17:05:47.771649+00:00
1110,5367059661,11.35,1.6,buy,False,2022-11-08T17:05:47.187228+00:00
1111,5367059441,11.35,1.55,buy,False,2022-11-08T17:05:46.567338+00:00
1112,5367058644,11.35,1.7,buy,False,2022-11-08T17:05:45.931662+00:00
1113,5367058340,11.35,3.6,buy,False,2022-11-08T17:05:45.340735+00:00
1114,5367058027,11.35,1.6,buy,False,2022-11-08T17:05:44.784936+00:00
1115,5367057855,11.35,1.6,buy,False,2022-11-08T17:05:44.241687+00:00
1116,5367057703,11.35,1.6,buy,False,2022-11-08T17:05:43.706217+00:00
1117,5367057437,11.35,1.4,buy,False,2022-11-08T17:05:43.115998+00:00
1118,5367056951,11.35,1.6,buy,False,2022-11-08T17:05:42.291719+00:00
1119,5367056541,11.35,1.45,buy,False,2022-11-08T17:05:41.622699+00:00
1120,5367055099,11.35,1.5,buy,False,2022-11-08T17:05:40.758144+00:00
1121,5367054647,11.35,1.35,buy,False,2022-11-08T17:05:39.514802+00:00
1122,5367054386,11.35,1.6,buy,False,2022-11-08T17:05:38.844150+00:00
1123,5367054043,11.35,1.5,buy,False,2022-11-08T17:05:38.311568+00:00
1124,5367052651,11.35,1.5,buy,False,2022-11-08T17:05:37.014955+00:00
1125,5367052277,11.35,1.6,buy,False,2022-11-08T17:05:36.468135+00:00
1126,5367052054,11.35,1.5,buy,False,2022-11-08T17:05:35.928792+00:00
1127,5367051794,11.35,1.6,buy,False,2022-11-08T17:05:35.316389+00:00
1128,5367048153,11.35,1.4,buy,False,2022-11-08T17:05:28.168146+00:00
1129,5367047270,11.35,6.2,buy,False,2022-11-08T17:05:26.857893+00:00
1130,5367047031,11.35,4.45,buy,False,2022-11-08T17:05:26.327174+00:00
1131,5367046687,11.35,2.9,buy,False,2022-11-08T17:05:25.745608+00:00
1132,5367046199,11.35,2.3,buy,False,2022-11-08T17:05:25.173815+00:00
1133,5367045679,11.35,3.9,buy,False,2022-11-08T17:05:24.633387+00:00
1134,5367045360,11.35,2.7,buy,False,2022-11-08T17:05:24.093618+00:00
1135,5367044966,11.35,1.65,buy,False,2022-11-08T17:05:23.560826+00:00
1136,5367044568,11.35,1.35,buy,False,2022-11-08T17:05:23.029085+00:00
1137,5367042890,11.35,2.4,buy,False,2022-11-08T17:05:20.664053+00:00
1138,5367042616,11.35,1.95,buy,False,2022-11-08T17:05:20.102727+00:00
1139,5367042351,11.35,2.1,buy,False,2022-11-08T17:05:19.530960+00:00
1140,5367042040,11.35,1.45,buy,False,2022-11-08T17:05:18.994794+00:00
1141,5367041761,11.35,1.85,buy,False,2022-11-08T17:05:18.461691+00:00
1142,5367041555,11.35,1.6,buy,False,2022-11-08T17:05:17.919766+00:00
1143,5367039996,11.35,1.75,buy,False,2022-11-08T17:05:15.950048+00:00
1144,5367039754,11.35,1.65,buy,False,2022-11-08T17:05:15.401339+00:00
1145,5367039561,11.35,1.65,buy,False,2022-11-08T17:05:14.867328+00:00
1146,5367039391,11.35,1.35,buy,False,2022-11-08T17:05:14.327886+00:00
1147,5367039258,11.35,1.55,buy,False,2022-11-08T17:05:13.743304+00:00
1148,5367038812,11.35,1.35,buy,False,2022-11-08T17:05:12.606871+00:00
1149,5367038526,11.35,2.6,buy,False,2022-11-08T17:05:12.072837+00:00
1150,5367038389,11.35,1.9,buy,False,2022-11-08T17:05:11.544048+00:00
1151,5367038169,11.35,1.55,buy,False,2022-11-08T17:05:11.015627+00:00
1152,5367036837,11.35,1.6,buy,False,2022-11-08T17:05:10.136429+00:00
1153,5367036337,11.35,1.6,buy,False,2022-11-08T17:05:09.556785+00:00
1154,5367024340,11.35,70.0,buy,False,2022-11-08T17:04:39.431213+00:00
1155,5367024082,11.35,71.2,buy,False,2022-11-08T17:04:38.894019+00:00
1156,5367023889,11.35,71.25,buy,False,2022-11-08T17:04:38.362715+00:00
1157,5367013359,11.35,69.3,buy,False,2022-11-08T17:04:21.605389+00:00
1158,5367013358,11.345,9.25,buy,False,2022-11-08T17:04:21.605389+00:00
1159,5366808275,11.995,0.9,buy,False,2022-11-08T16:56:48.037373+00:00
1160,5366006614,11.385,43.2,sell,False,2022-11-08T16:28:37.382021+00:00
1161,5366006613,11.415,10.15,sell,False,2022-11-08T16:28:37.382021+00:00
1162,5365703363,11.33,1.0,buy,False,2022-11-08T16:19:13.064691+00:00
1163,5364633465,11.05,0.9,buy,False,2022-11-08T15:52:01.428706+00:00
1164,5364628987,11.0,33.85,buy,False,2022-11-08T15:51:38.441977+00:00
1165,5364624337,11.0,15.2,buy,False,2022-11-08T15:51:22.635887+00:00
1166,5364624207,11.0,15.65,buy,False,2022-11-08T15:51:22.097100+00:00
1167,5364624108,11.0,13.6,buy,False,2022-11-08T15:51:21.557388+00:00
1168,5364624014,11.0,12.05,buy,False,2022-11-08T15:51:21.019955+00:00
1169,5364621865,11.0,5.7,buy,False,2022-11-08T15:51:14.296827+00:00
1170,5364621755,11.0,6.0,buy,False,2022-11-08T15:51:13.767621+00:00
1171,5364621583,11.0,5.7,buy,False,2022-11-08T15:51:13.228062+00:00
1172,5364620211,11.0,4.15,buy,False,2022-11-08T15:51:11.170195+00:00
1173,5364619460,11.0,4.05,buy,False,2022-11-08T15:51:08.486728+00:00
1174,5364619297,11.0,2.4,buy,False,2022-11-08T15:51:07.841666+00:00
1175,5364618681,11.0,2.3,buy,False,2022-11-08T15:51:05.655805+00:00
1176,5364618396,11.0,2.55,buy,False,2022-11-08T15:51:05.117081+00:00
1177,5364617775,11.0,2.25,buy,False,2022-11-08T15:51:03.254582+00:00
1178,5364617660,11.0,2.5,buy,False,2022-11-08T15:51:02.724170+00:00
1179,5364616715,11.0,6.45,buy,False,2022-11-08T15:50:59.437213+00:00
1180,5364615240,11.0,7.45,buy,False,2022-11-08T15:50:53.357961+00:00
1181,5364615093,11.0,7.05,buy,False,2022-11-08T15:50:52.815892+00:00
1182,5364612674,11.0,15.8,buy,False,2022-11-08T15:50:45.922115+00:00
1183,5364611193,11.0,13.2,buy,False,2022-11-08T15:50:39.921443+00:00
1184,5364609636,11.0,10.95,buy,False,2022-11-08T15:50:34.226075+00:00
1185,5364608945,11.0,2.05,buy,False,2022-11-08T15:50:32.352027+00:00
1186,5364608779,11.0,2.15,buy,False,2022-11-08T15:50:31.822779+00:00
1187,5364607893,11.0,2.15,buy,False,2022-11-08T15:50:29.519161+00:00
1188,5364607746,11.0,2.15,buy,False,2022-11-08T15:50:28.985938+00:00
1189,5364607553,11.0,1.85,buy,False,2022-11-08T15:50:28.457047+00:00
1190,5364607381,11.0,1.9,buy,False,2022-11-08T15:50:27.918308+00:00
1191,5364606707,11.0,1.95,buy,False,2022-11-08T15:50:26.731317+00:00
1192,5364606095,11.0,2.2,buy,False,2022-11-08T15:50:25.532630+00:00
1193,5364605549,11.0,2.15,buy,False,2022-11-08T15:50:24.316066+00:00
1194,5364605189,11.0,2.15,buy,False,2022-11-08T15:50:23.125220+00:00
1195,5364604798,11.0,2.15,buy,False,2022-11-08T15:50:21.926065+00:00
1196,5364604126,11.0,2.1,buy,False,2022-11-08T15:50:19.983188+00:00
1197,5364603992,11.0,2.0,buy,False,2022-11-08T15:50:19.447014+00:00
1198,5364603778,11.0,2.15,buy,False,2022-11-08T15:50:18.914999+00:00
1199,5364603277,11.0,1.95,buy,False,2022-11-08T15:50:17.356692+00:00
1200,5364603024,11.0,1.5,buy,False,2022-11-08T15:50:16.817371+00:00
1201,5364602293,11.0,2.0,buy,False,2022-11-08T15:50:14.943281+00:00
1202,5364602130,11.0,2.0,buy,False,2022-11-08T15:50:14.412076+00:00
1203,5364601902,11.0,2.1,buy,False,2022-11-08T15:50:13.872065+00:00
1204,5364601259,11.0,1.9,buy,False,2022-11-08T15:50:12.609250+00:00
1205,5364600822,11.0,1.9,buy,False,2022-11-08T15:50:11.858931+00:00
1206,5364600661,11.0,1.85,buy,False,2022-11-08T15:50:11.327300+00:00
1207,5364600194,11.0,2.0,buy,False,2022-11-08T15:50:10.790759+00:00
1208,5364599858,11.0,2.1,buy,False,2022-11-08T15:50:10.256978+00:00
1209,5364599651,11.0,2.05,buy,False,2022-11-08T15:50:09.692795+00:00
1210,5364599423,11.0,1.95,buy,False,2022-11-08T15:50:09.148092+00:00
1211,5364599117,11.0,2.05,buy,False,2022-11-08T15:50:08.619246+00:00
1212,5364598819,11.0,2.15,buy,False,2022-11-08T15:50:08.085657+00:00
1213,5364598550,11.0,1.8,buy,False,2022-11-08T15:50:07.545106+00:00
1214,5364598147,11.0,2.0,buy,False,2022-11-08T15:50:07.005523+00:00
1215,5364597585,11.0,2.1,buy,False,2022-11-08T15:50:06.474744+00:00
1216,5364597319,11.0,1.75,buy,False,2022-11-08T15:50:05.933834+00:00
1217,5364597063,11.0,2.0,buy,False,2022-11-08T15:50:05.406043+00:00
1218,5364596749,11.0,1.9,buy,False,2022-11-08T15:50:04.869131+00:00
1219,5364596503,11.0,1.75,buy,False,2022-11-08T15:50:04.336610+00:00
1220,5364596287,11.0,1.7,buy,False,2022-11-08T15:50:03.800134+00:00
1221,5364595956,11.0,1.5,buy,False,2022-11-08T15:50:03.260814+00:00
1222,5364595342,11.0,1.55,buy,False,2022-11-08T15:50:02.718391+00:00
1223,5364595216,11.0,1.55,buy,False,2022-11-08T15:50:02.187810+00:00
1224,5364595063,11.0,1.6,buy,False,2022-11-08T15:50:01.656212+00:00
1225,5364453427,10.95,41.75,buy,False,2022-11-08T15:39:20.346831+00:00
1226,5364453279,10.95,50.9,buy,False,2022-11-08T15:39:19.813202+00:00
1227,5364448124,10.95,70.75,buy,False,2022-11-08T15:39:00.653140+00:00
1228,5364445304,10.95,29.15,buy,False,2022-11-08T15:38:49.830700+00:00
1229,5364443830,10.95,17.1,buy,False,2022-11-08T15:38:42.315197+00:00
1230,5364441905,10.95,30.25,buy,False,2022-11-08T15:38:31.221902+00:00
1231,5364439772,10.95,28.15,buy,False,2022-11-08T15:38:20.428129+00:00
1232,5364437377,10.95,11.0,buy,False,2022-11-08T15:38:08.350578+00:00
1233,5364437228,10.95,14.3,buy,False,2022-11-08T15:38:07.754863+00:00
1234,5364437096,10.95,13.15,buy,False,2022-11-08T15:38:07.194717+00:00
1235,5364436568,10.95,4.0,buy,False,2022-11-08T15:38:06.659138+00:00
1236,5364436182,10.95,4.05,buy,False,2022-11-08T15:38:06.111853+00:00
1237,5364435958,10.95,1.6,buy,False,2022-11-08T15:38:05.575061+00:00
1238,5364435787,10.95,1.5,buy,False,2022-11-08T15:38:04.986851+00:00
1239,5364435673,10.95,1.55,buy,False,2022-11-08T15:38:04.410067+00:00
1240,5364435596,10.95,1.6,buy,False,2022-11-08T15:38:03.870550+00:00
1241,5364435496,10.95,1.45,buy,False,2022-11-08T15:38:03.337288+00:00
1242,5364435391,10.95,1.4,buy,False,2022-11-08T15:38:02.805716+00:00
1243,5364434935,10.95,3.0,buy,False,2022-11-08T15:38:01.166646+00:00
1244,5364434832,10.95,3.05,buy,False,2022-11-08T15:38:00.625699+00:00
1245,5364434735,10.95,2.5,buy,False,2022-11-08T15:38:00.090962+00:00
1246,5364434553,10.95,2.75,buy,False,2022-11-08T15:37:59.549731+00:00
1247,5364434505,10.95,2.95,buy,False,2022-11-08T15:37:59.017648+00:00
1248,5364434319,10.95,1.5,buy,False,2022-11-08T15:37:57.560045+00:00
1249,5364354672,10.92,103.15,sell,False,2022-11-08T15:32:02.210780+00:00
1250,5364254279,11.0,6.3,buy,False,2022-11-08T15:26:41.162635+00:00
1251,5364252467,11.0,4.1,buy,False,2022-11-08T15:26:34.062209+00:00
1252,5364252347,11.0,4.45,buy,False,2022-11-08T15:26:33.410876+00:00
1253,5364251892,11.0,3.85,buy,False,2022-11-08T15:26:32.878054+00:00
1254,5364251645,11.0,4.0,buy,False,2022-11-08T15:26:32.303606+00:00
1255,5364251550,11.0,4.5,buy,False,2022-11-08T15:26:31.762753+00:00
1256,5364251440,11.0,1.95,buy,False,2022-11-08T15:26:31.225260+00:00
1257,5364251308,11.0,1.9,buy,False,2022-11-08T15:26:30.326512+00:00
1258,5364251102,11.0,2.0,buy,False,2022-11-08T15:26:29.122826+00:00
1259,5364250875,11.0,1.85,buy,False,2022-11-08T15:26:28.218999+00:00
1260,5364250720,11.0,1.8,buy,False,2022-11-08T15:26:27.383150+00:00
1261,5364250379,11.0,2.15,buy,False,2022-11-08T15:26:26.156415+00:00
1262,5364250204,11.0,1.85,buy,False,2022-11-08T15:26:25.433094+00:00
1263,5364250114,11.0,1.8,buy,False,2022-11-08T15:26:24.839900+00:00
1264,5364249836,11.0,1.75,buy,False,2022-11-08T15:26:24.220175+00:00
1265,5364249628,11.0,1.7,buy,False,2022-11-08T15:26:23.657750+00:00
1266,5364249304,11.0,1.85,buy,False,2022-11-08T15:26:23.113729+00:00
1267,5364248832,11.0,1.9,buy,False,2022-11-08T15:26:22.513076+00:00
1268,5364248641,11.0,1.9,buy,False,2022-11-08T15:26:21.916224+00:00
1269,5364248550,11.0,1.9,buy,False,2022-11-08T15:26:21.378025+00:00
1270,5364248434,11.0,1.8,buy,False,2022-11-08T15:26:20.847179+00:00
1271,5364248246,11.0,1.95,buy,False,2022-11-08T15:26:20.303923+00:00
1272,5364248128,11.0,1.9,buy,False,2022-11-08T15:26:19.763792+00:00
1273,5364248048,11.0,5.1,buy,False,2022-11-08T15:26:19.211656+00:00
1274,5364247926,11.0,3.95,buy,False,2022-11-08T15:26:18.579905+00:00
1275,5364247727,11.0,2.95,buy,False,2022-11-08T15:26:17.849983+00:00
1276,5364247513,11.0,2.4,buy,False,2022-11-08T15:26:17.250965+00:00
1277,5364247109,11.0,2.15,buy,False,2022-11-08T15:26:16.709013+00:00
1278,5364246974,11.0,2.3,buy,False,2022-11-08T15:26:16.139682+00:00
1279,5364246835,11.0,2.15,buy,False,2022-11-08T15:26:15.592954+00:00
1280,5364246691,11.0,2.15,buy,False,2022-11-08T15:26:14.984998+00:00
1281,5364246581,11.0,2.1,buy,False,2022-11-08T15:26:14.442915+00:00
1282,5364246468,11.0,2.35,buy,False,2022-11-08T15:26:13.887218+00:00
1283,5364246337,11.0,2.55,buy,False,2022-11-08T15:26:13.351702+00:00
1284,5364246175,11.0,2.45,buy,False,2022-11-08T15:26:12.814224+00:00
1285,5364246100,11.0,2.4,buy,False,2022-11-08T15:26:12.280107+00:00
1286,5364246023,11.0,2.2,buy,False,2022-11-08T15:26:11.736705+00:00
1287,5364245935,11.0,2.45,buy,False,2022-11-08T15:26:11.186717+00:00
1288,5364245669,11.0,2.45,buy,False,2022-11-08T15:26:10.644821+00:00
1289,5364245558,11.0,2.4,buy,False,2022-11-08T15:26:10.104846+00:00
1290,5364245446,11.0,2.7,buy,False,2022-11-08T15:26:09.555362+00:00
1291,5364245387,11.0,2.35,buy,False,2022-11-08T15:26:09.023836+00:00
1292,5364245285,11.0,2.35,buy,False,2022-11-08T15:26:08.489300+00:00
1293,5364244993,11.0,2.3,buy,False,2022-11-08T15:26:07.917765+00:00
1294,5364244823,11.0,1.95,buy,False,2022-11-08T15:26:07.383101+00:00
1295,5364244501,11.0,2.2,buy,False,2022-11-08T15:26:06.845807+00:00
1296,5364244402,11.0,2.45,buy,False,2022-11-08T15:26:06.310734+00:00
1297,5364242985,11.0,6.2,buy,False,2022-11-08T15:25:59.294755+00:00
1298,5364242781,11.0,6.35,buy,False,2022-11-08T15:25:58.761600+00:00
1299,5364242567,11.0,6.05,buy,False,2022-11-08T15:25:58.221869+00:00
1300,5364240890,11.0,10.9,buy,False,2022-11-08T15:25:53.134207+00:00
1301,5364240457,11.0,4.05,buy,False,2022-11-08T15:25:51.027630+00:00
1302,5364239901,11.0,4.0,buy,False,2022-11-08T15:25:49.003275+00:00
1303,5364239644,11.0,2.0,buy,False,2022-11-08T15:25:47.717072+00:00
1304,5364239427,11.0,1.8,buy,False,2022-11-08T15:25:46.816941+00:00
1305,5364238926,11.0,2.15,buy,False,2022-11-08T15:25:45.623808+00:00
1306,5364238436,11.0,4.5,buy,False,2022-11-08T15:25:43.220445+00:00
1307,5364237990,11.0,3.95,buy,False,2022-11-08T15:25:41.159587+00:00
1308,5364237796,11.0,3.0,buy,False,2022-11-08T15:25:40.147316+00:00
1309,5364237534,11.0,2.35,buy,False,2022-11-08T15:25:39.595941+00:00
1310,5364237334,11.0,1.95,buy,False,2022-11-08T15:25:39.036728+00:00
1311,5364237212,11.0,2.3,buy,False,2022-11-08T15:25:38.497272+00:00
1312,5364237135,11.0,5.75,buy,False,2022-11-08T15:25:37.956477+00:00
1313,5364236935,11.0,7.5,buy,False,2022-11-08T15:25:37.421951+00:00
1314,5364236848,11.0,1.45,buy,False,2022-11-08T15:25:36.880525+00:00
1315,5364236595,11.0,1.6,buy,False,2022-11-08T15:25:36.031940+00:00
1316,5364236516,11.0,1.35,buy,False,2022-11-08T15:25:35.495596+00:00
1317,5364236376,11.0,1.45,buy,False,2022-11-08T15:25:34.955346+00:00
1318,5364236231,11.0,1.5,buy,False,2022-11-08T15:25:34.414154+00:00
1319,5364236084,11.0,1.45,buy,False,2022-11-08T15:25:33.882796+00:00
1320,5364235936,11.0,1.55,buy,False,2022-11-08T15:25:33.344569+00:00
1321,5364158882,10.84,17.65,buy,False,2022-11-08T15:20:31.196179+00:00
1322,5364154060,10.84,35.7,buy,False,2022-11-08T15:20:12.866654+00:00
1323,5364154016,10.84,31.55,buy,False,2022-11-08T15:20:12.332515+00:00
1324,5364152419,10.84,8.5,buy,False,2022-11-08T15:20:05.486032+00:00
1325,5364152325,10.84,9.05,buy,False,2022-11-08T15:20:04.839919+00:00
1326,5364151477,10.84,8.1,buy,False,2022-11-08T15:20:00.925931+00:00
1327,5364149805,10.84,5.9,buy,False,2022-11-08T15:19:58.014724+00:00
1328,5364149173,10.84,5.1,buy,False,2022-11-08T15:19:55.232359+00:00
1329,5364148797,10.84,2.55,buy,False,2022-11-08T15:19:54.022194+00:00
1330,5364147948,10.84,2.25,buy,False,2022-11-08T15:19:52.796250+00:00
1331,5364147469,10.84,2.65,buy,False,2022-11-08T15:19:51.324172+00:00
1332,5364147302,10.84,2.3,buy,False,2022-11-08T15:19:50.136527+00:00
1333,5364146966,10.84,2.3,buy,False,2022-11-08T15:19:48.921242+00:00
1334,5364146494,10.84,2.45,buy,False,2022-11-08T15:19:47.444508+00:00
1335,5364146223,10.84,2.4,buy,False,2022-11-08T15:19:46.232001+00:00
1336,5364145335,10.84,2.75,buy,False,2022-11-08T15:19:44.735447+00:00
1337,5364145136,10.84,2.55,buy,False,2022-11-08T15:19:43.524185+00:00
1338,5364144753,10.84,2.8,buy,False,2022-11-08T15:19:42.012866+00:00
1339,5364144180,10.84,2.5,buy,False,2022-11-08T15:19:40.517297+00:00
1340,5364143701,10.84,2.55,buy,False,2022-11-08T15:19:39.338110+00:00
1341,5364142867,10.84,7.55,buy,False,2022-11-08T15:19:35.730656+00:00
1342,5364142001,10.84,7.85,buy,False,2022-11-08T15:19:31.826895+00:00
1343,5364140977,10.84,7.7,buy,False,2022-11-08T15:19:27.924640+00:00
1344,5364140111,10.84,8.35,buy,False,2022-11-08T15:19:24.021063+00:00
1345,5364139149,10.84,8.9,buy,False,2022-11-08T15:19:19.822997+00:00
1346,5364137717,10.84,9.95,buy,False,2022-11-08T15:19:15.044996+00:00
1347,5364135359,10.84,16.2,buy,False,2022-11-08T15:19:08.220919+00:00
1348,5364132657,10.84,11.7,buy,False,2022-11-08T15:19:02.738395+00:00
1349,5364131806,10.84,2.8,buy,False,2022-11-08T15:19:01.229663+00:00
1350,5364131623,10.84,2.7,buy,False,2022-11-08T15:18:59.716938+00:00
1351,5364130936,10.84,7.95,buy,False,2022-11-08T15:18:55.832108+00:00
1352,5364130033,10.84,9.2,buy,False,2022-11-08T15:18:51.603065+00:00
1353,5364128920,10.84,8.15,buy,False,2022-11-08T15:18:47.731343+00:00
1354,5364126524,10.84,20.2,buy,False,2022-11-08T15:18:39.338760+00:00
1355,5364124014,10.84,27.5,buy,False,2022-11-08T15:18:28.809927+00:00
1356,5364121844,10.84,25.25,buy,False,2022-11-08T15:18:18.921099+00:00
1357,5364114924,10.84,48.0,buy,False,2022-11-08T15:17:52.618528+00:00
1358,5364114915,10.84,112.55,sell,False,2022-11-08T15:17:52.546735+00:00
1359,5363960168,10.93,3.0,buy,False,2022-11-08T15:07:09.193124+00:00
1360,5363960027,10.93,79.45,buy,False,2022-11-08T15:07:08.656913+00:00
1361,5363959933,10.93,70.7,buy,False,2022-11-08T15:07:08.116762+00:00
1362,5363959877,10.93,1.55,buy,False,2022-11-08T15:07:07.833497+00:00
1363,5363959777,10.93,1.45,buy,False,2022-11-08T15:07:07.284672+00:00
1364,5363958949,10.93,1.6,buy,False,2022-11-08T15:07:03.918693+00:00
1365,5363958670,10.93,1.7,buy,False,2022-11-08T15:07:02.845563+00:00
1366,5363958550,10.93,1.75,buy,False,2022-11-08T15:07:02.311813+00:00
1367,5363958418,10.93,1.45,buy,False,2022-11-08T15:07:01.774020+00:00
1368,5363958308,10.93,1.45,buy,False,2022-11-08T15:07:01.244907+00:00
1369,5363958041,10.93,1.5,buy,False,2022-11-08T15:07:00.610253+00:00
1370,5363957960,10.93,1.35,buy,False,2022-11-08T15:07:00.071334+00:00
1371,5363957675,10.93,1.45,buy,False,2022-11-08T15:06:58.641196+00:00
1372,5363957569,10.93,2.5,buy,False,2022-11-08T15:06:58.093657+00:00
1373,5363957432,10.93,1.65,buy,False,2022-11-08T15:06:57.557713+00:00
1374,5363957168,10.93,1.45,buy,False,2022-11-08T15:06:57.018517+00:00
1375,5363957059,10.93,1.7,buy,False,2022-11-08T15:06:56.348448+00:00
1376,5363956888,10.93,1.35,buy,False,2022-11-08T15:06:55.819756+00:00
1377,5363955666,10.93,1.5,buy,False,2022-11-08T15:06:54.045666+00:00
1378,5363955414,10.93,2.0,buy,False,2022-11-08T15:06:53.016891+00:00
1379,5363955338,10.93,1.85,buy,False,2022-11-08T15:06:52.481764+00:00
1380,5363955247,10.93,1.45,buy,False,2022-11-08T15:06:51.941736+00:00
1381,5363954734,10.93,1.7,buy,False,2022-11-08T15:06:50.176379+00:00
1382,5363954553,10.93,1.5,buy,False,2022-11-08T15:06:49.643280+00:00
1383,5363954428,10.93,1.65,buy,False,2022-11-08T15:06:49.107617+00:00
1384,5363954215,10.93,1.6,buy,False,2022-11-08T15:06:48.383686+00:00
1385,5363954099,10.93,1.5,buy,False,2022-11-08T15:06:47.846933+00:00
1386,5363953972,10.93,1.55,buy,False,2022-11-08T15:06:47.243447+00:00
1387,5363953839,10.93,1.5,buy,False,2022-11-08T15:06:46.706384+00:00
1388,5363953643,10.93,1.4,buy,False,2022-11-08T15:06:46.156233+00:00
1389,5363953496,10.93,1.5,buy,False,2022-11-08T15:06:45.623109+00:00
1390,5363953384,10.93,1.7,buy,False,2022-11-08T15:06:45.038347+00:00
1391,5363953247,10.93,1.6,buy,False,2022-11-08T15:06:44.431037+00:00
1392,5363952956,10.93,1.55,buy,False,2022-11-08T15:06:43.817954+00:00
1393,5363952823,10.93,1.5,buy,False,2022-11-08T15:06:43.225434+00:00
1394,5363952686,10.93,1.45,buy,False,2022-11-08T15:06:42.620698+00:00
1395,5363952495,10.93,2.05,buy,False,2022-11-08T15:06:41.959720+00:00
1396,5363952300,10.93,1.5,buy,False,2022-11-08T15:06:41.421311+00:00
1397,5363952164,10.93,1.4,buy,False,2022-11-08T15:06:40.815297+00:00
1398,5363951986,10.93,1.65,buy,False,2022-11-08T15:06:40.166854+00:00
1399,5363951544,10.93,1.6,buy,False,2022-11-08T15:06:39.629289+00:00
1400,5363951330,10.93,1.95,buy,False,2022-11-08T15:06:38.903957+00:00
1401,5363951205,10.93,1.75,buy,False,2022-11-08T15:06:38.367024+00:00
1402,5363950931,10.93,1.7,buy,False,2022-11-08T15:06:37.812616+00:00
1403,5363950703,10.93,1.7,buy,False,2022-11-08T15:06:37.225702+00:00
1404,5363950216,10.93,1.5,buy,False,2022-11-08T15:06:36.622701+00:00
1405,5363949951,10.93,1.6,buy,False,2022-11-08T15:06:36.027244+00:00
1406,5363949712,10.93,1.4,buy,False,2022-11-08T15:06:35.420168+00:00
1407,5363949561,10.93,1.6,buy,False,2022-11-08T15:06:34.887751+00:00
1408,5363949461,10.93,1.6,buy,False,2022-11-08T15:06:34.329263+00:00
1409,5363949349,10.93,1.55,buy,False,2022-11-08T15:06:33.798426+00:00
1410,5363949106,10.93,1.5,buy,False,2022-11-08T15:06:33.260181+00:00
1411,5363948865,10.93,1.5,buy,False,2022-11-08T15:06:32.710011+00:00
1412,5363948591,10.93,1.55,buy,False,2022-11-08T15:06:32.121950+00:00
1413,5363948437,10.93,1.6,buy,False,2022-11-08T15:06:31.515550+00:00
1414,5363948230,10.93,1.65,buy,False,2022-11-08T15:06:30.925209+00:00
1415,5363948031,10.93,1.6,buy,False,2022-11-08T15:06:30.356376+00:00
1416,5363947869,10.93,1.7,buy,False,2022-11-08T15:06:29.730632+00:00
1417,5363947649,10.93,1.7,buy,False,2022-11-08T15:06:29.118599+00:00
1418,5363947311,10.93,1.5,buy,False,2022-11-08T15:06:28.531089+00:00
1419,5363947023,10.93,1.6,buy,False,2022-11-08T15:06:27.927262+00:00
1420,5363946396,10.93,1.6,buy,False,2022-11-08T15:06:27.360694+00:00
1421,5363946164,10.93,1.6,buy,False,2022-11-08T15:06:26.792009+00:00
1422,5363945942,10.93,1.4,buy,False,2022-11-08T15:06:26.256409+00:00
1423,5363945598,10.93,1.4,buy,False,2022-11-08T15:06:25.667611+00:00
1424,5363945212,10.93,1.45,buy,False,2022-11-08T15:06:25.129053+00:00
1425,5363944793,10.93,1.5,buy,False,2022-11-08T15:06:24.311341+00:00
1426,5363944101,10.93,1.35,buy,False,2022-11-08T15:06:23.458460+00:00
1427,5363943695,10.93,1.9,buy,False,2022-11-08T15:06:22.843202+00:00
1428,5363943241,10.93,1.5,buy,False,2022-11-08T15:06:22.297587+00:00
1429,5363942907,10.93,1.95,buy,False,2022-11-08T15:06:21.758063+00:00
1430,5363942584,10.93,1.9,buy,False,2022-11-08T15:06:21.223708+00:00
1431,5363942413,10.93,1.65,buy,False,2022-11-08T15:06:20.623829+00:00
1432,5363941987,10.93,1.7,buy,False,2022-11-08T15:06:20.062875+00:00
