,id,price,size,side,liquidation,time
0,5400808462,11.25,0.03,buy,False,2022-11-10T08:41:59.579217+00:00
1,5400808461,11.25,0.97,buy,False,2022-11-10T08:41:59.579217+00:00
2,5400545138,8.675,0.97,sell,False,2022-11-10T08:07:57.512744+00:00
3,5400545137,8.675,0.03,sell,False,2022-11-10T08:07:57.512744+00:00
4,5396062077,11.25,1.35,buy,False,2022-11-09T23:06:21.031202+00:00
5,5396062076,11.115,1.47,buy,False,2022-11-09T23:06:21.031202+00:00
6,5395665162,11.25,0.03,buy,False,2022-11-09T22:31:13.157701+00:00
7,5395613834,10.165,14.98,buy,False,2022-11-09T22:26:47.630627+00:00
8,5390209109,9.005,14.17,buy,False,2022-11-09T16:08:57.930007+00:00
9,5389960284,8.88,1.56,sell,False,2022-11-09T15:56:13.649064+00:00
10,5389698888,9.0,6.55,sell,False,2022-11-09T15:43:45.529638+00:00
11,5389698595,9.0,9.82,sell,False,2022-11-09T15:43:44.977795+00:00
12,5389698367,9.0,7.4,sell,False,2022-11-09T15:43:44.437044+00:00
13,5385927040,9.0,4.0,sell,False,2022-11-09T11:09:24.716654+00:00
14,5385926543,9.02,1.49,sell,False,2022-11-09T11:09:21.831386+00:00
15,5385926125,9.16,1.43,sell,False,2022-11-09T11:09:19.071083+00:00
16,5385925578,9.295,1.32,sell,False,2022-11-09T11:09:15.139967+00:00
17,5384276926,9.295,0.05,sell,False,2022-11-09T09:33:27.672853+00:00
18,5383599384,9.4,25.37,buy,False,2022-11-09T08:50:44.181118+00:00
19,5383596810,9.4,60.93,buy,False,2022-11-09T08:50:29.482830+00:00
20,5383595073,9.4,40.05,buy,False,2022-11-09T08:50:18.370880+00:00
21,5383593180,9.4,17.01,buy,False,2022-11-09T08:50:09.037196+00:00
22,5383592968,9.4,16.71,buy,False,2022-11-09T08:50:08.481341+00:00
23,5383591915,9.4,12.36,buy,False,2022-11-09T08:50:03.988766+00:00
24,5383590843,9.4,11.95,buy,False,2022-11-09T08:49:59.482294+00:00
25,5383590152,9.4,14.07,buy,False,2022-11-09T08:49:54.680352+00:00
26,5383588752,9.4,12.8,buy,False,2022-11-09T08:49:46.848678+00:00
27,5383588676,9.4,13.21,buy,False,2022-11-09T08:49:46.295400+00:00
28,5383587827,9.4,10.39,buy,False,2022-11-09T08:49:42.396522+00:00
29,5383587391,9.4,6.71,buy,False,2022-11-09T08:49:39.983285+00:00
30,5383586856,9.4,8.02,buy,False,2022-11-09T08:49:36.979576+00:00
31,5383586564,9.4,6.41,buy,False,2022-11-09T08:49:35.397389+00:00
32,5383586423,9.4,7.4,buy,False,2022-11-09T08:49:34.862869+00:00
33,5383586140,9.4,6.91,buy,False,2022-11-09T08:49:34.333668+00:00
34,5383585905,9.4,7.3,buy,False,2022-11-09T08:49:34.117728+00:00
35,5383585645,9.4,6.41,buy,False,2022-11-09T08:49:33.492334+00:00
36,5383585294,9.4,7.39,buy,False,2022-11-09T08:49:31.675014+00:00
37,5383575428,9.42,0.05,sell,False,2022-11-09T08:48:46.290186+00:00
38,5383571279,9.695,0.01,buy,False,2022-11-09T08:48:31.020324+00:00
39,5383570295,9.7,0.01,buy,False,2022-11-09T08:48:24.648315+00:00
40,5383570243,9.7,0.01,buy,False,2022-11-09T08:48:24.354834+00:00
41,5383570181,9.7,0.01,buy,False,2022-11-09T08:48:24.040171+00:00
42,5383570136,9.7,0.01,buy,False,2022-11-09T08:48:23.735785+00:00
43,5383570115,9.7,0.01,buy,False,2022-11-09T08:48:23.456828+00:00
44,5383570095,9.7,0.01,buy,False,2022-11-09T08:48:23.131279+00:00
45,5383570041,9.7,0.01,buy,False,2022-11-09T08:48:22.819110+00:00
46,5383569927,9.7,0.01,buy,False,2022-11-09T08:48:22.483660+00:00
47,5383569583,9.7,0.01,buy,False,2022-11-09T08:48:20.779624+00:00
48,5383569529,9.7,0.01,buy,False,2022-11-09T08:48:20.582202+00:00
49,5383569485,9.7,0.01,buy,False,2022-11-09T08:48:20.200878+00:00
50,5383569475,9.7,0.01,buy,False,2022-11-09T08:48:20.050360+00:00
51,5383569426,9.7,0.01,buy,False,2022-11-09T08:48:19.688988+00:00
52,5383569348,9.7,0.01,buy,False,2022-11-09T08:48:19.337109+00:00
53,5383569253,9.7,0.01,buy,False,2022-11-09T08:48:18.911131+00:00
54,5383569217,9.7,0.01,buy,False,2022-11-09T08:48:18.746809+00:00
55,5383569175,9.7,0.01,buy,False,2022-11-09T08:48:18.554672+00:00
56,5383569124,9.7,0.01,buy,False,2022-11-09T08:48:18.396846+00:00
57,5383569034,9.7,0.01,buy,False,2022-11-09T08:48:18.219982+00:00
58,5383568808,9.7,0.01,buy,False,2022-11-09T08:48:18.044068+00:00
59,5383568750,9.7,0.01,buy,False,2022-11-09T08:48:17.876488+00:00
60,5383568717,9.7,0.01,buy,False,2022-11-09T08:48:17.712382+00:00
61,5383568710,9.7,0.01,buy,False,2022-11-09T08:48:17.563402+00:00
62,5383568661,9.7,0.01,buy,False,2022-11-09T08:48:17.354115+00:00
63,5383568617,9.7,0.01,buy,False,2022-11-09T08:48:17.039129+00:00
64,5383568488,9.7,0.01,buy,False,2022-11-09T08:48:16.558787+00:00
65,5383564536,9.835,4.48,buy,False,2022-11-09T08:47:59.496233+00:00
66,5383564535,9.835,0.98,buy,False,2022-11-09T08:47:59.496233+00:00
67,5383562891,9.835,702.74,sell,False,2022-11-09T08:47:52.231998+00:00
68,5383562863,9.835,0.98,sell,False,2022-11-09T08:47:52.124703+00:00
69,5383561781,9.835,326.1,sell,False,2022-11-09T08:47:45.626792+00:00
70,5383560656,9.79,99.0,buy,False,2022-11-09T08:47:40.308231+00:00
71,5383553550,9.385,1114.18,sell,False,2022-11-09T08:47:06.200624+00:00
72,5383553327,9.385,8885.82,sell,False,2022-11-09T08:47:05.148903+00:00
73,5383553326,9.385,1000.0,sell,False,2022-11-09T08:47:05.148903+00:00
74,5383553325,9.39,14.18,sell,False,2022-11-09T08:47:05.148903+00:00
75,5383553324,9.44,100.0,sell,False,2022-11-09T08:47:05.148903+00:00
76,5383552408,9.385,9000.0,sell,False,2022-11-09T08:47:01.793381+00:00
77,5383552407,9.39,1000.0,sell,False,2022-11-09T08:47:01.793381+00:00
78,5383550509,9.835,10000.0,buy,False,2022-11-09T08:46:50.726203+00:00
79,5383550190,9.835,10000.0,buy,False,2022-11-09T08:46:48.120665+00:00
80,5383542131,9.59,7330.28,sell,False,2022-11-09T08:46:06.667574+00:00
81,5383540114,9.585,10000.0,sell,False,2022-11-09T08:45:56.170458+00:00
82,5383537129,9.515,10000.0,sell,False,2022-11-09T08:45:39.492562+00:00
83,5383534961,9.835,10000.0,buy,False,2022-11-09T08:45:30.241788+00:00
84,5383534297,9.835,10000.0,buy,False,2022-11-09T08:45:26.673646+00:00
85,5383525451,9.835,4962.11,buy,False,2022-11-09T08:44:40.939163+00:00
86,5383525146,9.835,1353.67,buy,False,2022-11-09T08:44:39.454998+00:00
87,5383525145,9.835,4923.2,buy,False,2022-11-09T08:44:39.454998+00:00
88,5383524314,9.835,3576.8,buy,False,2022-11-09T08:44:34.664640+00:00
89,5383524313,9.83,999.86,buy,False,2022-11-09T08:44:34.664640+00:00
90,5383519974,9.455,7500.0,sell,False,2022-11-09T08:44:11.530516+00:00
91,5383519973,9.46,1000.0,sell,False,2022-11-09T08:44:11.530516+00:00
92,5383517307,9.425,10000.0,sell,False,2022-11-09T08:43:58.203577+00:00
93,5383513630,9.835,10000.0,buy,False,2022-11-09T08:43:41.185372+00:00
94,5383510915,9.835,5000.0,buy,False,2022-11-09T08:43:28.499704+00:00
95,5383510320,9.835,5000.0,buy,False,2022-11-09T08:43:26.071673+00:00
96,5383509398,9.835,5000.0,buy,False,2022-11-09T08:43:22.580131+00:00
97,5383507625,9.32,5000.0,sell,False,2022-11-09T08:43:15.460075+00:00
98,5383504546,9.32,10000.0,sell,False,2022-11-09T08:43:04.246787+00:00
99,5383502272,9.31,10000.0,sell,False,2022-11-09T08:42:56.537918+00:00
100,5383500922,9.3,10000.0,sell,False,2022-11-09T08:42:48.818129+00:00
101,5383498778,9.835,10000.0,buy,False,2022-11-09T08:42:38.334701+00:00
102,5383497642,9.835,10000.0,buy,False,2022-11-09T08:42:34.452824+00:00
103,5382578603,9.905,0.15,buy,False,2022-11-09T07:37:47.362616+00:00
104,5382577767,9.905,0.26,buy,False,2022-11-09T07:37:43.017517+00:00
105,5382572647,9.98,2.1,sell,False,2022-11-09T07:37:23.783777+00:00
106,5382571550,9.98,0.01,sell,False,2022-11-09T07:37:21.815501+00:00
107,5382571543,9.98,0.01,sell,False,2022-11-09T07:37:21.815047+00:00
108,5382571538,9.98,0.01,sell,False,2022-11-09T07:37:21.793468+00:00
109,5382571530,9.98,0.01,sell,False,2022-11-09T07:37:21.746719+00:00
110,5382571529,9.98,0.01,sell,False,2022-11-09T07:37:21.735147+00:00
111,5382571528,9.98,0.01,sell,False,2022-11-09T07:37:21.734626+00:00
112,5382571519,9.98,0.01,sell,False,2022-11-09T07:37:21.723597+00:00
113,5382571514,9.98,0.01,sell,False,2022-11-09T07:37:21.706185+00:00
114,5382571500,9.98,0.01,sell,False,2022-11-09T07:37:21.638960+00:00
115,5382571260,9.98,11.15,sell,False,2022-11-09T07:37:21.069103+00:00
116,5382566797,9.98,0.01,sell,False,2022-11-09T07:37:08.829748+00:00
117,5382566632,9.98,0.01,sell,False,2022-11-09T07:37:08.110088+00:00
118,5382566563,9.98,0.01,sell,False,2022-11-09T07:37:07.680264+00:00
119,5382566247,9.98,0.01,sell,False,2022-11-09T07:37:06.049945+00:00
120,5382566158,9.98,0.01,sell,False,2022-11-09T07:37:05.750215+00:00
121,5382566127,9.98,0.01,sell,False,2022-11-09T07:37:05.368202+00:00
122,5382566031,9.98,0.01,sell,False,2022-11-09T07:37:04.980813+00:00
123,5382565992,9.98,0.01,sell,False,2022-11-09T07:37:04.651615+00:00
124,5382565921,9.98,0.01,sell,False,2022-11-09T07:37:04.284965+00:00
125,5382565821,9.98,0.01,sell,False,2022-11-09T07:37:03.913038+00:00
126,5382565688,9.98,0.01,sell,False,2022-11-09T07:37:03.547572+00:00
127,5382565602,9.98,0.01,sell,False,2022-11-09T07:37:03.173985+00:00
128,5382565492,9.98,0.01,sell,False,2022-11-09T07:37:02.731526+00:00
129,5382565389,9.98,0.01,sell,False,2022-11-09T07:37:02.311687+00:00
130,5382565337,9.98,0.01,sell,False,2022-11-09T07:37:01.938841+00:00
131,5382565194,9.98,0.01,sell,False,2022-11-09T07:37:01.452293+00:00
132,5382565136,9.98,0.01,sell,False,2022-11-09T07:37:01.078975+00:00
133,5382564985,9.98,0.01,sell,False,2022-11-09T07:37:00.501968+00:00
134,5382563429,9.98,374.62,sell,False,2022-11-09T07:36:52.629474+00:00
135,5382563346,9.9,999.86,buy,False,2022-11-09T07:36:52.305691+00:00
136,5382561545,9.98,49.99,buy,False,2022-11-09T07:36:46.132648+00:00
137,5382550732,9.45,386.28,buy,False,2022-11-09T07:36:31.689287+00:00
138,5382550731,9.445,10.26,buy,False,2022-11-09T07:36:31.689287+00:00
139,5382549871,9.45,380.72,buy,False,2022-11-09T07:36:25.215308+00:00
140,5382544014,9.585,50.0,sell,False,2022-11-09T07:35:54.056534+00:00
141,5382543931,9.585,333.54,sell,False,2022-11-09T07:35:53.175529+00:00
142,5382543930,9.6,50.0,sell,False,2022-11-09T07:35:53.175529+00:00
143,5382539659,10.015,191.77,buy,False,2022-11-09T07:35:21.927652+00:00
144,5382535769,10.025,2352.75,buy,False,2022-11-09T07:35:00.146150+00:00
145,5382534509,9.505,5510.37,sell,False,2022-11-09T07:34:48.901263+00:00
146,5382534508,9.51,1000.0,sell,False,2022-11-09T07:34:48.901263+00:00
147,5382531718,10.01,4637.87,buy,False,2022-11-09T07:34:26.297378+00:00
148,5382530935,10.02,5051.36,buy,False,2022-11-09T07:34:21.857550+00:00
149,5382526464,9.485,1394.8,sell,False,2022-11-09T07:33:47.227678+00:00
150,5382526304,9.485,12711.81,sell,False,2022-11-09T07:33:45.540267+00:00
151,5382524149,10.01,6926.3,buy,False,2022-11-09T07:33:33.884195+00:00
152,5382523543,10.02,8159.19,buy,False,2022-11-09T07:33:29.012583+00:00
153,5382518555,9.485,20360.32,sell,False,2022-11-09T07:33:04.670571+00:00
154,5382516260,10.01,15043.44,buy,False,2022-11-09T07:32:54.318028+00:00
155,5382514856,10.02,16724.82,buy,False,2022-11-09T07:32:45.711266+00:00
156,5382513834,9.455,17657.43,sell,False,2022-11-09T07:32:39.218913+00:00
157,5382509124,9.455,30000.0,sell,False,2022-11-09T07:32:06.288016+00:00
158,5382505842,10.02,29930.77,buy,False,2022-11-09T07:31:47.885697+00:00
159,5376357327,10.1,0.99,buy,False,2022-11-08T22:45:32.577133+00:00
160,5376311412,10.1,0.99,buy,False,2022-11-08T22:41:08.236687+00:00
161,5376303484,10.1,0.99,buy,False,2022-11-08T22:40:34.935837+00:00
162,5376238210,10.1,0.63,buy,False,2022-11-08T22:34:39.932378+00:00
163,5373190479,9.615,4.93,sell,False,2022-11-08T19:53:45.104166+00:00
164,5372442690,9.425,1.31,sell,False,2022-11-08T19:34:14.174008+00:00
165,5372271443,9.555,1.25,sell,False,2022-11-08T19:31:52.698512+00:00
166,5372120769,9.68,1.02,sell,False,2022-11-08T19:29:55.705245+00:00
167,5371902389,9.68,0.18,sell,False,2022-11-08T19:26:08.064743+00:00
168,5369762300,9.785,48.31,sell,True,2022-11-08T18:22:47.057826+00:00
169,5369745405,9.74,0.01,sell,True,2022-11-08T18:22:31.448690+00:00
170,5369739218,9.74,13.85,sell,True,2022-11-08T18:22:25.358766+00:00
171,5369725145,9.745,0.62,sell,True,2022-11-08T18:22:14.716482+00:00
172,5369719363,9.8,1.15,sell,True,2022-11-08T18:22:10.080681+00:00
173,5369677185,9.915,1.11,sell,True,2022-11-08T18:21:29.535954+00:00
174,5367847435,10.385,13.0,buy,False,2022-11-08T17:33:56.451849+00:00
175,5367479821,10.325,0.01,sell,False,2022-11-08T17:21:47.024873+00:00
176,5367470815,10.44,12.99,sell,False,2022-11-08T17:21:35.105899+00:00
177,5366549935,10.735,3.83,buy,False,2022-11-08T16:45:34.223224+00:00
178,5366267183,10.6,3.87,buy,False,2022-11-08T16:34:58.848576+00:00
179,5366267182,10.5,9.05,buy,False,2022-11-08T16:34:58.848576+00:00
180,5366267181,10.475,6.04,buy,False,2022-11-08T16:34:58.848576+00:00
181,5364959174,10.345,4.58,buy,False,2022-11-08T16:05:22.248450+00:00
182,5364404374,10.0,10.0,sell,False,2022-11-08T15:35:47.171713+00:00
183,5364402873,10.03,1.06,sell,False,2022-11-08T15:35:40.269294+00:00
184,5364402872,10.03,1.06,sell,False,2022-11-08T15:35:40.269294+00:00
185,5364402654,10.055,1.06,sell,False,2022-11-08T15:35:39.135394+00:00
186,5364361848,10.11,13.41,buy,False,2022-11-08T15:32:29.824648+00:00
187,5364329083,10.085,1.12,sell,False,2022-11-08T15:30:31.426929+00:00
188,5364328192,10.095,1.48,sell,False,2022-11-08T15:30:28.393957+00:00
189,5364325833,10.135,1.02,sell,False,2022-11-08T15:30:21.296664+00:00
190,5364325832,10.135,1.02,sell,False,2022-11-08T15:30:21.296664+00:00
191,5364325694,10.27,13.41,sell,False,2022-11-08T15:30:20.761885+00:00
192,5364094797,10.235,6.32,buy,False,2022-11-08T15:16:39.529164+00:00
193,5364094706,10.235,7.14,buy,False,2022-11-08T15:16:38.986844+00:00
194,5364045889,10.27,13.46,sell,False,2022-11-08T15:13:18.055027+00:00
195,5363808331,10.19,13.56,buy,False,2022-11-08T14:57:29.390030+00:00
196,5363804671,10.27,13.56,sell,False,2022-11-08T14:57:14.252035+00:00
197,5363726050,10.22,13.63,buy,False,2022-11-08T14:52:58.531840+00:00
198,5363536649,10.165,1.02,sell,False,2022-11-08T14:44:19.316778+00:00
199,5363536227,10.205,1.08,sell,False,2022-11-08T14:44:17.745630+00:00
200,5363536226,10.235,1.38,sell,False,2022-11-08T14:44:17.745630+00:00
201,5363536225,10.24,13.63,sell,False,2022-11-08T14:44:17.745630+00:00
202,5363536224,10.245,0.98,sell,False,2022-11-08T14:44:17.745630+00:00
203,5363536223,10.245,0.98,sell,False,2022-11-08T14:44:17.745630+00:00
204,5363536163,10.275,0.98,sell,False,2022-11-08T14:44:17.209175+00:00
205,5363509654,10.375,0.97,buy,False,2022-11-08T14:42:53.894053+00:00
206,5363475564,10.325,1.03,sell,False,2022-11-08T14:41:35.540719+00:00
207,5363474913,10.35,0.97,sell,False,2022-11-08T14:41:34.294641+00:00
208,5363474912,10.35,0.97,sell,False,2022-11-08T14:41:34.294641+00:00
209,5363399863,10.35,0.29,sell,False,2022-11-08T14:38:27.013557+00:00
210,5363312699,10.355,134.8,sell,True,2022-11-08T14:34:50.642720+00:00
211,5363238792,10.435,0.99,sell,False,2022-11-08T14:30:02.382905+00:00
212,5362247310,10.545,0.95,sell,False,2022-11-08T13:00:40.600351+00:00
213,5360617264,10.65,0.94,buy,False,2022-11-08T09:52:40.503054+00:00
214,5357041564,10.85,0.14,sell,True,2022-11-08T05:24:12.620303+00:00
215,5347967427,11.105,5.19,buy,False,2022-11-07T16:32:49.848634+00:00
216,5347967312,11.105,7.38,buy,False,2022-11-07T16:32:49.313745+00:00
217,5345205374,11.015,23.3,sell,False,2022-11-07T11:29:03.405434+00:00
218,5345205373,11.085,3.61,sell,False,2022-11-07T11:29:03.405434+00:00
219,5342744537,11.025,1.44,sell,False,2022-11-07T06:55:27.641605+00:00
220,5342744536,11.12,4.73,sell,False,2022-11-07T06:55:27.641605+00:00
221,5342430382,10.985,20.12,sell,False,2022-11-07T06:11:44.282765+00:00
222,5342430381,11.025,29.48,sell,False,2022-11-07T06:11:44.282765+00:00
223,5342430380,11.03,12.57,sell,False,2022-11-07T06:11:44.282765+00:00
224,5342430379,11.27,0.07,sell,False,2022-11-07T06:11:44.282765+00:00
225,5342340783,11.45,16.2,buy,False,2022-11-07T06:00:32.521936+00:00
226,5342340782,11.405,24.79,buy,False,2022-11-07T06:00:32.521936+00:00
227,5342340781,11.4,11.26,buy,False,2022-11-07T06:00:32.521936+00:00
228,5332576635,11.315,3.47,sell,False,2022-11-06T07:12:12.757280+00:00
229,5327362306,11.625,0.02,buy,False,2022-11-05T16:49:51.217750+00:00
230,5326732057,11.625,0.86,buy,False,2022-11-05T15:42:16.349253+00:00
231,5326654558,11.62,0.05,sell,False,2022-11-05T15:35:39.169342+00:00
232,5326653023,11.62,0.05,sell,False,2022-11-05T15:35:30.998703+00:00
233,5326653009,11.62,0.12,buy,False,2022-11-05T15:35:30.854252+00:00
234,5316519214,11.185,0.07,sell,False,2022-11-04T15:52:36.523743+00:00
235,5315611346,11.315,4.52,sell,False,2022-11-04T14:39:00.114148+00:00
236,5315611297,11.315,7.62,sell,False,2022-11-04T14:38:59.536639+00:00
237,5315604414,11.525,0.05,buy,False,2022-11-04T14:38:22.617773+00:00
238,5315595947,11.48,0.26,buy,False,2022-11-04T14:37:37.727302+00:00
239,5315338740,11.395,12.06,buy,False,2022-11-04T14:23:50.189586+00:00
240,5305517399,10.925,0.14,sell,False,2022-11-03T18:54:10.359442+00:00
241,5305517366,11.01,12.06,sell,False,2022-11-03T18:54:09.830937+00:00
242,5283955432,11.175,11.88,buy,False,2022-11-01T14:55:38.780105+00:00
243,5283954018,11.21,11.88,sell,False,2022-11-01T14:55:26.186905+00:00
244,5281444720,11.52,24.18,buy,False,2022-11-01T09:23:21.465426+00:00
245,5281444719,11.44,25.55,buy,False,2022-11-01T09:23:21.465426+00:00
246,5274455010,11.11,11.99,buy,False,2022-10-31T15:03:07.134920+00:00
247,5274429286,11.18,11.99,sell,False,2022-10-31T15:00:46.927574+00:00
248,5274131469,11.145,12.02,buy,False,2022-10-31T14:37:13.699386+00:00
249,5274127011,11.1,12.02,sell,False,2022-10-31T14:36:51.329782+00:00
250,5274112295,11.085,12.04,buy,False,2022-10-31T14:36:06.257994+00:00
251,5274106310,11.1,12.04,sell,False,2022-10-31T14:35:40.827261+00:00
252,5274074133,11.12,12.02,buy,False,2022-10-31T14:33:41.493759+00:00
253,5274063596,11.17,12.02,sell,False,2022-10-31T14:32:52.084667+00:00
254,5273835220,11.08,12.12,buy,False,2022-10-31T14:15:21.184332+00:00
255,5273828951,11.1,12.12,sell,False,2022-10-31T14:14:58.854400+00:00
256,5264260021,11.35,0.07,sell,False,2022-10-30T14:01:17.938266+00:00
257,5261095399,11.59,23.0,buy,False,2022-10-30T06:59:54.079241+00:00
258,5252065472,11.695,0.05,buy,False,2022-10-29T09:43:21.186656+00:00
259,5252061071,11.845,2.31,buy,False,2022-10-29T09:42:28.727023+00:00
260,5252061070,11.715,28.83,buy,False,2022-10-29T09:42:28.727023+00:00
261,5252061069,11.665,35.19,buy,False,2022-10-29T09:42:28.727023+00:00
262,5252061068,11.66,33.41,buy,False,2022-10-29T09:42:28.727023+00:00
263,5252061067,11.435,0.26,buy,False,2022-10-29T09:42:28.727023+00:00
264,5246304193,11.28,26.74,buy,False,2022-10-28T16:40:47.001836+00:00
265,5243432239,10.885,0.14,sell,False,2022-10-28T10:56:23.298352+00:00
266,5237568046,11.03,31.0,sell,False,2022-10-27T18:52:17.008835+00:00
267,5237188027,11.175,1.88,buy,False,2022-10-27T17:33:40.485985+00:00
268,5237188005,11.175,10.16,buy,False,2022-10-27T17:33:39.952577+00:00
269,5235956887,11.21,12.04,sell,False,2022-10-27T14:40:46.858235+00:00
270,5235795557,11.325,11.91,buy,False,2022-10-27T14:21:18.245271+00:00
271,5234129219,11.155,2.0,sell,False,2022-10-27T11:16:26.279335+00:00
272,5230623037,11.225,1.0,sell,False,2022-10-27T01:35:15.277546+00:00
273,5229733337,11.295,3.34,sell,False,2022-10-26T23:21:04.757120+00:00
274,5229733336,11.3,11.91,sell,False,2022-10-26T23:21:04.757120+00:00
275,5227736635,11.305,0.07,sell,False,2022-10-26T17:51:45.081394+00:00
276,5227395679,11.39,1.0,buy,False,2022-10-26T17:02:55.780128+00:00
277,5226931029,11.635,1.37,buy,False,2022-10-26T16:09:19.420516+00:00
278,5226680227,11.65,0.05,buy,False,2022-10-26T15:42:27.818916+00:00
279,5226674258,11.575,0.05,buy,False,2022-10-26T15:41:45.866202+00:00
280,5226505625,11.48,10.26,buy,False,2022-10-26T15:20:34.590644+00:00
281,5226505465,11.48,6.88,buy,False,2022-10-26T15:20:34.351763+00:00
282,5226169358,11.275,2.0,buy,False,2022-10-26T14:47:25.756980+00:00
283,5226123722,11.275,0.05,buy,False,2022-10-26T14:44:23.247535+00:00
284,5226110792,11.215,0.05,buy,False,2022-10-26T14:43:43.250257+00:00
285,5218531003,10.84,17.16,buy,False,2022-10-25T19:59:47.985978+00:00
286,5218516120,10.84,1.0,buy,False,2022-10-25T19:56:38.990393+00:00
287,5218192389,10.93,0.05,sell,False,2022-10-25T19:19:03.515386+00:00
288,5218185003,10.875,0.27,buy,False,2022-10-25T19:18:15.761943+00:00
289,5217431708,10.65,1.33,buy,False,2022-10-25T18:22:16.991375+00:00
290,5214102495,10.305,10.0,sell,False,2022-10-25T14:08:45.856403+00:00
291,5214096361,10.345,5.0,sell,False,2022-10-25T14:08:19.935426+00:00
292,5213986359,10.49,7.06,buy,False,2022-10-25T13:58:54.313398+00:00
293,5213977622,10.425,7.06,sell,False,2022-10-25T13:58:01.129823+00:00
294,5213973303,10.425,6.14,buy,False,2022-10-25T13:57:39.507870+00:00
295,5213973191,10.425,6.73,buy,False,2022-10-25T13:57:38.855927+00:00
296,5209638804,10.295,12.87,sell,False,2022-10-24T19:25:59.128593+00:00
297,5208692568,10.235,0.48,buy,False,2022-10-24T15:55:42.388266+00:00
298,5208611954,10.26,12.77,buy,False,2022-10-24T15:38:57.917016+00:00
299,5207593836,10.215,12.77,buy,False,2022-10-24T13:30:50.889971+00:00
300,5202061037,10.34,5.0,buy,False,2022-10-23T17:37:32.702298+00:00
301,5194263382,10.31,0.69,buy,False,2022-10-22T02:51:54.387193+00:00
302,5192076571,10.195,0.98,buy,False,2022-10-21T16:35:36.091693+00:00
303,5191432804,10.08,1.0,buy,False,2022-10-21T15:04:12.887030+00:00
304,5187412355,10.46,1.47,buy,False,2022-10-21T01:29:50.250512+00:00
305,5185750032,10.23,6.24,buy,False,2022-10-20T19:07:43.079354+00:00
306,5185750025,10.23,6.66,buy,False,2022-10-20T19:07:42.777436+00:00
307,5184801372,10.245,1.33,sell,False,2022-10-20T16:43:24.692641+00:00
308,5184438708,10.43,12.9,sell,False,2022-10-20T15:30:47.606482+00:00
309,5184316798,10.365,12.98,buy,False,2022-10-20T15:02:41.731599+00:00
310,5184310445,10.435,12.98,sell,False,2022-10-20T15:01:22.465812+00:00
311,5184291061,10.365,13.07,buy,False,2022-10-20T14:58:05.505178+00:00
312,5184256530,10.35,13.07,sell,False,2022-10-20T14:49:14.788948+00:00
313,5184249713,10.43,12.97,buy,False,2022-10-20T14:47:30.197720+00:00
314,5184248203,10.425,12.97,sell,False,2022-10-20T14:47:00.977993+00:00
315,5184218632,10.35,13.07,buy,False,2022-10-20T14:38:41.391574+00:00
316,5184214345,10.425,13.07,sell,False,2022-10-20T14:37:18.420326+00:00
317,5184165005,10.33,13.19,buy,False,2022-10-20T14:29:04.929382+00:00
318,5184153794,10.34,13.19,sell,False,2022-10-20T14:26:55.293405+00:00
319,5184143389,10.41,13.1,buy,False,2022-10-20T14:25:11.115988+00:00
320,5184140289,10.34,13.1,buy,False,2022-10-20T14:24:42.010531+00:00
321,5184122025,10.34,13.11,buy,False,2022-10-20T14:21:45.495396+00:00
322,5184118687,10.34,5.63,sell,False,2022-10-20T14:21:18.973327+00:00
323,5184118636,10.34,7.48,sell,False,2022-10-20T14:21:18.353971+00:00
324,5184046755,10.35,6.72,buy,False,2022-10-20T14:11:48.696357+00:00
325,5184023479,10.355,6.72,sell,False,2022-10-20T14:09:51.335336+00:00
326,5184021702,10.485,12.93,buy,False,2022-10-20T14:09:44.070506+00:00
327,5183987032,10.355,12.93,sell,False,2022-10-20T14:05:24.078854+00:00
328,5183982499,10.47,12.79,buy,False,2022-10-20T14:04:33.384786+00:00
329,5183958066,10.43,12.79,sell,False,2022-10-20T14:00:01.730031+00:00
330,5183819890,10.455,1.72,buy,False,2022-10-20T13:34:55.908209+00:00
331,5183819879,10.455,11.04,buy,False,2022-10-20T13:34:55.469698+00:00
332,5183800709,10.445,1.62,sell,False,2022-10-20T13:32:00.083174+00:00
333,5183800687,10.445,11.14,sell,False,2022-10-20T13:31:59.545790+00:00
334,5179188481,10.38,12.83,buy,False,2022-10-19T19:29:41.001435+00:00
335,5179186580,10.41,12.83,sell,False,2022-10-19T19:29:05.708527+00:00
336,5179171021,10.44,12.8,buy,False,2022-10-19T19:25:57.398623+00:00
337,5179168397,10.415,5.32,sell,False,2022-10-19T19:25:24.540340+00:00
338,5179168374,10.415,7.48,sell,False,2022-10-19T19:25:24.013319+00:00
339,5179168126,10.44,12.77,buy,False,2022-10-19T19:25:18.684057+00:00
340,5179160882,10.395,12.77,sell,False,2022-10-19T19:23:06.414989+00:00
341,5179152411,10.4,12.76,buy,False,2022-10-19T19:20:37.715267+00:00
342,5179147628,10.395,12.76,sell,False,2022-10-19T19:19:19.246654+00:00
343,5179143015,10.4,11.36,buy,False,2022-10-19T19:18:24.561270+00:00
344,5179141072,10.34,11.36,sell,False,2022-10-19T19:17:51.543899+00:00
345,5179120684,10.4,6.8,buy,False,2022-10-19T19:13:57.104634+00:00
346,5179119433,10.33,6.8,sell,False,2022-10-19T19:13:26.347364+00:00
347,5179106727,10.395,6.38,buy,False,2022-10-19T19:09:48.271899+00:00
348,5179106726,10.395,6.27,buy,False,2022-10-19T19:09:48.198597+00:00
349,5179100907,10.315,0.15,sell,False,2022-10-19T19:08:38.426017+00:00
350,5179068301,10.385,12.65,sell,False,2022-10-19T19:02:02.950357+00:00
351,5179063314,10.405,5.53,buy,False,2022-10-19T19:00:31.498599+00:00
352,5179063306,10.405,7.1,buy,False,2022-10-19T19:00:31.306843+00:00
353,5179060517,10.4,12.63,sell,False,2022-10-19T18:59:59.234777+00:00
354,5179013040,10.41,12.61,buy,False,2022-10-19T18:45:13.989306+00:00
355,5177400942,10.57,12.61,sell,False,2022-10-19T13:33:42.613272+00:00
356,5172872762,10.59,6.59,buy,False,2022-10-18T19:52:23.418553+00:00
357,5172871433,10.555,6.59,sell,False,2022-10-18T19:52:02.997495+00:00
358,5165175411,10.805,12.36,sell,False,2022-10-17T14:33:26.423370+00:00
359,5164857539,10.905,1.68,buy,False,2022-10-17T13:43:42.040018+00:00
360,5164163806,10.76,4.25,buy,False,2022-10-17T11:15:02.681712+00:00
361,5158906453,10.7,0.82,buy,False,2022-10-16T07:45:28.965612+00:00
362,5158688426,10.595,4.25,buy,False,2022-10-16T06:15:11.253607+00:00
363,5158238154,10.5,1.09,buy,False,2022-10-16T03:11:23.130255+00:00
364,5158238131,10.5,7.35,buy,False,2022-10-16T03:11:22.592580+00:00
365,5158238125,10.5,6.56,sell,False,2022-10-16T03:11:22.499642+00:00
366,5151111265,10.625,6.75,sell,False,2022-10-14T19:04:15.408714+00:00
367,5150973289,10.705,0.78,buy,False,2022-10-14T18:38:22.870949+00:00
368,5150618472,10.715,11.61,buy,False,2022-10-14T17:35:34.576303+00:00
369,5150298950,10.675,3.61,sell,False,2022-10-14T16:32:28.545322+00:00
370,5143652142,10.83,3.55,buy,False,2022-10-13T20:03:03.309416+00:00
371,5143532807,10.685,12.33,sell,False,2022-10-13T19:32:41.230515+00:00
372,5142810951,10.67,12.35,buy,False,2022-10-13T17:36:52.517340+00:00
373,5142756562,10.55,1.02,sell,False,2022-10-13T17:30:43.734933+00:00
374,5142756526,10.55,11.33,sell,False,2022-10-13T17:30:43.133527+00:00
375,5142012928,10.505,7.25,buy,False,2022-10-13T15:47:22.315066+00:00
376,5141981783,10.395,7.25,sell,False,2022-10-13T15:44:08.203468+00:00
377,5141933138,10.465,4.76,buy,False,2022-10-13T15:40:48.814801+00:00
378,5141923124,10.545,7.56,buy,False,2022-10-13T15:40:14.997561+00:00
379,5141883915,10.455,12.32,sell,False,2022-10-13T15:38:10.637696+00:00
380,5141673101,10.535,0.47,buy,False,2022-10-13T15:19:57.383233+00:00
381,5141100571,10.53,7.62,buy,False,2022-10-13T14:17:14.821123+00:00
382,5141057632,10.475,7.62,sell,False,2022-10-13T14:13:05.432498+00:00
383,5140964027,10.535,4.59,buy,False,2022-10-13T14:02:42.865885+00:00
384,5140963927,10.535,7.6,buy,False,2022-10-13T14:02:42.280097+00:00
385,5140843096,10.405,4.71,sell,False,2022-10-13T13:51:31.911335+00:00
386,5138666995,10.83,2.5,buy,False,2022-10-13T11:11:41.164731+00:00
387,5135931386,10.91,2.0,buy,False,2022-10-13T03:47:14.684794+00:00
388,5135394079,10.83,0.55,sell,False,2022-10-13T02:12:22.927934+00:00
389,5132905757,10.835,0.89,sell,False,2022-10-12T14:24:46.670803+00:00
390,5132905707,10.835,11.09,sell,False,2022-10-12T14:24:46.125815+00:00
391,5128586396,10.935,5.57,buy,False,2022-10-11T19:53:16.233475+00:00
392,5128585595,10.995,6.27,buy,False,2022-10-11T19:53:03.627213+00:00
393,5128584375,10.8,11.84,sell,False,2022-10-11T19:52:42.662822+00:00
394,5128584084,10.855,11.78,buy,False,2022-10-11T19:52:31.647147+00:00
395,5128544740,10.745,5.11,sell,False,2022-10-11T19:41:12.077446+00:00
396,5128544733,10.745,6.67,sell,False,2022-10-11T19:41:11.923394+00:00
397,5128543028,10.855,4.58,buy,False,2022-10-11T19:40:32.465832+00:00
398,5128543021,10.855,7.08,buy,False,2022-10-11T19:40:32.403503+00:00
399,5128541717,10.875,11.66,sell,False,2022-10-11T19:40:11.907404+00:00
400,5128126195,10.79,11.75,buy,False,2022-10-11T18:13:48.866868+00:00
401,5128123495,10.77,11.75,sell,False,2022-10-11T18:13:03.406875+00:00
402,5127096293,10.535,12.02,buy,False,2022-10-11T14:36:28.665212+00:00
403,5126621607,10.515,0.01,sell,False,2022-10-11T13:33:17.068653+00:00
404,5126620942,10.58,5.16,sell,False,2022-10-11T13:33:11.029093+00:00
405,5126620929,10.58,6.85,sell,False,2022-10-11T13:33:10.917651+00:00
406,5121932741,10.775,0.01,sell,False,2022-10-10T19:19:56.199829+00:00
407,5121932659,10.78,0.92,buy,False,2022-10-10T19:19:54.521570+00:00
408,5121458765,10.59,0.46,buy,False,2022-10-10T17:19:06.301673+00:00
409,5121196161,10.66,0.94,buy,False,2022-10-10T16:28:38.881547+00:00
410,5120636695,10.83,1.0,sell,False,2022-10-10T14:34:25.115014+00:00
411,5115586826,11.035,9.2,buy,False,2022-10-09T10:38:18.011492+00:00
412,5110168700,10.92,0.89,buy,False,2022-10-07T18:15:00.615493+00:00
413,5110168190,10.92,0.89,buy,False,2022-10-07T18:14:54.381606+00:00
414,5110113396,10.92,0.03,buy,False,2022-10-07T18:02:40.139794+00:00
415,5109843885,10.815,0.07,sell,False,2022-10-07T17:01:17.259007+00:00
416,5109254776,10.965,0.42,sell,False,2022-10-07T15:08:40.035138+00:00
417,5109254775,10.98,5.58,sell,False,2022-10-07T15:08:40.035138+00:00
418,5104588495,11.345,1.0,buy,False,2022-10-06T19:41:28.841000+00:00
419,5101528647,11.265,1.0,sell,False,2022-10-06T09:20:09.923494+00:00
420,5097945822,11.27,2.76,buy,False,2022-10-05T18:23:30.383145+00:00
421,5097945799,11.27,7.19,buy,False,2022-10-05T18:23:29.779678+00:00
422,5092871535,11.07,1.0,sell,False,2022-10-04T22:36:26.156467+00:00
423,5092157275,11.145,0.05,buy,False,2022-10-04T19:53:02.401821+00:00
424,5092156250,11.075,1.11,buy,False,2022-10-04T19:52:58.570438+00:00
425,5092102227,10.95,1.25,buy,False,2022-10-04T19:40:49.206582+00:00
426,5091032706,10.705,2.0,buy,False,2022-10-04T16:05:44.496723+00:00
427,5090820502,10.805,1.0,buy,False,2022-10-04T15:19:49.136325+00:00
428,5087620692,10.365,1.0,buy,False,2022-10-04T03:21:49.157279+00:00
429,5086767764,10.245,3.0,sell,False,2022-10-03T22:55:55.979073+00:00
430,5086282448,10.335,3.0,buy,False,2022-10-03T20:10:11.609077+00:00
431,5084460989,10.345,12.26,buy,False,2022-10-03T14:02:23.091178+00:00
432,5084453581,10.115,12.26,sell,False,2022-10-03T14:01:25.023794+00:00
433,5084414885,10.185,1.0,buy,False,2022-10-03T13:58:55.010482+00:00
434,5080414378,10.25,1.0,sell,False,2022-10-02T20:00:48.385720+00:00
435,5080387291,10.24,2.5,sell,False,2022-10-02T19:50:11.693120+00:00
436,5080185870,10.35,2.5,buy,False,2022-10-02T19:08:47.269493+00:00
437,5079494500,10.3,1.0,buy,False,2022-10-02T15:10:26.358528+00:00
438,5077734279,10.32,1.0,sell,False,2022-10-02T06:16:04.652132+00:00
439,5074544906,10.435,1.0,buy,False,2022-10-01T09:38:49.458070+00:00
440,5074407719,10.46,0.01,buy,False,2022-10-01T08:32:52.261025+00:00
441,5056605774,10.47,11.85,buy,False,2022-09-28T14:38:44.039405+00:00
442,5056303923,10.52,11.65,sell,False,2022-09-28T14:01:59.559511+00:00
443,5056301093,10.555,1.91,buy,False,2022-09-28T14:01:47.893260+00:00
444,5050840278,10.265,9.8,buy,False,2022-09-27T21:55:15.400900+00:00
445,5050001420,9.945,0.61,sell,False,2022-09-27T18:42:50.227003+00:00
446,5050001419,9.955,1.52,sell,False,2022-09-27T18:42:50.227003+00:00
447,5049398689,9.995,1.01,sell,False,2022-09-27T17:29:21.695757+00:00
448,5049392844,10.0,5.0,sell,False,2022-09-27T17:28:36.073678+00:00
449,5049016963,10.095,1.0,buy,False,2022-09-27T16:55:07.758009+00:00
450,5045642027,10.415,0.2,sell,False,2022-09-27T08:12:05.173546+00:00
451,5044708294,10.89,0.1,buy,False,2022-09-27T04:53:14.141299+00:00
452,5043330244,10.61,0.1,buy,False,2022-09-27T01:12:09.359928+00:00
453,5036375324,10.185,0.98,buy,False,2022-09-26T03:23:07.250483+00:00
454,5034788137,10.075,1.0,sell,False,2022-09-25T22:10:09.005167+00:00
455,5027419345,10.415,5.0,buy,False,2022-09-24T13:23:50.282407+00:00
456,5021907254,10.075,1.26,sell,False,2022-09-23T16:45:58.440733+00:00
457,5021079318,10.14,1.45,sell,False,2022-09-23T14:43:14.927173+00:00
458,5020842078,10.18,1.25,sell,False,2022-09-23T14:13:10.569733+00:00
459,5020842051,10.215,1.21,sell,False,2022-09-23T14:13:10.024178+00:00
460,5020833801,10.32,1.39,sell,False,2022-09-23T14:12:10.137623+00:00
461,5020833181,10.355,1.16,sell,False,2022-09-23T14:12:02.234759+00:00
462,5020773444,10.465,1.0,buy,False,2022-09-23T14:06:20.708812+00:00
463,5020347324,10.915,4.19,buy,False,2022-09-23T13:31:10.437176+00:00
464,5019737113,10.75,4.19,buy,False,2022-09-23T11:54:09.110830+00:00
465,5009957740,10.66,1.0,buy,False,2022-09-22T05:38:23.241790+00:00
466,5003714364,11.39,6.59,buy,False,2022-09-21T17:34:55.295026+00:00
467,5003708335,11.14,0.01,buy,False,2022-09-21T17:34:46.824025+00:00
468,5003704855,11.28,6.65,buy,False,2022-09-21T17:34:44.001222+00:00
469,5003610628,11.045,11.29,buy,False,2022-09-21T17:22:38.854166+00:00
470,5003608246,10.87,11.29,sell,False,2022-09-21T17:22:11.045799+00:00
471,5002370974,10.62,0.01,sell,False,2022-09-21T13:41:19.598953+00:00
472,5002370747,10.645,2.84,buy,False,2022-09-21T13:41:17.331501+00:00
473,5000954518,10.385,5.73,sell,False,2022-09-21T08:48:32.562098+00:00
474,4997073767,10.425,0.99,sell,False,2022-09-20T17:56:58.636535+00:00
475,4997068281,10.485,1.11,sell,False,2022-09-20T17:55:45.724991+00:00
476,4997068280,10.485,1.11,sell,False,2022-09-20T17:55:45.724991+00:00
477,4997068279,10.485,1.11,sell,False,2022-09-20T17:55:45.724991+00:00
478,4997068278,10.49,1.32,sell,False,2022-09-20T17:55:45.724991+00:00
479,4997062544,10.535,0.95,sell,False,2022-09-20T17:54:37.682261+00:00
480,4997023562,10.64,0.94,buy,False,2022-09-20T17:48:08.636202+00:00
481,4996972108,10.615,1.07,sell,False,2022-09-20T17:38:38.561376+00:00
482,4996972107,10.615,1.07,sell,False,2022-09-20T17:38:38.561376+00:00
483,4996972106,10.615,1.07,sell,False,2022-09-20T17:38:38.561376+00:00
484,4996953768,10.66,1.27,sell,False,2022-09-20T17:36:34.980993+00:00
485,4995552989,10.745,1.02,sell,False,2022-09-20T14:20:35.406643+00:00
486,4995552988,10.745,1.02,sell,False,2022-09-20T14:20:35.406643+00:00
487,4994230145,11.045,0.45,buy,False,2022-09-20T10:33:19.365030+00:00
488,4991499617,11.115,4.41,sell,False,2022-09-19T23:42:54.279655+00:00
489,4988657084,11.22,1.0,buy,False,2022-09-19T14:50:51.420044+00:00
490,4988180590,11.155,3.69,buy,False,2022-09-19T13:59:33.134615+00:00
491,4987898206,10.945,11.21,buy,False,2022-09-19T13:30:04.574071+00:00
492,4987874147,10.745,1.02,sell,False,2022-09-19T13:24:36.788297+00:00
493,4987874122,10.75,3.75,sell,False,2022-09-19T13:24:36.157259+00:00
494,4987874082,10.865,0.98,sell,False,2022-09-19T13:24:35.613169+00:00
495,4987874081,10.865,0.98,sell,False,2022-09-19T13:24:35.613169+00:00
496,4987874080,10.865,0.98,sell,False,2022-09-19T13:24:35.613169+00:00
497,4987874079,10.865,0.98,sell,False,2022-09-19T13:24:35.613169+00:00
498,4987874078,10.985,0.94,sell,False,2022-09-19T13:24:35.613169+00:00
499,4987874077,10.985,0.94,sell,False,2022-09-19T13:24:35.613169+00:00
500,4987874076,10.985,0.94,sell,False,2022-09-19T13:24:35.613169+00:00
501,4987874075,10.985,0.94,sell,False,2022-09-19T13:24:35.613169+00:00
502,4987874074,11.1,0.91,sell,False,2022-09-19T13:24:35.613169+00:00
503,4987874073,11.1,0.91,sell,False,2022-09-19T13:24:35.613169+00:00
504,4987874072,11.1,0.91,sell,False,2022-09-19T13:24:35.613169+00:00
505,4987874071,11.1,0.91,sell,False,2022-09-19T13:24:35.613169+00:00
506,4987179889,11.21,0.9,buy,False,2022-09-19T11:03:36.311186+00:00
507,4987176840,11.21,0.9,buy,False,2022-09-19T11:03:08.692798+00:00
508,4987176839,11.21,0.9,buy,False,2022-09-19T11:03:08.616471+00:00
509,4987174476,11.21,0.9,buy,False,2022-09-19T11:02:36.121086+00:00
510,4987167300,10.705,2.73,sell,False,2022-09-19T11:01:28.285581+00:00
511,4987163735,10.825,1.21,sell,False,2022-09-19T11:01:00.095225+00:00
512,4987163734,10.83,11.06,sell,False,2022-09-19T11:01:00.095225+00:00
513,4987163733,10.985,1.16,sell,False,2022-09-19T11:01:00.095225+00:00
514,4987163732,11.14,1.11,sell,False,2022-09-19T11:01:00.095225+00:00
515,4980901363,11.325,10.0,buy,False,2022-09-18T17:51:38.645920+00:00
516,4972659018,11.435,1.0,sell,False,2022-09-17T04:26:16.390636+00:00
517,4972337934,11.57,1.0,buy,False,2022-09-17T02:30:56.352280+00:00
518,4970632910,11.42,1.76,buy,False,2022-09-16T19:55:38.162442+00:00
519,4968192008,11.24,0.89,sell,False,2022-09-16T13:53:35.044374+00:00
520,4968178302,11.275,0.27,sell,False,2022-09-16T13:53:06.420067+00:00
521,4968104084,11.355,4.41,buy,False,2022-09-16T13:46:32.764444+00:00
522,4968082514,11.35,0.89,buy,False,2022-09-16T13:43:36.578061+00:00
523,4968065055,11.29,1.06,sell,False,2022-09-16T13:41:14.783644+00:00
524,4968011518,11.35,2.73,buy,False,2022-09-16T13:35:26.041069+00:00
525,4967965574,11.435,1.02,sell,False,2022-09-16T13:30:48.890629+00:00
526,4961149378,11.58,0.98,sell,False,2022-09-15T14:53:08.246147+00:00
527,4960856136,11.715,0.94,sell,False,2022-09-15T14:36:35.153046+00:00
528,4951545166,11.89,8.13,sell,False,2022-09-14T14:44:47.278532+00:00
529,4945292616,12.14,4.29,buy,False,2022-09-13T19:50:20.123628+00:00
530,4945007797,11.76,0.93,sell,False,2022-09-13T19:11:25.830202+00:00
531,4944829914,11.85,0.9,sell,False,2022-09-13T18:59:01.873056+00:00
532,4944807658,11.895,0.9,sell,False,2022-09-13T18:56:58.958784+00:00
533,4944784817,11.98,0.86,sell,False,2022-09-13T18:55:37.244687+00:00
534,4944742267,12.025,0.86,sell,False,2022-09-13T18:53:12.640847+00:00
535,4944327752,12.18,2.0,buy,False,2022-09-13T17:42:25.589381+00:00
536,4943071892,12.105,0.83,sell,False,2022-09-13T14:50:33.469448+00:00
537,4942955821,12.15,0.83,sell,False,2022-09-13T14:42:14.967286+00:00
538,4942679271,12.225,0.82,buy,False,2022-09-13T14:08:42.081661+00:00
539,4942663044,12.27,0.82,buy,False,2022-09-13T14:07:08.644013+00:00
540,4942162767,12.165,0.13,sell,False,2022-09-13T13:30:02.285491+00:00
541,4932981442,12.755,0.06,sell,False,2022-09-12T13:33:02.756434+00:00
542,4932957535,13.145,0.04,buy,False,2022-09-12T13:30:09.700476+00:00
543,4932956198,13.035,9.18,buy,False,2022-09-12T13:30:02.485315+00:00
544,4932956095,12.995,0.1,buy,False,2022-09-12T13:30:01.890039+00:00
545,4912100549,12.625,0.75,sell,False,2022-09-09T13:37:34.925709+00:00
546,4912076757,12.6,9.17,sell,False,2022-09-09T13:34:40.896958+00:00
547,4912074511,12.515,0.06,sell,False,2022-09-09T13:34:24.483326+00:00
548,4912061925,12.895,0.04,buy,False,2022-09-09T13:32:40.081549+00:00
549,4912060701,12.86,0.05,buy,False,2022-09-09T13:32:32.791643+00:00
550,4912059580,12.69,14.32,buy,False,2022-09-09T13:32:24.546611+00:00
551,4912058936,12.665,14.35,buy,False,2022-09-09T13:32:20.624292+00:00
552,4912031565,12.53,13.65,buy,False,2022-09-09T13:30:02.710749+00:00
553,4911553782,12.53,0.75,buy,False,2022-09-09T12:43:17.991543+00:00
554,4910753962,12.53,0.05,buy,False,2022-09-09T10:59:18.040012+00:00
555,4910753412,12.225,1.02,buy,False,2022-09-09T10:59:12.988807+00:00
556,4904504601,12.1,16.23,buy,False,2022-09-08T15:18:10.319042+00:00
557,4902221148,11.935,24.04,buy,False,2022-09-08T10:02:12.616786+00:00
558,4899801869,11.945,0.1,sell,False,2022-09-08T00:08:09.540506+00:00
559,4899259378,11.965,0.1,sell,False,2022-09-07T22:06:56.834217+00:00
560,4899190896,12.095,0.1,buy,False,2022-09-07T21:56:35.831804+00:00
561,4897380349,11.66,0.1,buy,False,2022-09-07T16:52:15.061317+00:00
562,4897219438,11.4,1.76,buy,False,2022-09-07T16:23:33.106000+00:00
563,4897137678,11.295,2.69,buy,False,2022-09-07T16:06:23.990814+00:00
564,4896793095,11.2,5.0,buy,False,2022-09-07T14:58:19.023704+00:00
565,4896378057,11.095,1.15,sell,False,2022-09-07T13:50:25.458226+00:00
566,4896373774,11.08,0.01,buy,False,2022-09-07T13:49:46.052160+00:00
567,4896346885,10.98,0.48,buy,False,2022-09-07T13:45:42.381273+00:00
568,4896203823,10.99,1.83,buy,False,2022-09-07T13:31:18.929580+00:00
569,4895461775,10.74,0.96,sell,False,2022-09-07T11:20:18.732519+00:00
570,4895461742,10.795,0.93,sell,False,2022-09-07T11:20:18.180435+00:00
571,4895461741,10.82,0.93,sell,False,2022-09-07T11:20:18.180435+00:00
572,4892958885,10.89,5.0,buy,False,2022-09-07T01:00:09.368040+00:00
573,4892958429,10.89,5.0,buy,False,2022-09-07T01:00:05.531915+00:00
574,4892957786,10.89,5.0,buy,False,2022-09-07T00:59:57.924489+00:00
575,4890870268,10.855,0.93,sell,False,2022-09-06T18:48:09.794692+00:00
576,4890838380,10.9,0.92,buy,False,2022-09-06T18:43:37.631074+00:00
577,4890800602,10.925,0.92,buy,False,2022-09-06T18:39:36.859553+00:00
578,4890720068,10.965,0.92,sell,False,2022-09-06T18:30:38.180383+00:00
579,4867491926,11.715,6.1,buy,False,2022-09-02T16:06:46.225248+00:00
580,4866669510,11.26,0.01,sell,False,2022-09-02T13:34:42.043933+00:00
581,4866669193,11.55,10.02,buy,False,2022-09-02T13:34:38.495470+00:00
582,4866658504,11.32,10.02,sell,False,2022-09-02T13:33:17.519789+00:00
583,4866657363,11.6,9.78,buy,False,2022-09-02T13:33:09.482575+00:00
584,4866645888,11.245,9.78,sell,False,2022-09-02T13:31:47.047150+00:00
585,4866641967,11.6,9.48,buy,False,2022-09-02T13:31:26.200116+00:00
586,4866640252,11.37,9.48,sell,False,2022-09-02T13:31:15.560011+00:00
587,4866639025,11.615,9.28,buy,False,2022-09-02T13:31:06.691883+00:00
588,4866628103,11.345,9.28,sell,False,2022-09-02T13:30:09.548044+00:00
589,4865630307,11.355,2.87,buy,False,2022-09-02T11:19:18.083147+00:00
590,4862291811,11.225,1.13,buy,False,2022-09-01T20:03:23.368112+00:00
591,4861049936,11.215,9.39,buy,False,2022-09-01T15:46:17.163041+00:00
592,4860893902,11.0,9.39,sell,False,2022-09-01T15:20:21.846541+00:00
593,4860558538,11.39,9.06,buy,False,2022-09-01T14:46:16.787920+00:00
594,4860558491,11.2,6.33,buy,False,2022-09-01T14:46:16.265095+00:00
595,4860311116,11.205,8.5,sell,True,2022-09-01T14:14:25.147893+00:00
596,4857269513,11.44,5.0,buy,False,2022-09-01T02:43:10.396459+00:00
597,4854707009,11.435,1.0,buy,False,2022-08-31T16:46:50.083625+00:00
598,4848268782,11.255,9.06,sell,False,2022-08-30T19:59:50.488703+00:00
599,4848225023,11.5,8.87,buy,False,2022-08-30T19:50:50.184859+00:00
600,4848217824,11.235,8.87,sell,False,2022-08-30T19:50:14.079559+00:00
601,4845810944,11.09,1.21,sell,False,2022-08-30T14:34:35.738446+00:00
602,4841465538,11.42,0.26,buy,False,2022-08-29T21:15:43.171669+00:00
603,4840128042,11.225,10.0,buy,False,2022-08-29T15:49:34.897615+00:00
604,4839078689,11.155,0.01,buy,False,2022-08-29T13:31:27.876364+00:00
605,4839075181,11.16,8.93,buy,False,2022-08-29T13:31:12.471460+00:00
606,4839074617,10.8,0.01,sell,False,2022-08-29T13:31:11.469982+00:00
607,4839074616,10.83,1.4,sell,False,2022-08-29T13:31:11.469982+00:00
608,4839074615,10.875,1.36,sell,False,2022-08-29T13:31:11.469982+00:00
609,4839074614,10.895,1.35,sell,False,2022-08-29T13:31:11.469982+00:00
610,4839074613,10.895,1.35,sell,False,2022-08-29T13:31:11.469982+00:00
611,4839072695,10.94,8.93,sell,False,2022-08-29T13:31:05.739808+00:00
612,4839072577,10.95,0.55,sell,False,2022-08-29T13:31:05.631571+00:00
613,4839067516,11.225,8.7,buy,False,2022-08-29T13:30:45.918025+00:00
614,4839066290,11.0,24.62,sell,False,2022-08-29T13:30:34.348371+00:00
615,4839066270,11.0,20.83,sell,False,2022-08-29T13:30:33.816685+00:00
616,4839063353,11.31,8.7,sell,False,2022-08-29T13:30:18.817452+00:00
617,4839061430,11.035,1.34,sell,False,2022-08-29T13:30:02.355090+00:00
618,4838865252,11.315,1.0,buy,False,2022-08-29T12:50:18.275795+00:00
619,4836120968,11.07,1.29,sell,True,2022-08-29T00:58:40.388110+00:00
620,4835986558,11.09,1.29,sell,True,2022-08-29T00:34:03.309515+00:00
621,4835986557,11.09,1.29,sell,True,2022-08-29T00:34:03.309515+00:00
622,4823611105,11.315,1.76,buy,False,2022-08-26T19:12:56.394492+00:00
623,4822978085,11.27,0.01,buy,False,2022-08-26T17:19:28.140003+00:00
624,4822967323,11.27,0.01,buy,False,2022-08-26T17:17:28.190247+00:00
625,4822956309,11.27,0.01,buy,False,2022-08-26T17:15:28.582933+00:00
626,4822946947,11.27,0.01,buy,False,2022-08-26T17:13:28.279128+00:00
627,4822934954,11.27,0.01,buy,False,2022-08-26T17:11:28.346804+00:00
628,4822923934,11.245,0.01,buy,False,2022-08-26T17:09:28.307942+00:00
629,4822915794,11.23,0.01,buy,False,2022-08-26T17:07:28.248163+00:00
630,4822895660,11.23,0.02,buy,False,2022-08-26T17:03:58.205743+00:00
631,4822881608,11.22,0.01,buy,False,2022-08-26T17:01:58.365064+00:00
632,4822868125,11.25,0.01,buy,False,2022-08-26T16:59:56.682999+00:00
633,4822857598,11.245,0.01,buy,False,2022-08-26T16:57:56.229944+00:00
634,4822848600,11.245,0.01,buy,False,2022-08-26T16:55:56.152157+00:00
635,4822838037,11.225,0.01,buy,False,2022-08-26T16:53:56.193819+00:00
636,4822824212,11.17,0.01,buy,False,2022-08-26T16:51:56.475037+00:00
637,4822809947,11.17,0.01,buy,False,2022-08-26T16:49:56.302095+00:00
638,4822798865,11.19,0.01,buy,False,2022-08-26T16:47:56.337496+00:00
639,4822788675,11.19,0.01,buy,False,2022-08-26T16:45:56.478981+00:00
640,4822778370,11.19,0.01,buy,False,2022-08-26T16:43:56.333946+00:00
641,4822762681,11.19,0.01,buy,False,2022-08-26T16:41:56.387841+00:00
642,4822750350,11.19,0.01,buy,False,2022-08-26T16:39:56.590636+00:00
643,4822737185,11.19,0.01,buy,False,2022-08-26T16:37:56.329812+00:00
644,4822723087,11.18,0.01,buy,False,2022-08-26T16:35:56.397370+00:00
645,4822710173,11.17,0.01,buy,False,2022-08-26T16:33:56.480560+00:00
646,4822690992,11.165,0.01,buy,False,2022-08-26T16:31:56.366080+00:00
647,4822672776,11.215,0.01,buy,False,2022-08-26T16:29:56.202130+00:00
648,4822659343,11.14,0.9,sell,False,2022-08-26T16:29:01.427065+00:00
649,4822643080,11.185,0.01,buy,False,2022-08-26T16:27:56.583342+00:00
650,4822616364,11.225,0.01,buy,False,2022-08-26T16:25:56.251901+00:00
651,4822603349,11.23,0.01,buy,False,2022-08-26T16:23:56.157978+00:00
652,4822581303,11.26,0.01,buy,False,2022-08-26T16:21:56.204635+00:00
653,4822523800,11.27,0.01,buy,False,2022-08-26T16:19:56.209842+00:00
654,4822508178,11.28,0.01,buy,False,2022-08-26T16:17:56.461478+00:00
655,4822490009,11.295,0.01,buy,False,2022-08-26T16:15:56.590599+00:00
656,4822475814,11.295,0.01,buy,False,2022-08-26T16:13:56.223541+00:00
657,4822462387,11.295,0.01,buy,False,2022-08-26T16:11:56.352611+00:00
658,4822448246,11.295,0.01,buy,False,2022-08-26T16:09:56.847955+00:00
659,4822436328,11.32,0.01,buy,False,2022-08-26T16:07:56.165316+00:00
660,4822423448,11.28,0.01,buy,False,2022-08-26T16:05:56.245590+00:00
661,4822409552,11.285,0.01,buy,False,2022-08-26T16:03:56.155541+00:00
662,4822391603,11.305,0.01,buy,False,2022-08-26T16:01:56.139994+00:00
663,4822369952,11.305,0.01,buy,False,2022-08-26T15:59:48.410442+00:00
664,4822354146,11.295,0.01,buy,False,2022-08-26T15:57:48.426468+00:00
665,4822338722,11.305,0.01,buy,False,2022-08-26T15:55:48.228473+00:00
666,4822322093,11.305,0.01,buy,False,2022-08-26T15:53:48.720914+00:00
667,4822304467,11.29,0.01,buy,False,2022-08-26T15:51:48.443939+00:00
668,4822288288,11.29,0.01,buy,False,2022-08-26T15:49:48.276682+00:00
669,4822266201,11.36,0.01,buy,False,2022-08-26T15:47:48.316703+00:00
670,4822248133,11.305,0.01,buy,False,2022-08-26T15:45:48.611452+00:00
671,4822227559,11.305,0.01,buy,False,2022-08-26T15:43:48.337347+00:00
672,4822205400,11.3,0.01,buy,False,2022-08-26T15:41:48.297464+00:00
673,4822185502,11.32,0.01,buy,False,2022-08-26T15:39:42.641134+00:00
674,4822164317,11.375,0.01,buy,False,2022-08-26T15:37:31.999306+00:00
675,4822145643,11.365,0.01,buy,False,2022-08-26T15:35:31.822399+00:00
676,4822125423,11.365,0.01,buy,False,2022-08-26T15:33:32.054148+00:00
677,4822103230,11.315,0.01,buy,False,2022-08-26T15:31:31.765608+00:00
678,4822084024,11.28,0.01,buy,False,2022-08-26T15:29:32.281263+00:00
679,4822065092,11.295,0.01,buy,False,2022-08-26T15:27:31.899065+00:00
680,4822014406,11.275,0.02,buy,False,2022-08-26T15:23:47.177984+00:00
681,4821987659,11.255,0.89,sell,False,2022-08-26T15:21:51.278546+00:00
682,4821986446,11.28,0.01,buy,False,2022-08-26T15:21:46.942268+00:00
683,4821950175,11.255,0.01,buy,False,2022-08-26T15:19:46.789984+00:00
684,4821904985,11.265,0.01,buy,False,2022-08-26T15:17:47.021957+00:00
685,4821861582,11.23,1.27,sell,False,2022-08-26T15:15:57.436658+00:00
686,4821861255,11.255,1.23,sell,False,2022-08-26T15:15:56.752115+00:00
687,4821855101,11.28,0.01,buy,False,2022-08-26T15:15:48.143861+00:00
688,4821842501,11.275,1.23,sell,False,2022-08-26T15:15:37.465621+00:00
689,4821842500,11.275,1.23,sell,False,2022-08-26T15:15:37.465621+00:00
690,4821803622,11.33,0.01,buy,False,2022-08-26T15:13:46.922674+00:00
691,4821775583,11.33,0.01,buy,False,2022-08-26T15:11:47.247430+00:00
692,4821746638,11.355,0.01,buy,False,2022-08-26T15:09:46.784368+00:00
693,4821716617,11.355,0.01,buy,False,2022-08-26T15:07:46.889866+00:00
694,4821682771,11.365,0.01,buy,False,2022-08-26T15:05:47.336660+00:00
695,4821607659,11.41,0.02,buy,False,2022-08-26T15:03:46.784655+00:00
696,4821568501,11.425,0.01,buy,False,2022-08-26T15:01:46.891076+00:00
697,4821504403,11.425,0.01,buy,False,2022-08-26T14:59:44.434853+00:00
698,4821485887,11.415,0.01,buy,False,2022-08-26T14:57:44.490032+00:00
699,4821485405,11.42,1.22,sell,False,2022-08-26T14:57:41.680027+00:00
700,4821483153,11.435,1.18,sell,False,2022-08-26T14:57:29.163079+00:00
701,4821447585,11.575,0.01,buy,False,2022-08-26T14:55:44.505590+00:00
702,4821432836,11.57,0.01,buy,False,2022-08-26T14:53:44.565140+00:00
703,4821417320,11.59,0.01,buy,False,2022-08-26T14:51:44.501556+00:00
704,4821400653,11.59,0.01,buy,False,2022-08-26T14:49:44.522762+00:00
705,4821383389,11.59,0.01,buy,False,2022-08-26T14:47:44.536861+00:00
706,4821364071,11.545,0.01,buy,False,2022-08-26T14:45:44.605011+00:00
707,4821337051,11.59,0.01,buy,False,2022-08-26T14:43:44.669673+00:00
708,4821321286,11.55,0.01,buy,False,2022-08-26T14:41:44.871796+00:00
709,4821295619,11.575,0.01,buy,False,2022-08-26T14:39:44.561368+00:00
710,4821258864,11.64,0.01,buy,False,2022-08-26T14:37:44.545205+00:00
711,4821230880,11.645,0.01,buy,False,2022-08-26T14:35:44.493653+00:00
712,4821213178,11.625,0.01,buy,False,2022-08-26T14:33:44.501453+00:00
713,4821191877,11.62,0.01,buy,False,2022-08-26T14:31:44.480618+00:00
714,4821164226,11.615,0.01,buy,False,2022-08-26T14:29:44.453548+00:00
715,4821138171,11.625,0.01,buy,False,2022-08-26T14:27:44.429711+00:00
716,4821113220,11.665,0.01,buy,False,2022-08-26T14:25:44.606971+00:00
717,4821094146,11.69,0.01,buy,False,2022-08-26T14:23:44.476294+00:00
718,4821069193,11.755,0.01,buy,False,2022-08-26T14:21:44.693856+00:00
719,4821049804,11.75,0.01,buy,False,2022-08-26T14:19:44.440533+00:00
720,4821029019,11.78,0.02,buy,False,2022-08-26T14:17:44.536533+00:00
721,4820993553,11.785,0.01,buy,False,2022-08-26T14:15:44.656650+00:00
722,4820968232,11.785,0.01,buy,False,2022-08-26T14:13:44.553248+00:00
723,4820935892,11.84,0.01,buy,False,2022-08-26T14:11:44.592893+00:00
724,4820876950,11.84,0.01,buy,False,2022-08-26T14:09:44.600040+00:00
725,4820837418,11.81,0.01,buy,False,2022-08-26T14:07:44.461659+00:00
726,4820803781,11.785,0.01,buy,False,2022-08-26T14:05:44.662956+00:00
727,4820749406,11.78,0.01,buy,False,2022-08-26T14:03:44.544874+00:00
728,4820669328,11.85,0.01,buy,False,2022-08-26T14:01:44.530090+00:00
729,4820611718,11.855,0.01,buy,False,2022-08-26T13:59:44.416782+00:00
730,4820592870,11.88,0.01,buy,False,2022-08-26T13:57:44.573169+00:00
731,4820578971,11.88,0.01,buy,False,2022-08-26T13:55:44.619347+00:00
732,4820564917,11.87,0.01,buy,False,2022-08-26T13:53:44.959226+00:00
733,4820547669,11.88,0.01,buy,False,2022-08-26T13:51:44.544444+00:00
734,4820532491,11.88,0.01,buy,False,2022-08-26T13:49:44.420307+00:00
735,4820521394,11.88,0.01,buy,False,2022-08-26T13:47:44.476719+00:00
736,4820510187,11.855,0.01,buy,False,2022-08-26T13:45:44.425254+00:00
737,4820497858,11.88,0.01,buy,False,2022-08-26T13:43:44.507807+00:00
738,4820486550,11.88,0.01,buy,False,2022-08-26T13:41:44.609513+00:00
739,4820474890,11.95,0.01,buy,False,2022-08-26T13:39:44.640376+00:00
740,4820460238,11.96,0.01,buy,False,2022-08-26T13:37:44.503784+00:00
741,4820443105,11.96,0.01,buy,False,2022-08-26T13:35:44.599658+00:00
742,4820428392,12.09,0.01,buy,False,2022-08-26T13:33:44.594657+00:00
743,4820403729,12.115,0.01,buy,False,2022-08-26T13:31:44.562225+00:00
744,4820387678,12.025,0.01,buy,False,2022-08-26T13:29:44.565258+00:00
745,4820375621,12.02,0.01,buy,False,2022-08-26T13:27:44.460605+00:00
746,4820361495,12.03,0.01,buy,False,2022-08-26T13:25:44.542930+00:00
747,4820350726,12.01,0.01,buy,False,2022-08-26T13:23:44.592481+00:00
748,4820336081,11.945,0.01,buy,False,2022-08-26T13:21:44.417429+00:00
749,4820317716,11.98,0.01,buy,False,2022-08-26T13:19:44.605134+00:00
750,4820304033,11.995,0.01,buy,False,2022-08-26T13:17:44.485009+00:00
751,4820285867,11.98,0.01,buy,False,2022-08-26T13:15:44.489672+00:00
752,4820270224,11.98,0.01,buy,False,2022-08-26T13:13:44.509324+00:00
753,4820257124,11.96,0.01,buy,False,2022-08-26T13:11:44.671856+00:00
754,4820234416,11.985,0.01,buy,False,2022-08-26T13:09:44.758488+00:00
755,4820208008,12.065,0.01,buy,False,2022-08-26T13:07:44.458460+00:00
756,4820179834,12.02,0.01,buy,False,2022-08-26T13:05:44.895973+00:00
757,4820147551,12.035,0.01,buy,False,2022-08-26T13:03:44.495570+00:00
758,4820087931,11.965,0.01,buy,False,2022-08-26T13:01:44.512806+00:00
759,4820055598,11.9,0.01,buy,False,2022-08-26T12:59:44.443996+00:00
760,4820036310,11.9,0.01,buy,False,2022-08-26T12:57:44.498804+00:00
761,4820005276,11.85,0.01,buy,False,2022-08-26T12:55:44.871543+00:00
762,4819991803,11.845,0.01,buy,False,2022-08-26T12:53:44.573028+00:00
763,4819980460,11.855,0.02,buy,False,2022-08-26T12:51:44.593325+00:00
764,4819967287,11.835,0.01,buy,False,2022-08-26T12:49:44.460253+00:00
765,4819949113,11.815,0.01,buy,False,2022-08-26T12:47:44.630598+00:00
766,4819932994,11.805,0.01,buy,False,2022-08-26T12:45:44.666010+00:00
767,4819918716,11.805,0.01,buy,False,2022-08-26T12:43:44.523358+00:00
768,4819902623,11.8,0.01,buy,False,2022-08-26T12:41:44.450936+00:00
769,4819884434,11.81,0.01,buy,False,2022-08-26T12:39:44.813469+00:00
770,4819867877,11.805,0.01,buy,False,2022-08-26T12:37:44.584799+00:00
771,4819844764,11.825,0.01,buy,False,2022-08-26T12:35:44.457474+00:00
772,4819805393,11.785,0.01,buy,False,2022-08-26T12:33:44.542173+00:00
773,4819761703,11.9,0.02,buy,False,2022-08-26T12:31:44.665316+00:00
774,4819649452,11.975,0.01,buy,False,2022-08-26T12:29:44.760593+00:00
775,4819639479,11.975,0.01,buy,False,2022-08-26T12:27:44.673937+00:00
776,4819624962,11.975,0.01,buy,False,2022-08-26T12:25:44.641805+00:00
777,4819617265,11.975,0.01,buy,False,2022-08-26T12:23:44.487522+00:00
778,4819606907,11.975,0.01,buy,False,2022-08-26T12:21:44.672801+00:00
779,4819593635,11.975,0.01,buy,False,2022-08-26T12:19:44.495709+00:00
780,4819584301,11.975,0.01,buy,False,2022-08-26T12:17:44.636345+00:00
781,4819571755,11.975,0.02,buy,False,2022-08-26T12:15:44.498590+00:00
782,4819561364,11.975,0.01,buy,False,2022-08-26T12:13:44.494802+00:00
783,4819554072,11.975,0.01,buy,False,2022-08-26T12:11:44.661908+00:00
784,4819547274,11.975,0.01,buy,False,2022-08-26T12:09:44.443994+00:00
785,4819541199,11.975,0.01,buy,False,2022-08-26T12:07:44.468884+00:00
786,4819531811,11.975,0.01,buy,False,2022-08-26T12:05:44.755530+00:00
787,4819521507,11.975,0.01,buy,False,2022-08-26T12:03:44.445143+00:00
788,4819511025,11.975,0.01,buy,False,2022-08-26T12:01:44.526890+00:00
789,4819496927,11.775,0.01,buy,False,2022-08-26T11:59:41.497516+00:00
790,4819488939,11.775,0.01,buy,False,2022-08-26T11:57:41.732832+00:00
791,4819478166,11.775,0.01,buy,False,2022-08-26T11:55:41.263696+00:00
792,4819466444,11.775,0.01,buy,False,2022-08-26T11:53:41.347513+00:00
793,4819457447,11.775,0.01,buy,False,2022-08-26T11:51:41.683018+00:00
794,4819450029,11.775,0.01,buy,False,2022-08-26T11:49:41.268473+00:00
795,4819440204,11.775,0.01,buy,False,2022-08-26T11:47:41.353836+00:00
796,4819430544,11.775,0.01,buy,False,2022-08-26T11:45:41.571461+00:00
797,4819423153,11.775,0.01,buy,False,2022-08-26T11:43:41.351856+00:00
798,4819415932,11.775,0.01,buy,False,2022-08-26T11:41:41.295637+00:00
799,4819406924,11.775,0.01,buy,False,2022-08-26T11:39:41.313201+00:00
800,4819398376,11.775,0.01,buy,False,2022-08-26T11:37:41.378469+00:00
801,4819381669,11.775,0.01,buy,False,2022-08-26T11:35:41.332725+00:00
802,4819369059,11.775,0.01,buy,False,2022-08-26T11:33:41.243229+00:00
803,4819356406,11.775,0.01,buy,False,2022-08-26T11:31:41.243502+00:00
804,4819345738,11.775,0.01,buy,False,2022-08-26T11:29:41.237546+00:00
805,4819334733,11.775,0.01,buy,False,2022-08-26T11:27:41.223164+00:00
806,4819320555,11.775,0.01,buy,False,2022-08-26T11:25:41.248863+00:00
807,4819310206,11.775,0.01,buy,False,2022-08-26T11:23:41.222577+00:00
808,4819299334,11.775,0.01,buy,False,2022-08-26T11:21:41.254134+00:00
809,4816617611,11.88,5.0,buy,False,2022-08-26T00:27:10.689357+00:00
810,4815537357,11.915,0.01,buy,False,2022-08-25T19:02:29.724345+00:00
811,4815534009,11.9,0.01,buy,False,2022-08-25T19:01:13.677842+00:00
812,4815530112,11.88,0.01,buy,False,2022-08-25T18:59:58.562938+00:00
813,4815526694,11.895,0.01,buy,False,2022-08-25T18:58:43.729863+00:00
814,4815523734,11.895,0.01,buy,False,2022-08-25T18:57:28.802301+00:00
815,4815520027,11.895,0.01,buy,False,2022-08-25T18:56:13.722658+00:00
816,4815516685,11.895,0.01,buy,False,2022-08-25T18:54:58.550767+00:00
817,4815514384,11.895,0.01,buy,False,2022-08-25T18:53:43.575753+00:00
818,4815511347,11.895,0.01,buy,False,2022-08-25T18:52:28.579153+00:00
819,4815506826,11.895,0.01,buy,False,2022-08-25T18:51:13.604126+00:00
820,4815503296,11.895,0.01,buy,False,2022-08-25T18:49:58.561673+00:00
821,4815498796,11.895,0.01,buy,False,2022-08-25T18:48:43.627337+00:00
822,4815489154,11.9,0.01,buy,False,2022-08-25T18:47:28.655814+00:00
823,4815485383,11.9,0.01,buy,False,2022-08-25T18:46:13.577463+00:00
824,4815481652,11.99,0.01,buy,False,2022-08-25T18:44:43.628253+00:00
825,4815478144,11.91,0.01,buy,False,2022-08-25T18:43:28.582613+00:00
826,4815475496,11.91,0.01,buy,False,2022-08-25T18:42:13.626227+00:00
827,4815471620,11.91,0.01,buy,False,2022-08-25T18:40:58.827957+00:00
828,4815468221,11.91,0.01,buy,False,2022-08-25T18:39:43.615297+00:00
829,4815464279,11.91,0.01,buy,False,2022-08-25T18:38:28.585674+00:00
830,4815460186,11.91,0.01,buy,False,2022-08-25T18:37:13.574097+00:00
831,4815455991,11.91,0.01,buy,False,2022-08-25T18:35:59.093229+00:00
832,4815452728,11.91,0.01,buy,False,2022-08-25T18:34:43.718040+00:00
833,4815450594,11.91,0.01,buy,False,2022-08-25T18:33:28.723709+00:00
834,4815447391,11.91,0.01,buy,False,2022-08-25T18:32:13.716151+00:00
835,4815443940,11.91,0.01,buy,False,2022-08-25T18:30:58.748297+00:00
836,4815440661,11.91,0.01,buy,False,2022-08-25T18:29:43.785498+00:00
837,4815437110,11.91,0.01,buy,False,2022-08-25T18:28:28.942169+00:00
838,4815433967,11.91,0.01,buy,False,2022-08-25T18:27:13.637647+00:00
839,4815431495,11.91,0.01,buy,False,2022-08-25T18:25:58.857575+00:00
840,4815428450,11.9,0.01,buy,False,2022-08-25T18:24:43.773515+00:00
841,4815426364,11.9,0.01,buy,False,2022-08-25T18:23:28.573371+00:00
842,4815422997,11.9,0.01,buy,False,2022-08-25T18:22:13.843902+00:00
843,4815417422,11.9,0.01,buy,False,2022-08-25T18:20:58.569443+00:00
844,4815413180,11.93,0.01,buy,False,2022-08-25T18:19:14.015535+00:00
845,4815410239,11.905,0.01,buy,False,2022-08-25T18:17:58.694268+00:00
846,4815396466,11.92,0.01,buy,False,2022-08-25T18:12:28.920803+00:00
847,4815392721,11.91,0.01,buy,False,2022-08-25T18:11:13.590984+00:00
848,4815390301,11.91,0.01,buy,False,2022-08-25T18:09:58.573434+00:00
849,4815386532,11.91,0.01,buy,False,2022-08-25T18:08:43.935588+00:00
850,4815382902,11.91,0.01,buy,False,2022-08-25T18:07:28.855270+00:00
851,4815379899,11.91,0.01,buy,False,2022-08-25T18:06:13.705168+00:00
852,4815374651,11.9,0.01,buy,False,2022-08-25T18:04:58.852273+00:00
853,4815355566,11.915,0.01,buy,False,2022-08-25T18:00:43.810608+00:00
854,4815349897,11.89,0.01,buy,False,2022-08-25T17:59:33.250142+00:00
855,4815346319,11.915,0.01,buy,False,2022-08-25T17:58:18.042997+00:00
856,4815343714,11.89,0.01,buy,False,2022-08-25T17:57:03.194078+00:00
857,4815340160,11.89,0.01,buy,False,2022-08-25T17:55:48.047875+00:00
858,4815337443,11.88,0.01,buy,False,2022-08-25T17:54:33.210603+00:00
859,4815335005,11.88,0.01,buy,False,2022-08-25T17:53:18.119384+00:00
860,4815330856,11.88,0.01,buy,False,2022-08-25T17:52:03.212695+00:00
861,4815325996,11.89,0.01,buy,False,2022-08-25T17:50:48.118841+00:00
862,4815319463,11.89,0.01,buy,False,2022-08-25T17:49:33.043280+00:00
863,4815314631,11.88,0.01,buy,False,2022-08-25T17:48:18.371577+00:00
864,4815309635,11.89,0.01,buy,False,2022-08-25T17:47:02.927353+00:00
865,4815304611,11.88,0.01,buy,False,2022-08-25T17:45:48.037776+00:00
866,4815300790,11.88,0.01,buy,False,2022-08-25T17:44:33.123654+00:00
867,4815296577,11.88,0.01,buy,False,2022-08-25T17:43:17.953856+00:00
868,4815288437,11.88,0.01,buy,False,2022-08-25T17:42:03.320688+00:00
869,4815284129,11.88,0.01,buy,False,2022-08-25T17:40:48.136811+00:00
870,4815279923,11.88,0.01,buy,False,2022-08-25T17:39:33.190801+00:00
871,4815275866,11.88,0.01,buy,False,2022-08-25T17:38:18.476396+00:00
872,4815268411,11.88,0.01,buy,False,2022-08-25T17:37:03.054422+00:00
873,4815258509,11.88,0.01,buy,False,2022-08-25T17:35:48.160931+00:00
874,4815252797,11.87,0.01,buy,False,2022-08-25T17:34:33.035340+00:00
875,4815248799,11.87,0.01,buy,False,2022-08-25T17:33:18.026771+00:00
876,4815244665,11.86,0.01,buy,False,2022-08-25T17:32:02.962302+00:00
877,4815236980,11.825,0.01,buy,False,2022-08-25T17:30:48.086306+00:00
878,4815231476,11.825,0.01,buy,False,2022-08-25T17:29:33.051660+00:00
879,4815227560,11.825,0.01,buy,False,2022-08-25T17:28:17.976587+00:00
880,4815224359,11.825,0.01,buy,False,2022-08-25T17:27:02.924902+00:00
881,4815220774,11.825,0.01,buy,False,2022-08-25T17:25:48.302612+00:00
882,4815217345,11.825,0.01,buy,False,2022-08-25T17:24:32.944436+00:00
883,4815213120,11.825,0.01,buy,False,2022-08-25T17:23:18.046105+00:00
884,4815208682,11.825,0.01,buy,False,2022-08-25T17:22:03.708595+00:00
885,4815205434,11.82,0.01,buy,False,2022-08-25T17:20:47.977983+00:00
886,4815198736,11.82,0.01,buy,False,2022-08-25T17:19:32.952776+00:00
887,4815191734,11.82,0.01,buy,False,2022-08-25T17:18:18.129300+00:00
888,4815187363,11.82,0.01,buy,False,2022-08-25T17:17:02.963100+00:00
889,4815182821,11.82,0.01,buy,False,2022-08-25T17:15:48.357385+00:00
890,4815178747,11.82,0.01,buy,False,2022-08-25T17:14:32.908096+00:00
891,4815175356,11.82,0.01,buy,False,2022-08-25T17:13:18.010429+00:00
892,4815172003,11.82,0.01,buy,False,2022-08-25T17:12:02.917203+00:00
893,4815166052,11.825,0.01,buy,False,2022-08-25T17:10:48.072271+00:00
894,4815161550,11.875,0.01,buy,False,2022-08-25T17:09:33.051271+00:00
895,4815154648,11.815,0.01,buy,False,2022-08-25T17:08:18.147372+00:00
896,4815150599,11.8,0.01,buy,False,2022-08-25T17:07:03.058459+00:00
897,4815145875,11.8,0.01,buy,False,2022-08-25T17:05:48.611952+00:00
898,4815142030,11.8,0.01,buy,False,2022-08-25T17:04:32.960280+00:00
899,4815136813,11.8,0.01,buy,False,2022-08-25T17:03:18.475145+00:00
900,4815129006,11.8,0.01,buy,False,2022-08-25T17:02:03.000341+00:00
901,4815121312,11.79,0.01,buy,False,2022-08-25T17:00:48.256321+00:00
902,4815115073,11.79,0.01,buy,False,2022-08-25T16:59:30.531032+00:00
903,4815110966,11.79,0.01,buy,False,2022-08-25T16:58:14.992057+00:00
904,4815107074,11.79,0.01,buy,False,2022-08-25T16:57:00.292697+00:00
905,4815103112,11.79,0.01,buy,False,2022-08-25T16:55:45.251710+00:00
906,4815099556,11.79,0.01,buy,False,2022-08-25T16:54:30.452895+00:00
907,4815094592,11.79,0.01,buy,False,2022-08-25T16:53:15.230084+00:00
908,4815088812,11.8,0.01,buy,False,2022-08-25T16:52:00.238582+00:00
909,4815084150,11.8,0.01,buy,False,2022-08-25T16:50:45.103680+00:00
910,4815077671,11.8,0.01,buy,False,2022-08-25T16:49:30.547061+00:00
911,4815069024,11.77,0.01,buy,False,2022-08-25T16:48:15.342982+00:00
912,4815053405,11.79,0.01,buy,False,2022-08-25T16:47:00.042126+00:00
913,4815048299,11.805,0.01,buy,False,2022-08-25T16:45:45.015212+00:00
914,4815042992,11.805,0.01,buy,False,2022-08-25T16:44:30.168742+00:00
915,4815038644,11.805,0.01,buy,False,2022-08-25T16:43:15.451992+00:00
916,4815033707,11.8,0.01,buy,False,2022-08-25T16:42:00.377319+00:00
917,4815027719,11.825,0.01,buy,False,2022-08-25T16:40:45.151113+00:00
918,4815023849,11.795,0.01,buy,False,2022-08-25T16:39:30.136770+00:00
919,4815019932,11.825,0.01,buy,False,2022-08-25T16:38:15.071551+00:00
920,4815015330,11.79,0.01,buy,False,2022-08-25T16:36:59.993833+00:00
921,4815010508,11.79,0.01,buy,False,2022-08-25T16:35:45.050285+00:00
922,4815006524,11.775,0.01,buy,False,2022-08-25T16:34:30.007437+00:00
923,4815000981,11.765,0.01,buy,False,2022-08-25T16:33:15.015539+00:00
924,4814996697,11.765,0.01,buy,False,2022-08-25T16:32:00.187453+00:00
925,4814991025,11.755,0.01,buy,False,2022-08-25T16:30:45.217127+00:00
926,4814985498,11.74,0.01,buy,False,2022-08-25T16:29:30.037513+00:00
927,4814981074,11.72,0.01,buy,False,2022-08-25T16:28:15.133772+00:00
928,4814976972,11.71,0.01,buy,False,2022-08-25T16:27:00.799904+00:00
929,4814971674,11.695,0.01,buy,False,2022-08-25T16:25:45.258667+00:00
930,4814967159,11.695,0.01,buy,False,2022-08-25T16:24:30.290586+00:00
931,4814960354,11.725,0.01,buy,False,2022-08-25T16:23:14.999638+00:00
932,4814953971,11.73,0.01,buy,False,2022-08-25T16:22:00.405128+00:00
933,4814948275,11.74,0.01,buy,False,2022-08-25T16:20:45.085472+00:00
934,4814941292,11.785,0.01,buy,False,2022-08-25T16:19:30.190077+00:00
935,4814933139,11.72,0.01,buy,False,2022-08-25T16:18:15.323865+00:00
936,4814926435,11.71,0.01,buy,False,2022-08-25T16:17:00.004670+00:00
937,4814919578,11.76,0.01,buy,False,2022-08-25T16:15:45.027027+00:00
938,4814912225,11.805,0.01,buy,False,2022-08-25T16:14:30.680407+00:00
939,4814902402,11.795,0.01,buy,False,2022-08-25T16:13:15.113672+00:00
940,4814895803,11.795,0.01,buy,False,2022-08-25T16:12:00.190640+00:00
941,4814891269,11.82,0.01,buy,False,2022-08-25T16:10:45.193448+00:00
942,4814885238,11.835,0.01,buy,False,2022-08-25T16:09:30.165862+00:00
943,4814878123,11.835,0.01,buy,False,2022-08-25T16:08:15.285896+00:00
944,4814872568,11.86,0.01,buy,False,2022-08-25T16:07:00.020309+00:00
945,4814866555,11.86,0.01,buy,False,2022-08-25T16:05:45.738059+00:00
946,4814860243,11.835,0.01,buy,False,2022-08-25T16:04:30.499111+00:00
947,4814855186,11.835,0.01,buy,False,2022-08-25T16:03:15.162689+00:00
948,4814846494,11.835,0.01,buy,False,2022-08-25T16:02:00.242853+00:00
949,4814837435,11.835,0.01,buy,False,2022-08-25T16:00:45.019858+00:00
950,4814828495,11.835,0.01,buy,False,2022-08-25T15:59:29.268897+00:00
951,4814822783,11.835,0.01,buy,False,2022-08-25T15:58:14.654576+00:00
952,4814816577,11.835,0.01,buy,False,2022-08-25T15:56:59.467169+00:00
953,4814811682,11.835,0.01,buy,False,2022-08-25T15:55:44.507905+00:00
954,4814806128,11.835,0.01,buy,False,2022-08-25T15:54:29.583091+00:00
955,4814801262,11.835,0.01,buy,False,2022-08-25T15:53:14.404805+00:00
956,4814795011,11.835,0.01,buy,False,2022-08-25T15:51:59.522224+00:00
957,4814788326,11.795,0.01,buy,False,2022-08-25T15:50:44.397033+00:00
958,4814782398,11.795,0.01,buy,False,2022-08-25T15:49:29.461313+00:00
959,4814777671,11.785,0.01,buy,False,2022-08-25T15:48:14.478977+00:00
960,4814772551,11.795,0.01,buy,False,2022-08-25T15:46:59.312503+00:00
961,4814766263,11.795,0.01,buy,False,2022-08-25T15:45:44.608063+00:00
962,4814760255,11.795,0.01,buy,False,2022-08-25T15:44:29.298312+00:00
963,4814753548,11.795,0.01,buy,False,2022-08-25T15:43:14.248686+00:00
964,4814744911,11.835,0.01,buy,False,2022-08-25T15:41:59.290453+00:00
965,4814738389,11.84,0.01,buy,False,2022-08-25T15:40:44.238685+00:00
966,4814732502,11.84,0.01,buy,False,2022-08-25T15:39:29.234233+00:00
967,4814728269,11.84,0.01,buy,False,2022-08-25T15:38:14.360588+00:00
968,4814722128,11.835,0.01,buy,False,2022-08-25T15:36:59.502332+00:00
969,4814715586,11.835,0.01,buy,False,2022-08-25T15:35:44.283513+00:00
970,4814707955,11.835,0.01,buy,False,2022-08-25T15:34:29.300637+00:00
971,4814701253,11.835,0.01,buy,False,2022-08-25T15:33:14.475589+00:00
972,4814692900,11.785,0.01,buy,False,2022-08-25T15:31:59.704177+00:00
973,4814681829,11.835,0.01,buy,False,2022-08-25T15:30:44.518019+00:00
974,4814671079,11.835,0.01,buy,False,2022-08-25T15:29:29.459369+00:00
975,4814661793,11.82,0.01,buy,False,2022-08-25T15:28:14.243206+00:00
976,4814649222,11.815,0.01,buy,False,2022-08-25T15:26:59.253418+00:00
977,4814631406,11.845,0.01,buy,False,2022-08-25T15:25:44.290616+00:00
978,4814590777,11.845,0.01,buy,False,2022-08-25T15:24:29.602169+00:00
979,4814572304,11.845,0.01,buy,False,2022-08-25T15:23:14.353451+00:00
980,4814563177,11.85,0.01,buy,False,2022-08-25T15:21:59.320529+00:00
981,4814554496,11.85,0.01,buy,False,2022-08-25T15:20:44.463976+00:00
982,4814544877,11.85,0.01,buy,False,2022-08-25T15:19:29.570511+00:00
983,4814535811,11.85,0.01,buy,False,2022-08-25T15:18:14.586756+00:00
984,4814529099,11.85,0.01,buy,False,2022-08-25T15:16:59.239390+00:00
985,4814519096,11.865,0.01,buy,False,2022-08-25T15:15:44.347273+00:00
986,4814511094,11.855,0.01,buy,False,2022-08-25T15:14:29.225401+00:00
987,4814507426,11.855,0.01,buy,False,2022-08-25T15:13:14.340880+00:00
988,4814503528,11.855,0.01,buy,False,2022-08-25T15:11:59.569582+00:00
989,4814498522,11.845,0.01,buy,False,2022-08-25T15:10:44.454476+00:00
990,4814494361,11.845,0.01,buy,False,2022-08-25T15:09:29.242640+00:00
991,4814491056,11.855,0.01,buy,False,2022-08-25T15:08:14.467755+00:00
992,4814487032,11.855,0.01,buy,False,2022-08-25T15:06:59.232906+00:00
993,4814482414,11.855,0.01,buy,False,2022-08-25T15:05:44.579440+00:00
994,4814478022,11.855,0.01,buy,False,2022-08-25T15:04:29.264591+00:00
995,4814472671,11.855,0.01,buy,False,2022-08-25T15:03:14.378897+00:00
996,4814467550,11.855,0.01,buy,False,2022-08-25T15:01:59.287925+00:00
997,4814460263,11.87,0.01,buy,False,2022-08-25T15:00:44.396784+00:00
998,4814450030,11.855,0.01,buy,False,2022-08-25T14:59:28.299890+00:00
999,4814444605,11.855,0.01,buy,False,2022-08-25T14:58:13.313462+00:00
1000,4814435884,11.855,0.01,buy,False,2022-08-25T14:56:58.406756+00:00
1001,4814429222,11.865,0.01,buy,False,2022-08-25T14:55:43.593166+00:00
1002,4814421494,11.865,0.01,buy,False,2022-08-25T14:54:28.395562+00:00
1003,4814415091,11.88,0.01,buy,False,2022-08-25T14:53:13.330679+00:00
1004,4814409654,11.885,0.01,buy,False,2022-08-25T14:51:58.324371+00:00
1005,4814404832,11.855,0.01,buy,False,2022-08-25T14:50:43.372345+00:00
1006,4814399485,11.855,0.01,buy,False,2022-08-25T14:49:28.376052+00:00
1007,4814392845,11.86,0.01,buy,False,2022-08-25T14:48:13.341052+00:00
1008,4814385310,11.875,0.01,buy,False,2022-08-25T14:46:58.289459+00:00
1009,4814381334,11.875,0.01,buy,False,2022-08-25T14:45:43.237807+00:00
1010,4814375756,11.875,0.01,buy,False,2022-08-25T14:44:28.294823+00:00
1011,4814370053,11.88,0.01,buy,False,2022-08-25T14:43:13.304618+00:00
1012,4814363930,11.87,0.01,buy,False,2022-08-25T14:41:58.421021+00:00
1013,4814358367,11.9,0.01,buy,False,2022-08-25T14:40:43.478142+00:00
1014,4814350157,11.9,0.01,buy,False,2022-08-25T14:39:28.890579+00:00
1015,4814341972,11.89,0.01,buy,False,2022-08-25T14:38:13.317810+00:00
1016,4814335084,11.87,0.01,buy,False,2022-08-25T14:36:58.441958+00:00
1017,4814325629,11.87,0.01,buy,False,2022-08-25T14:35:43.599107+00:00
1018,4814319141,11.87,0.01,buy,False,2022-08-25T14:34:28.476616+00:00
1019,4814307222,11.85,0.01,buy,False,2022-08-25T14:33:13.299831+00:00
1020,4814301811,11.85,0.01,buy,False,2022-08-25T14:31:58.417259+00:00
1021,4814294488,11.87,0.01,buy,False,2022-08-25T14:30:43.300176+00:00
1022,4814288115,11.865,0.01,buy,False,2022-08-25T14:29:28.413553+00:00
1023,4814282519,11.88,0.01,buy,False,2022-08-25T14:28:13.561618+00:00
1024,4814278202,11.88,0.01,buy,False,2022-08-25T14:26:58.296156+00:00
1025,4814272495,11.855,0.01,buy,False,2022-08-25T14:25:43.550540+00:00
1026,4814261281,11.845,0.01,buy,False,2022-08-25T14:24:28.456150+00:00
1027,4814255510,11.835,0.01,buy,False,2022-08-25T14:23:13.740208+00:00
1028,4814250811,11.845,0.01,buy,False,2022-08-25T14:21:58.326832+00:00
1029,4814246610,11.835,0.01,buy,False,2022-08-25T14:20:43.366315+00:00
1030,4814241146,11.89,0.01,buy,False,2022-08-25T14:19:28.358827+00:00
1031,4814230483,11.915,0.01,buy,False,2022-08-25T14:16:43.342550+00:00
1032,4814225512,11.845,0.01,buy,False,2022-08-25T14:15:28.481060+00:00
1033,4814219911,11.84,0.01,buy,False,2022-08-25T14:14:13.266161+00:00
1034,4814215948,11.84,0.01,buy,False,2022-08-25T14:12:58.691257+00:00
1035,4814212299,11.845,0.01,buy,False,2022-08-25T14:11:43.509941+00:00
1036,4814207486,11.845,0.01,buy,False,2022-08-25T14:10:28.466634+00:00
1037,4814202705,11.86,0.01,buy,False,2022-08-25T14:09:13.495193+00:00
1038,4814194402,11.885,0.01,buy,False,2022-08-25T14:07:58.604216+00:00
1039,4814190123,11.9,0.01,buy,False,2022-08-25T14:06:43.342649+00:00
1040,4814183461,11.9,0.01,buy,False,2022-08-25T14:05:28.505482+00:00
1041,4814177908,11.9,0.01,buy,False,2022-08-25T14:04:13.787627+00:00
1042,4814169744,11.9,0.01,buy,False,2022-08-25T14:02:58.935660+00:00
1043,4814159658,11.9,0.01,buy,False,2022-08-25T14:01:43.391041+00:00
1044,4814152213,11.9,0.01,buy,False,2022-08-25T14:00:29.878725+00:00
1045,4814144865,11.9,0.01,buy,False,2022-08-25T13:59:02.398176+00:00
1046,4814134529,11.875,0.01,buy,False,2022-08-25T13:57:47.228462+00:00
1047,4814128714,11.875,0.01,buy,False,2022-08-25T13:56:32.327430+00:00
1048,4814121116,11.87,0.01,buy,False,2022-08-25T13:55:17.291287+00:00
1049,4814112897,11.87,0.01,buy,False,2022-08-25T13:54:02.067181+00:00
1050,4814107189,11.87,0.01,buy,False,2022-08-25T13:52:47.115072+00:00
1051,4814101255,11.87,0.01,buy,False,2022-08-25T13:51:32.229217+00:00
1052,4814094988,11.87,0.01,buy,False,2022-08-25T13:50:17.165354+00:00
1053,4814089514,11.87,0.01,buy,False,2022-08-25T13:49:02.047690+00:00
1054,4814086175,11.87,0.01,buy,False,2022-08-25T13:47:47.247857+00:00
1055,4814081913,11.87,0.01,buy,False,2022-08-25T13:46:32.103792+00:00
1056,4814075683,11.87,0.01,buy,False,2022-08-25T13:45:17.173291+00:00
1057,4814069482,11.885,0.01,buy,False,2022-08-25T13:44:02.688443+00:00
1058,4814064143,11.885,0.01,buy,False,2022-08-25T13:42:47.228711+00:00
1059,4814057636,11.885,0.01,buy,False,2022-08-25T13:41:32.188864+00:00
1060,4814051584,11.885,0.01,buy,False,2022-08-25T13:40:17.053270+00:00
1061,4814047424,11.87,0.01,buy,False,2022-08-25T13:39:02.373889+00:00
1062,4814041550,11.87,0.01,buy,False,2022-08-25T13:37:47.470990+00:00
1063,4814034721,11.87,0.01,buy,False,2022-08-25T13:36:32.306271+00:00
1064,4814026270,11.885,0.01,buy,False,2022-08-25T13:35:17.115950+00:00
1065,4813974771,11.95,0.01,buy,False,2022-08-25T13:25:32.302649+00:00
1066,4813971222,11.885,0.01,buy,False,2022-08-25T13:24:17.482038+00:00
1067,4813966918,11.885,0.01,buy,False,2022-08-25T13:23:02.212607+00:00
1068,4813961226,11.875,0.01,buy,False,2022-08-25T13:21:47.174913+00:00
1069,4813955732,11.875,0.01,buy,False,2022-08-25T13:20:32.251317+00:00
1070,4813948721,11.88,0.01,buy,False,2022-08-25T13:19:17.122083+00:00
1071,4813943380,11.88,0.01,buy,False,2022-08-25T13:18:02.193840+00:00
1072,4813937684,11.89,0.01,buy,False,2022-08-25T13:16:47.169946+00:00
1073,4813933073,11.89,0.01,buy,False,2022-08-25T13:15:32.304650+00:00
1074,4813927773,11.9,0.01,buy,False,2022-08-25T13:14:17.147529+00:00
1075,4813923317,11.89,0.01,buy,False,2022-08-25T13:13:02.326077+00:00
1076,4813918346,11.89,0.01,buy,False,2022-08-25T13:11:47.021187+00:00
1077,4813913009,11.89,0.01,buy,False,2022-08-25T13:10:32.339692+00:00
1078,4813902946,11.895,0.01,buy,False,2022-08-25T13:09:17.169752+00:00
1079,4813895668,11.905,0.01,buy,False,2022-08-25T13:08:02.171272+00:00
1080,4813884518,11.915,0.01,buy,False,2022-08-25T13:05:17.402636+00:00
1081,4811895715,11.815,1.0,buy,False,2022-08-25T04:57:38.903883+00:00
1082,4804722548,11.96,0.42,buy,False,2022-08-24T00:19:32.891297+00:00
1083,4804677403,12.02,1.01,buy,False,2022-08-24T00:09:36.052853+00:00
1084,4797171132,11.705,0.97,buy,False,2022-08-22T23:23:16.470244+00:00
1085,4795747863,11.46,1.18,sell,False,2022-08-22T18:42:10.958614+00:00
1086,4795747862,11.46,1.18,sell,False,2022-08-22T18:42:10.958614+00:00
1087,4795688904,11.605,1.16,sell,False,2022-08-22T18:33:42.885449+00:00
1088,4795688269,11.615,1.13,sell,False,2022-08-22T18:33:31.846043+00:00
1089,4795629144,11.635,1.13,sell,False,2022-08-22T18:22:34.969744+00:00
1090,4795629143,11.635,1.13,sell,False,2022-08-22T18:22:34.969744+00:00
1091,4793038387,11.78,1.11,sell,False,2022-08-22T11:20:31.413690+00:00
1092,4793038386,11.785,1.08,sell,False,2022-08-22T11:20:31.413690+00:00
1093,4793038385,11.805,0.16,sell,False,2022-08-22T11:20:31.413690+00:00
1094,4778155101,12.135,6.29,buy,False,2022-08-20T07:15:23.850129+00:00
1095,4776097242,12.14,0.55,buy,False,2022-08-20T00:22:53.984860+00:00
1096,4776060273,11.805,0.92,sell,False,2022-08-20T00:18:00.796466+00:00
1097,4776060272,11.805,1.08,sell,False,2022-08-20T00:18:00.796466+00:00
1098,4773519485,12.195,8.07,buy,False,2022-08-19T18:40:29.849861+00:00
1099,4773271249,12.14,2.0,buy,False,2022-08-19T17:55:24.680166+00:00
1100,4772485356,11.95,1.03,sell,False,2022-08-19T16:03:23.021602+00:00
1101,4772485355,11.955,1.06,sell,False,2022-08-19T16:03:23.021602+00:00
1102,4772485354,11.975,1.03,sell,False,2022-08-19T16:03:23.021602+00:00
1103,4772485353,11.975,1.03,sell,False,2022-08-19T16:03:23.021602+00:00
1104,4771747136,12.2,2.7,sell,False,2022-08-19T14:00:23.875138+00:00
1105,4770878377,12.085,1.02,buy,False,2022-08-19T12:05:19.550003+00:00
1106,4770878364,12.085,0.99,buy,False,2022-08-19T12:05:19.500584+00:00
1107,4770878300,12.085,0.95,buy,False,2022-08-19T12:05:19.019444+00:00
1108,4770878297,12.085,0.98,buy,False,2022-08-19T12:05:18.972865+00:00
1109,4770878241,12.085,0.91,buy,False,2022-08-19T12:05:18.469330+00:00
1110,4770878215,12.085,0.94,buy,False,2022-08-19T12:05:18.354500+00:00
1111,4770877409,12.11,0.99,sell,False,2022-08-19T12:05:11.893062+00:00
1112,4770877408,12.135,0.99,sell,False,2022-08-19T12:05:11.893062+00:00
1113,4770877342,12.27,0.95,sell,False,2022-08-19T12:05:11.348593+00:00
1114,4770877341,12.29,0.95,sell,False,2022-08-19T12:05:11.348593+00:00
1115,4770877340,12.415,0.25,sell,False,2022-08-19T12:05:11.348593+00:00
1116,4770877339,12.42,0.91,sell,False,2022-08-19T12:05:11.348593+00:00
1117,4770877338,12.445,0.91,sell,False,2022-08-19T12:05:11.348593+00:00
1118,4770877337,12.57,0.87,sell,False,2022-08-19T12:05:11.348593+00:00
1119,4770877336,12.59,0.87,sell,False,2022-08-19T12:05:11.348593+00:00
1120,4770877335,12.59,0.87,sell,False,2022-08-19T12:05:11.348593+00:00
1121,4770877334,12.6,0.9,sell,False,2022-08-19T12:05:11.348593+00:00
1122,4770877333,12.605,8.07,sell,False,2022-08-19T12:05:11.348593+00:00
1123,4770877332,12.71,0.84,sell,False,2022-08-19T12:05:11.348593+00:00
1124,4770877331,12.735,0.84,sell,False,2022-08-19T12:05:11.348593+00:00
1125,4770877330,12.735,0.84,sell,False,2022-08-19T12:05:11.348593+00:00
1126,4770877329,12.75,0.86,sell,False,2022-08-19T12:05:11.348593+00:00
1127,4770877328,12.85,0.81,sell,False,2022-08-19T12:05:11.348593+00:00
1128,4770877327,12.875,0.8,sell,False,2022-08-19T12:05:11.348593+00:00
1129,4770877326,12.875,0.8,sell,False,2022-08-19T12:05:11.348593+00:00
1130,4770877325,12.895,0.83,sell,False,2022-08-19T12:05:11.348593+00:00
1131,4767743998,12.985,0.78,sell,False,2022-08-19T06:39:16.169434+00:00
1132,4763080972,13.12,1.0,buy,False,2022-08-18T18:42:05.536712+00:00
1133,4762715667,13.06,0.5,sell,False,2022-08-18T17:19:39.064107+00:00
1134,4762677222,13.115,0.77,buy,False,2022-08-18T17:12:08.321385+00:00
1135,4761991002,13.01,0.77,sell,False,2022-08-18T15:07:04.014314+00:00
1136,4761991001,13.01,0.77,sell,False,2022-08-18T15:07:04.014314+00:00
1137,4761670388,13.16,0.4,buy,False,2022-08-18T14:14:12.278145+00:00
1138,4758854881,13.18,0.1,buy,False,2022-08-18T03:09:27.528465+00:00
1139,4758851944,13.18,0.91,buy,False,2022-08-18T03:08:51.868993+00:00
1140,4756653800,13.035,0.8,sell,False,2022-08-17T20:03:14.316414+00:00
1141,4755553319,13.14,0.77,buy,False,2022-08-17T17:12:07.609438+00:00
1142,4755546811,13.14,0.77,buy,False,2022-08-17T17:10:36.877212+00:00
1143,4754583810,13.175,0.76,sell,False,2022-08-17T14:39:15.226180+00:00
1144,4754338111,13.305,0.76,buy,False,2022-08-17T14:06:07.843059+00:00
1145,4754226378,13.33,11.46,sell,False,2022-08-17T13:54:58.263978+00:00
1146,4753970918,13.395,0.12,sell,False,2022-08-17T13:40:42.477560+00:00
1147,4753157144,13.665,0.02,buy,False,2022-08-17T12:14:26.408305+00:00
1148,4753153375,13.68,0.04,buy,False,2022-08-17T12:14:11.333710+00:00
1149,4753151402,13.68,0.04,buy,False,2022-08-17T12:13:56.433951+00:00
1150,4753149886,13.69,0.04,buy,False,2022-08-17T12:13:41.376209+00:00
1151,4753148742,13.69,0.04,buy,False,2022-08-17T12:13:26.484427+00:00
1152,4753147291,13.69,0.04,buy,False,2022-08-17T12:13:11.406988+00:00
1153,4753145913,13.69,0.04,buy,False,2022-08-17T12:12:56.335365+00:00
1154,4753144688,13.69,0.04,buy,False,2022-08-17T12:12:41.537011+00:00
1155,4753143532,13.69,0.04,buy,False,2022-08-17T12:12:26.680373+00:00
1156,4753142312,13.69,0.04,buy,False,2022-08-17T12:12:11.523292+00:00
1157,4753141333,13.69,0.04,buy,False,2022-08-17T12:11:56.321678+00:00
1158,4753140086,13.69,0.04,buy,False,2022-08-17T12:11:41.278045+00:00
1159,4753138686,13.69,0.04,buy,False,2022-08-17T12:11:26.509575+00:00
1160,4753137221,13.69,0.04,buy,False,2022-08-17T12:11:11.369807+00:00
1161,4753135668,13.69,0.04,buy,False,2022-08-17T12:10:56.571742+00:00
1162,4753133906,13.69,0.04,buy,False,2022-08-17T12:10:41.304190+00:00
1163,4753132719,13.69,0.04,buy,False,2022-08-17T12:10:26.459401+00:00
1164,4753130629,13.69,0.04,buy,False,2022-08-17T12:10:11.286281+00:00
1165,4753129188,13.69,0.04,buy,False,2022-08-17T12:09:56.669341+00:00
1166,4753127986,13.69,0.04,buy,False,2022-08-17T12:09:41.464408+00:00
1167,4753126564,13.69,0.04,buy,False,2022-08-17T12:09:26.377561+00:00
1168,4753125312,13.69,0.04,buy,False,2022-08-17T12:09:11.338426+00:00
1169,4753123429,13.69,0.04,buy,False,2022-08-17T12:08:56.293243+00:00
1170,4753121697,13.69,0.04,buy,False,2022-08-17T12:08:41.351974+00:00
1171,4753118909,13.69,0.04,buy,False,2022-08-17T12:08:26.437012+00:00
1172,4753116345,13.68,0.04,buy,False,2022-08-17T12:08:11.306131+00:00
1173,4753114156,13.67,0.04,buy,False,2022-08-17T12:07:56.276275+00:00
1174,4753112094,13.67,0.04,buy,False,2022-08-17T12:07:41.407179+00:00
1175,4753109885,13.67,0.03,buy,False,2022-08-17T12:07:26.447091+00:00
1176,4753107669,13.67,0.03,buy,False,2022-08-17T12:07:11.578067+00:00
1177,4753104621,13.66,0.03,buy,False,2022-08-17T12:06:56.467150+00:00
1178,4753098612,13.65,0.03,buy,False,2022-08-17T12:06:41.421332+00:00
1179,4753084731,13.675,0.03,buy,False,2022-08-17T12:06:26.338174+00:00
1180,4753076265,13.685,0.03,buy,False,2022-08-17T12:06:11.667476+00:00
1181,4753074480,13.685,0.03,buy,False,2022-08-17T12:05:56.318180+00:00
1182,4753070665,13.685,0.03,buy,False,2022-08-17T12:05:41.595187+00:00
1183,4753065144,13.685,0.03,buy,False,2022-08-17T12:05:26.408621+00:00
1184,4753061918,13.685,0.03,buy,False,2022-08-17T12:05:11.367514+00:00
1185,4753060599,13.685,0.03,buy,False,2022-08-17T12:04:56.570745+00:00
1186,4753059408,13.685,0.03,buy,False,2022-08-17T12:04:41.400262+00:00
1187,4753057954,13.685,0.03,buy,False,2022-08-17T12:04:26.331115+00:00
1188,4753056850,13.685,0.03,buy,False,2022-08-17T12:04:11.395325+00:00
1189,4753054924,13.685,0.03,buy,False,2022-08-17T12:03:56.295264+00:00
1190,4753053627,13.695,0.03,buy,False,2022-08-17T12:03:41.331674+00:00
1191,4753051974,13.695,0.03,buy,False,2022-08-17T12:03:26.451177+00:00
1192,4753050651,13.695,0.03,buy,False,2022-08-17T12:03:11.501440+00:00
1193,4753049230,13.695,0.03,buy,False,2022-08-17T12:02:56.320726+00:00
1194,4753048251,13.695,0.03,buy,False,2022-08-17T12:02:41.486552+00:00
1195,4753046966,13.695,0.03,buy,False,2022-08-17T12:02:26.485553+00:00
1196,4753046163,13.695,0.03,buy,False,2022-08-17T12:02:11.689175+00:00
1197,4753044687,13.695,0.03,buy,False,2022-08-17T12:01:56.758729+00:00
1198,4753043212,13.695,0.03,buy,False,2022-08-17T12:01:41.378122+00:00
1199,4753041637,13.695,0.03,buy,False,2022-08-17T12:01:26.493587+00:00
1200,4753040773,13.695,0.03,buy,False,2022-08-17T12:01:11.900001+00:00
1201,4753039898,13.695,0.03,buy,False,2022-08-17T12:00:56.671237+00:00
1202,4753038882,13.695,0.03,buy,False,2022-08-17T12:00:41.459630+00:00
1203,4753037438,13.695,0.03,buy,False,2022-08-17T12:00:20.636362+00:00
1204,4753034324,13.695,0.03,buy,False,2022-08-17T11:59:56.478607+00:00
1205,4753033313,13.695,0.03,buy,False,2022-08-17T11:59:41.322965+00:00
1206,4753032283,13.695,0.03,buy,False,2022-08-17T11:59:26.738805+00:00
1207,4753031493,13.695,0.03,buy,False,2022-08-17T11:59:11.399138+00:00
1208,4753030458,13.695,0.03,buy,False,2022-08-17T11:58:56.396122+00:00
1209,4753029544,13.695,0.03,buy,False,2022-08-17T11:58:41.303184+00:00
1210,4753028225,13.695,0.03,buy,False,2022-08-17T11:58:26.325307+00:00
1211,4753027048,13.68,0.03,buy,False,2022-08-17T11:58:11.372928+00:00
1212,4753025967,13.68,0.03,buy,False,2022-08-17T11:57:56.493489+00:00
1213,4753024825,13.68,0.03,buy,False,2022-08-17T11:57:41.505626+00:00
1214,4753023640,13.675,0.03,buy,False,2022-08-17T11:57:26.409340+00:00
1215,4753022594,13.67,0.03,buy,False,2022-08-17T11:57:11.714939+00:00
1216,4753021079,13.67,0.03,buy,False,2022-08-17T11:56:56.537535+00:00
1217,4753019678,13.67,0.03,buy,False,2022-08-17T11:56:41.474448+00:00
1218,4753017864,13.675,0.03,buy,False,2022-08-17T11:56:26.378676+00:00
1219,4753016948,13.675,0.03,buy,False,2022-08-17T11:56:11.326124+00:00
1220,4753015342,13.675,0.03,buy,False,2022-08-17T11:55:56.274373+00:00
1221,4753013253,13.69,0.03,buy,False,2022-08-17T11:55:41.454787+00:00
1222,4753011443,13.69,0.03,buy,False,2022-08-17T11:55:26.342159+00:00
1223,4753007002,13.69,0.03,buy,False,2022-08-17T11:55:11.433419+00:00
1224,4753005642,13.69,0.03,buy,False,2022-08-17T11:54:56.334162+00:00
1225,4753004971,13.69,0.03,buy,False,2022-08-17T11:54:41.726127+00:00
1226,4753003876,13.69,0.03,buy,False,2022-08-17T11:54:26.315387+00:00
1227,4753002556,13.69,0.03,buy,False,2022-08-17T11:54:11.440855+00:00
1228,4753001945,13.69,0.03,buy,False,2022-08-17T11:53:56.396577+00:00
1229,4753001129,13.69,0.03,buy,False,2022-08-17T11:53:41.610033+00:00
1230,4753000269,13.69,0.03,buy,False,2022-08-17T11:53:26.313427+00:00
1231,4752999496,13.69,0.03,buy,False,2022-08-17T11:53:11.302283+00:00
1232,4752998177,13.69,0.03,buy,False,2022-08-17T11:52:56.327475+00:00
1233,4752997060,13.69,0.03,buy,False,2022-08-17T11:52:41.425067+00:00
1234,4752995864,13.69,0.03,buy,False,2022-08-17T11:52:26.823243+00:00
1235,4752995079,13.7,0.03,buy,False,2022-08-17T11:52:11.632212+00:00
1236,4752993128,13.71,0.03,buy,False,2022-08-17T11:51:56.331127+00:00
1237,4752992409,13.71,0.03,buy,False,2022-08-17T11:51:41.284308+00:00
1238,4752991700,13.71,0.03,buy,False,2022-08-17T11:51:26.310915+00:00
1239,4752990824,13.71,0.03,buy,False,2022-08-17T11:51:11.390804+00:00
1240,4752990126,13.71,0.03,buy,False,2022-08-17T11:50:56.283248+00:00
1241,4752989329,13.71,0.03,buy,False,2022-08-17T11:50:41.366834+00:00
1242,4752988545,13.71,0.03,buy,False,2022-08-17T11:50:26.456028+00:00
1243,4752987619,13.71,0.03,buy,False,2022-08-17T11:50:11.320235+00:00
1244,4752986243,13.7,0.03,buy,False,2022-08-17T11:49:56.673959+00:00
1245,4752984589,13.7,0.03,buy,False,2022-08-17T11:49:41.412851+00:00
1246,4752983534,13.7,0.03,buy,False,2022-08-17T11:49:26.410592+00:00
1247,4752982544,13.7,0.03,buy,False,2022-08-17T11:49:11.314023+00:00
1248,4752981848,13.7,0.03,buy,False,2022-08-17T11:48:56.411760+00:00
1249,4752980979,13.7,0.03,buy,False,2022-08-17T11:48:41.339339+00:00
1250,4752980131,13.7,0.03,buy,False,2022-08-17T11:48:26.352584+00:00
1251,4752979309,13.7,0.03,buy,False,2022-08-17T11:48:11.346337+00:00
1252,4752978706,13.7,0.03,buy,False,2022-08-17T11:47:56.402286+00:00
1253,4752978042,13.7,0.03,buy,False,2022-08-17T11:47:41.605307+00:00
1254,4752977068,13.7,0.03,buy,False,2022-08-17T11:47:26.449981+00:00
1255,4752975548,13.7,0.03,buy,False,2022-08-17T11:47:11.426662+00:00
1256,4752974030,13.685,0.03,buy,False,2022-08-17T11:46:56.456056+00:00
1257,4752972816,13.685,0.03,buy,False,2022-08-17T11:46:41.471946+00:00
1258,4752971698,13.685,0.03,buy,False,2022-08-17T11:46:26.407776+00:00
1259,4752970679,13.685,0.03,buy,False,2022-08-17T11:46:11.333976+00:00
1260,4752969436,13.685,0.03,buy,False,2022-08-17T11:45:56.384987+00:00
1261,4752968041,13.685,0.03,buy,False,2022-08-17T11:45:41.385651+00:00
1262,4752966352,13.695,0.03,buy,False,2022-08-17T11:45:26.341572+00:00
1263,4752965405,13.695,0.03,buy,False,2022-08-17T11:45:11.344369+00:00
1264,4752964516,13.695,0.03,buy,False,2022-08-17T11:44:56.739165+00:00
1265,4752963578,13.695,0.03,buy,False,2022-08-17T11:44:41.481402+00:00
1266,4752962489,13.695,0.03,buy,False,2022-08-17T11:44:26.363944+00:00
1267,4752961114,13.695,0.03,buy,False,2022-08-17T11:44:11.432790+00:00
1268,4752959980,13.695,0.03,buy,False,2022-08-17T11:43:56.347336+00:00
1269,4752959310,13.695,0.03,buy,False,2022-08-17T11:43:41.382115+00:00
1270,4752958328,13.695,0.03,buy,False,2022-08-17T11:43:26.348391+00:00
1271,4752957579,13.695,0.03,buy,False,2022-08-17T11:43:11.317288+00:00
1272,4752956824,13.695,0.03,buy,False,2022-08-17T11:42:56.345617+00:00
1273,4752955545,13.695,0.03,buy,False,2022-08-17T11:42:41.834395+00:00
1274,4752954553,13.695,0.03,buy,False,2022-08-17T11:42:26.356861+00:00
1275,4752953793,13.695,0.03,buy,False,2022-08-17T11:42:11.541067+00:00
1276,4752952724,13.695,0.03,buy,False,2022-08-17T11:41:56.357292+00:00
1277,4752952065,13.695,0.03,buy,False,2022-08-17T11:41:41.520377+00:00
1278,4752951156,13.695,0.03,buy,False,2022-08-17T11:41:26.301453+00:00
1279,4752950261,13.695,0.03,buy,False,2022-08-17T11:41:11.292148+00:00
1280,4752948979,13.695,0.03,buy,False,2022-08-17T11:40:56.326186+00:00
1281,4752947826,13.695,0.03,buy,False,2022-08-17T11:40:41.271159+00:00
1282,4752947143,13.695,0.03,buy,False,2022-08-17T11:40:26.340708+00:00
1283,4752946220,13.705,0.03,buy,False,2022-08-17T11:40:11.575768+00:00
1284,4752944669,13.695,0.03,buy,False,2022-08-17T11:39:56.418288+00:00
1285,4752942360,13.695,0.03,buy,False,2022-08-17T11:39:41.332294+00:00
1286,4752940968,13.685,0.03,buy,False,2022-08-17T11:39:26.290734+00:00
1287,4752938175,13.685,0.03,buy,False,2022-08-17T11:39:11.343978+00:00
1288,4752936464,13.685,0.03,buy,False,2022-08-17T11:38:56.392271+00:00
1289,4752934468,13.7,0.03,buy,False,2022-08-17T11:38:41.301925+00:00
1290,4752933299,13.7,0.03,buy,False,2022-08-17T11:38:26.308171+00:00
1291,4752931662,13.7,0.03,buy,False,2022-08-17T11:38:11.338256+00:00
1292,4752930638,13.7,0.03,buy,False,2022-08-17T11:37:56.389504+00:00
1293,4752929503,13.7,0.03,buy,False,2022-08-17T11:37:41.777479+00:00
1294,4752928797,13.7,0.03,buy,False,2022-08-17T11:37:26.342113+00:00
1295,4752927984,13.7,0.03,buy,False,2022-08-17T11:37:11.384399+00:00
1296,4752927022,13.7,0.03,buy,False,2022-08-17T11:36:56.322881+00:00
1297,4752926089,13.7,0.03,buy,False,2022-08-17T11:36:41.662866+00:00
1298,4752925102,13.7,0.03,buy,False,2022-08-17T11:36:26.451027+00:00
1299,4752923582,13.71,0.03,buy,False,2022-08-17T11:36:11.311791+00:00
1300,4752922733,13.71,0.03,buy,False,2022-08-17T11:35:56.410190+00:00
1301,4752922060,13.71,0.03,buy,False,2022-08-17T11:35:41.316006+00:00
1302,4752921141,13.71,0.03,buy,False,2022-08-17T11:35:26.279713+00:00
1303,4752919837,13.71,0.03,buy,False,2022-08-17T11:35:11.394453+00:00
1304,4752918706,13.71,0.03,buy,False,2022-08-17T11:34:56.717604+00:00
1305,4752917979,13.71,0.03,buy,False,2022-08-17T11:34:41.377930+00:00
1306,4752917047,13.7,0.03,buy,False,2022-08-17T11:34:26.284599+00:00
1307,4752915899,13.7,0.03,buy,False,2022-08-17T11:34:11.295761+00:00
1308,4752915244,13.7,0.03,buy,False,2022-08-17T11:33:56.347504+00:00
1309,4752914355,13.7,0.03,buy,False,2022-08-17T11:33:41.469315+00:00
1310,4752913016,13.7,0.03,buy,False,2022-08-17T11:33:26.546037+00:00
1311,4752911737,13.7,0.03,buy,False,2022-08-17T11:33:11.433507+00:00
1312,4752910677,13.7,0.03,buy,False,2022-08-17T11:32:56.445190+00:00
1313,4752909169,13.71,0.03,buy,False,2022-08-17T11:32:41.386321+00:00
1314,4752907817,13.71,0.03,buy,False,2022-08-17T11:32:26.765162+00:00
1315,4752906790,13.71,0.03,buy,False,2022-08-17T11:32:11.594182+00:00
1316,4752905522,13.71,0.03,buy,False,2022-08-17T11:31:56.303623+00:00
1317,4752904195,13.71,0.03,buy,False,2022-08-17T11:31:41.429353+00:00
1318,4752903049,13.7,0.03,buy,False,2022-08-17T11:31:26.442417+00:00
1319,4752902313,13.7,0.03,buy,False,2022-08-17T11:31:11.362816+00:00
1320,4752901212,13.7,0.03,buy,False,2022-08-17T11:30:56.375341+00:00
1321,4752900480,13.7,0.03,buy,False,2022-08-17T11:30:41.343853+00:00
1322,4752899421,13.7,0.03,buy,False,2022-08-17T11:30:26.671533+00:00
1323,4752897858,13.7,0.03,buy,False,2022-08-17T11:30:11.442522+00:00
1324,4752897068,13.7,0.03,buy,False,2022-08-17T11:29:56.396255+00:00
1325,4752896169,13.7,0.03,buy,False,2022-08-17T11:29:41.421598+00:00
1326,4752895366,13.7,0.03,buy,False,2022-08-17T11:29:26.393119+00:00
1327,4752894760,13.7,0.03,buy,False,2022-08-17T11:29:11.298963+00:00
1328,4752893910,13.7,0.03,buy,False,2022-08-17T11:28:56.315938+00:00
1329,4752892680,13.7,0.03,buy,False,2022-08-17T11:28:41.383477+00:00
1330,4752891551,13.7,0.03,buy,False,2022-08-17T11:28:26.363263+00:00
1331,4752890978,13.7,0.03,buy,False,2022-08-17T11:28:11.337572+00:00
1332,4752890321,13.7,0.03,buy,False,2022-08-17T11:27:56.561736+00:00
1333,4752889454,13.7,0.03,buy,False,2022-08-17T11:27:41.364925+00:00
1334,4752888533,13.7,0.03,buy,False,2022-08-17T11:27:26.415832+00:00
1335,4752887428,13.7,0.03,buy,False,2022-08-17T11:27:11.355697+00:00
1336,4752886495,13.7,0.03,buy,False,2022-08-17T11:26:56.359899+00:00
1337,4752884734,13.715,0.03,buy,False,2022-08-17T11:26:41.384022+00:00
1338,4752883755,13.715,0.03,buy,False,2022-08-17T11:26:26.276795+00:00
1339,4752883072,13.715,0.03,buy,False,2022-08-17T11:26:11.329648+00:00
1340,4752882278,13.715,0.03,buy,False,2022-08-17T11:25:56.375563+00:00
1341,4752881585,13.715,0.03,buy,False,2022-08-17T11:25:41.556664+00:00
1342,4752880870,13.715,0.03,buy,False,2022-08-17T11:25:26.624403+00:00
1343,4752879634,13.715,0.03,buy,False,2022-08-17T11:25:11.323036+00:00
1344,4752878373,13.715,0.03,buy,False,2022-08-17T11:24:56.498022+00:00
1345,4752877660,13.715,0.03,buy,False,2022-08-17T11:24:41.359197+00:00
1346,4752875941,13.715,0.03,buy,False,2022-08-17T11:24:26.394079+00:00
1347,4752874415,13.73,0.03,buy,False,2022-08-17T11:24:11.397227+00:00
1348,4752873758,13.73,0.03,buy,False,2022-08-17T11:23:56.287715+00:00
1349,4752873080,13.73,0.03,buy,False,2022-08-17T11:23:41.554473+00:00
1350,4752871986,13.73,0.03,buy,False,2022-08-17T11:23:26.388409+00:00
1351,4752870435,13.73,0.03,buy,False,2022-08-17T11:23:11.472007+00:00
1352,4752869711,13.73,0.03,buy,False,2022-08-17T11:22:56.698001+00:00
1353,4752869080,13.73,0.03,buy,False,2022-08-17T11:22:41.523162+00:00
1354,4752868405,13.73,0.03,buy,False,2022-08-17T11:22:26.527211+00:00
1355,4752867492,13.73,0.03,buy,False,2022-08-17T11:22:11.295270+00:00
1356,4752866687,13.73,0.03,buy,False,2022-08-17T11:21:56.345666+00:00
1357,4752865553,13.73,0.03,buy,False,2022-08-17T11:21:41.447629+00:00
1358,4752864652,13.73,0.03,buy,False,2022-08-17T11:21:26.365535+00:00
1359,4752863659,13.73,0.03,buy,False,2022-08-17T11:21:11.520856+00:00
1360,4752862245,13.73,0.03,buy,False,2022-08-17T11:20:56.419782+00:00
1361,4752861374,13.73,0.03,buy,False,2022-08-17T11:20:41.318609+00:00
1362,4752860352,13.73,0.03,buy,False,2022-08-17T11:20:26.739229+00:00
1363,4752859310,13.73,0.03,buy,False,2022-08-17T11:20:11.447875+00:00
1364,4752858452,13.73,0.03,buy,False,2022-08-17T11:19:56.336214+00:00
1365,4752857650,13.73,0.03,buy,False,2022-08-17T11:19:41.382736+00:00
1366,4752856684,13.73,0.03,buy,False,2022-08-17T11:19:26.440187+00:00
1367,4752855818,13.725,0.03,buy,False,2022-08-17T11:19:11.384702+00:00
1368,4752854562,13.715,0.03,buy,False,2022-08-17T11:18:56.375577+00:00
1369,4752852524,13.715,0.03,buy,False,2022-08-17T11:18:41.300344+00:00
1370,4752851486,13.715,0.03,buy,False,2022-08-17T11:18:26.737045+00:00
1371,4752850505,13.715,0.03,buy,False,2022-08-17T11:18:11.522761+00:00
1372,4752849336,13.715,0.03,buy,False,2022-08-17T11:17:56.270502+00:00
1373,4752847164,13.725,0.03,buy,False,2022-08-17T11:17:41.361577+00:00
1374,4752845197,13.74,0.03,buy,False,2022-08-17T11:17:26.315973+00:00
1375,4752843931,13.74,0.03,buy,False,2022-08-17T11:17:11.322177+00:00
1376,4752843032,13.74,0.03,buy,False,2022-08-17T11:16:56.354023+00:00
1377,4752842002,13.74,0.03,buy,False,2022-08-17T11:16:41.297203+00:00
1378,4752840935,13.74,0.03,buy,False,2022-08-17T11:16:26.288288+00:00
1379,4752839543,13.74,0.03,buy,False,2022-08-17T11:16:11.307749+00:00
1380,4752838683,13.74,0.03,buy,False,2022-08-17T11:15:56.638122+00:00
1381,4752837913,13.74,0.03,buy,False,2022-08-17T11:15:41.504058+00:00
1382,4752837044,13.74,0.03,buy,False,2022-08-17T11:15:26.321300+00:00
1383,4752836131,13.74,0.03,buy,False,2022-08-17T11:15:11.437673+00:00
1384,4752835019,13.74,0.03,buy,False,2022-08-17T11:14:56.838119+00:00
1385,4752833847,13.74,0.03,buy,False,2022-08-17T11:14:41.284560+00:00
1386,4752832734,13.74,0.03,buy,False,2022-08-17T11:14:26.449017+00:00
1387,4752832042,13.74,0.03,buy,False,2022-08-17T11:14:11.374633+00:00
1388,4752831287,13.74,0.03,buy,False,2022-08-17T11:13:56.338516+00:00
1389,4752830616,13.74,0.03,buy,False,2022-08-17T11:13:41.548393+00:00
1390,4752829904,13.74,0.03,buy,False,2022-08-17T11:13:26.586846+00:00
1391,4752829168,13.74,0.03,buy,False,2022-08-17T11:13:11.377637+00:00
1392,4752827798,13.74,0.03,buy,False,2022-08-17T11:12:56.330595+00:00
1393,4752827076,13.74,0.03,buy,False,2022-08-17T11:12:41.318828+00:00
1394,4752826378,13.74,0.03,buy,False,2022-08-17T11:12:26.346501+00:00
1395,4752825097,13.74,0.03,buy,False,2022-08-17T11:12:11.378318+00:00
1396,4752823504,13.73,0.03,buy,False,2022-08-17T11:11:56.303045+00:00
1397,4752822551,13.73,0.03,buy,False,2022-08-17T11:11:41.343747+00:00
1398,4752821800,13.73,0.03,buy,False,2022-08-17T11:11:26.405612+00:00
1399,4752821032,13.73,0.03,buy,False,2022-08-17T11:11:12.101887+00:00
1400,4752820055,13.73,0.03,buy,False,2022-08-17T11:10:56.750366+00:00
1401,4752819028,13.73,0.03,buy,False,2022-08-17T11:10:41.304267+00:00
1402,4752816320,13.73,0.03,buy,False,2022-08-17T11:10:26.312500+00:00
1403,4752814324,13.72,0.03,buy,False,2022-08-17T11:10:11.342770+00:00
1404,4752813198,13.72,0.03,buy,False,2022-08-17T11:09:56.324852+00:00
1405,4752812442,13.72,0.03,buy,False,2022-08-17T11:09:41.306938+00:00
1406,4752811727,13.72,0.03,buy,False,2022-08-17T11:09:26.279370+00:00
1407,4752810990,13.72,0.03,buy,False,2022-08-17T11:09:11.314194+00:00
1408,4752810024,13.72,0.03,buy,False,2022-08-17T11:08:56.422256+00:00
1409,4752809348,13.72,0.03,buy,False,2022-08-17T11:08:41.440612+00:00
1410,4752808669,13.72,0.03,buy,False,2022-08-17T11:08:26.738919+00:00
