,id,price,size,side,liquidation,time
0,5400781932,2858.0,0.02,sell,False,2022-11-10T08:38:16.778644+00:00
1,5400748000,2956.0,0.02,buy,False,2022-11-10T08:33:44.511668+00:00
2,5400747080,2908.0,0.01,buy,False,2022-11-10T08:33:38.057215+00:00
3,5400746950,2908.0,0.01,buy,False,2022-11-10T08:33:36.368668+00:00
4,5400719409,2859.0,0.02,buy,False,2022-11-10T08:29:49.361285+00:00
5,5400717392,2811.0,0.02,buy,False,2022-11-10T08:29:33.323216+00:00
6,5400669971,2764.0,0.02,buy,False,2022-11-10T08:23:10.033081+00:00
7,5400669477,2717.0,0.01,buy,False,2022-11-10T08:23:04.744625+00:00
8,5400669355,2717.0,0.01,buy,False,2022-11-10T08:23:04.263113+00:00
9,5400658270,2673.0,0.02,buy,False,2022-11-10T08:21:40.150213+00:00
10,5400466045,2583.0,0.02,sell,False,2022-11-10T07:58:38.319173+00:00
11,5400463412,2627.0,0.02,sell,False,2022-11-10T07:58:20.382254+00:00
12,5400463395,2672.0,0.02,sell,False,2022-11-10T07:58:20.316617+00:00
13,5400463390,2717.0,0.02,sell,False,2022-11-10T07:58:20.262726+00:00
14,5400461946,2763.0,0.02,sell,False,2022-11-10T07:58:10.791113+00:00
15,5400460178,2810.0,0.02,sell,False,2022-11-10T07:57:57.547026+00:00
16,5400460164,2858.0,0.02,sell,False,2022-11-10T07:57:57.484221+00:00
17,5400460151,2859.0,0.01,sell,False,2022-11-10T07:57:57.403084+00:00
18,5400460135,2859.0,0.13,sell,False,2022-11-10T07:57:57.243906+00:00
19,5400460102,2859.0,0.05,sell,False,2022-11-10T07:57:57.066062+00:00
20,5400460093,2859.0,0.03,sell,False,2022-11-10T07:57:57.035332+00:00
21,5400460082,2907.0,0.02,sell,False,2022-11-10T07:57:56.917926+00:00
22,5400460069,2956.0,0.02,sell,False,2022-11-10T07:57:56.797594+00:00
23,5400460040,3006.0,0.02,sell,False,2022-11-10T07:57:56.686610+00:00
24,5400460025,3057.0,0.02,sell,False,2022-11-10T07:57:56.536487+00:00
25,5400460018,3109.0,0.02,sell,False,2022-11-10T07:57:56.455765+00:00
26,5400459703,3162.0,0.02,sell,False,2022-11-10T07:57:54.127195+00:00
27,5400458110,3216.0,0.02,sell,False,2022-11-10T07:57:45.094349+00:00
28,5400455010,3271.0,0.02,sell,False,2022-11-10T07:57:25.406949+00:00
29,5400425782,3385.0,0.01,buy,False,2022-11-10T07:53:54.451784+00:00
30,5400425745,3385.0,0.01,buy,False,2022-11-10T07:53:54.176926+00:00
31,5400409609,3271.0,0.01,sell,False,2022-11-10T07:52:21.584719+00:00
32,5400409522,3326.0,0.01,sell,False,2022-11-10T07:52:21.306114+00:00
33,5400409273,3326.0,0.01,sell,False,2022-11-10T07:52:20.061328+00:00
34,5400402792,3442.0,0.01,buy,False,2022-11-10T07:51:33.923718+00:00
35,5400401729,3442.0,0.01,buy,False,2022-11-10T07:51:25.061299+00:00
36,5400396156,3271.0,0.01,sell,False,2022-11-10T07:50:47.525885+00:00
37,5400393869,3326.0,0.01,sell,False,2022-11-10T07:50:33.551897+00:00
38,5400393613,3326.0,0.01,sell,False,2022-11-10T07:50:31.867186+00:00
39,5400325256,3442.0,0.02,buy,False,2022-11-10T07:41:26.708042+00:00
40,5400313874,3326.0,0.02,sell,False,2022-11-10T07:40:00.782109+00:00
41,5400313863,3383.0,0.02,sell,False,2022-11-10T07:40:00.651939+00:00
42,5400313820,3440.0,0.02,sell,False,2022-11-10T07:40:00.282433+00:00
43,5400256768,3499.0,0.02,sell,False,2022-11-10T07:31:58.103731+00:00
44,5400243799,3558.0,0.02,sell,False,2022-11-10T07:30:18.862741+00:00
45,5400242521,3619.0,0.02,sell,False,2022-11-10T07:30:09.595837+00:00
46,5400161469,3745.0,0.01,buy,False,2022-11-10T07:20:21.385885+00:00
47,5400161451,3745.0,0.01,buy,False,2022-11-10T07:20:21.166353+00:00
48,5400158494,3682.0,0.02,buy,False,2022-11-10T07:20:02.037207+00:00
49,5400118224,3621.0,0.01,buy,False,2022-11-10T07:16:02.425121+00:00
50,5400118065,3621.0,0.01,buy,False,2022-11-10T07:16:01.670500+00:00
51,5400105047,3558.0,0.01,buy,False,2022-11-10T07:14:48.988538+00:00
52,5400102190,3558.0,0.01,buy,False,2022-11-10T07:14:32.076246+00:00
53,5400063596,3501.0,0.02,buy,False,2022-11-10T07:10:27.002614+00:00
54,5400025019,3442.0,0.02,buy,False,2022-11-10T07:05:56.571160+00:00
55,5399897048,3326.0,0.02,sell,False,2022-11-10T06:51:21.701279+00:00
56,5399886729,3442.0,0.02,buy,False,2022-11-10T06:49:48.088861+00:00
57,5399886662,3385.0,0.02,buy,False,2022-11-10T06:49:47.407740+00:00
58,5399886603,3328.0,0.02,buy,False,2022-11-10T06:49:46.886926+00:00
59,5399886542,3272.0,0.01,buy,False,2022-11-10T06:49:46.252445+00:00
60,5399886519,3272.0,0.01,buy,False,2022-11-10T06:49:45.975574+00:00
61,5399886416,3217.0,0.02,buy,False,2022-11-10T06:49:44.673925+00:00
62,5399848462,3109.0,0.02,sell,False,2022-11-10T06:44:46.784524+00:00
63,5399729975,3162.0,0.02,sell,False,2022-11-10T06:35:27.698160+00:00
64,5399721966,3216.0,0.02,sell,False,2022-11-10T06:34:25.548384+00:00
65,5399721948,3271.0,0.02,sell,False,2022-11-10T06:34:25.267502+00:00
66,5399721551,3326.0,0.02,sell,False,2022-11-10T06:34:20.476334+00:00
67,5399713176,3442.0,0.01,buy,False,2022-11-10T06:32:55.796670+00:00
68,5399713140,3442.0,0.01,buy,False,2022-11-10T06:32:55.450593+00:00
69,5399712854,3385.0,0.01,buy,False,2022-11-10T06:32:51.826757+00:00
70,5399712676,3385.0,0.01,buy,False,2022-11-10T06:32:49.750257+00:00
71,5399567254,3328.0,0.01,buy,False,2022-11-10T06:15:50.268741+00:00
72,5399383987,3328.0,0.01,buy,False,2022-11-10T05:49:36.628988+00:00
73,5399382743,3272.0,0.02,buy,False,2022-11-10T05:49:21.861957+00:00
74,5399308995,3162.0,0.02,sell,False,2022-11-10T05:34:01.391345+00:00
75,5399303477,3326.0,0.02,sell,False,2022-11-10T05:33:04.783493+00:00
76,5399303084,3383.0,0.02,sell,False,2022-11-10T05:33:00.837439+00:00
77,5399302651,3440.0,0.02,sell,False,2022-11-10T05:32:56.832270+00:00
78,5399296294,3216.0,0.02,sell,False,2022-11-10T05:31:55.134181+00:00
79,5399295790,3271.0,0.02,sell,False,2022-11-10T05:31:50.535345+00:00
80,5399295697,3558.0,0.02,buy,False,2022-11-10T05:31:49.875637+00:00
81,5399295570,3501.0,0.02,buy,False,2022-11-10T05:31:48.974774+00:00
82,5399295475,3442.0,0.02,buy,False,2022-11-10T05:31:48.262966+00:00
83,5399295293,3385.0,0.02,buy,False,2022-11-10T05:31:47.127838+00:00
84,5399295269,3328.0,0.01,buy,False,2022-11-10T05:31:46.749109+00:00
85,5399295257,3328.0,0.01,buy,False,2022-11-10T05:31:46.572370+00:00
86,5399266591,3216.0,0.02,sell,False,2022-11-10T05:27:58.915558+00:00
87,5399265740,3271.0,0.02,sell,False,2022-11-10T05:27:54.151843+00:00
88,5399264664,3326.0,0.02,sell,False,2022-11-10T05:27:48.698829+00:00
89,5399257983,3442.0,0.02,buy,False,2022-11-10T05:27:02.237983+00:00
90,5399257923,3385.0,0.01,buy,False,2022-11-10T05:27:01.769951+00:00
91,5399257865,3385.0,0.01,buy,False,2022-11-10T05:27:01.241731+00:00
92,5399257780,3328.0,0.01,buy,False,2022-11-10T05:27:00.761098+00:00
93,5399257539,3328.0,0.01,buy,False,2022-11-10T05:26:58.891937+00:00
94,5399257488,3272.0,0.02,buy,False,2022-11-10T05:26:58.425787+00:00
95,5399221009,3217.0,0.01,buy,False,2022-11-10T05:23:36.963040+00:00
96,5399220877,3217.0,0.01,buy,False,2022-11-10T05:23:36.244212+00:00
97,5399176928,3109.0,0.02,sell,False,2022-11-10T05:18:46.141212+00:00
98,5399165446,3162.0,0.02,sell,False,2022-11-10T05:17:43.350490+00:00
99,5399133998,3216.0,0.02,sell,False,2022-11-10T05:15:16.154377+00:00
100,5399133308,3271.0,0.02,sell,False,2022-11-10T05:15:10.939151+00:00
101,5399132726,3326.0,0.02,sell,False,2022-11-10T05:15:06.938176+00:00
102,5399131856,3442.0,0.02,buy,False,2022-11-10T05:15:02.066094+00:00
103,5399131443,3385.0,0.02,buy,False,2022-11-10T05:14:59.148521+00:00
104,5399131395,3328.0,0.02,buy,False,2022-11-10T05:14:58.644770+00:00
105,5399126702,3272.0,0.02,buy,False,2022-11-10T05:14:31.475462+00:00
106,5399121026,3217.0,0.02,buy,False,2022-11-10T05:13:59.927378+00:00
107,5399090847,3383.0,0.02,sell,False,2022-11-10T05:11:11.174773+00:00
108,5399090385,3440.0,0.02,sell,False,2022-11-10T05:11:06.435911+00:00
109,5399070984,3558.0,0.02,buy,False,2022-11-10T05:09:09.066975+00:00
110,5399070884,3501.0,0.02,buy,False,2022-11-10T05:09:08.583049+00:00
111,5399068310,3162.0,0.01,sell,False,2022-11-10T05:08:56.508239+00:00
112,5399068277,3162.0,0.01,sell,False,2022-11-10T05:08:56.274313+00:00
113,5399065231,3216.0,0.01,sell,False,2022-11-10T05:08:40.445916+00:00
114,5399065230,3216.0,0.01,sell,False,2022-11-10T05:08:40.445494+00:00
115,5399065156,2907.0,0.02,sell,False,2022-11-10T05:08:39.593253+00:00
116,5399064555,3271.0,0.02,sell,False,2022-11-10T05:08:36.310641+00:00
117,5399063446,3326.0,0.02,sell,False,2022-11-10T05:08:30.665662+00:00
118,5399062908,3110.0,0.02,buy,False,2022-11-10T05:08:27.489592+00:00
119,5399062246,3058.0,0.02,buy,False,2022-11-10T05:08:22.697156+00:00
120,5399047184,2956.0,0.02,sell,False,2022-11-10T05:06:57.923304+00:00
121,5399047086,3006.0,0.02,sell,False,2022-11-10T05:06:57.092638+00:00
122,5399041122,3442.0,0.02,buy,False,2022-11-10T05:06:32.623046+00:00
123,5399041064,3385.0,0.02,buy,False,2022-11-10T05:06:32.093861+00:00
124,5399040962,3328.0,0.02,buy,False,2022-11-10T05:06:31.612031+00:00
125,5399040869,3272.0,0.02,buy,False,2022-11-10T05:06:31.201849+00:00
126,5399040812,3217.0,0.02,buy,False,2022-11-10T05:06:30.784805+00:00
127,5399040743,3163.0,0.01,buy,False,2022-11-10T05:06:30.379245+00:00
128,5399040543,3163.0,0.01,buy,False,2022-11-10T05:06:29.572174+00:00
129,5399026954,3057.0,0.02,sell,False,2022-11-10T05:05:17.333985+00:00
130,5399020969,3162.0,0.02,sell,False,2022-11-10T05:04:36.473387+00:00
131,5399020655,3109.0,0.02,sell,False,2022-11-10T05:04:34.055686+00:00
132,5399018495,3216.0,0.02,sell,False,2022-11-10T05:04:19.872706+00:00
133,5399017886,3271.0,0.02,sell,False,2022-11-10T05:04:15.857928+00:00
134,5399017311,3326.0,0.02,sell,False,2022-11-10T05:04:10.922911+00:00
135,5399007303,3442.0,0.01,buy,False,2022-11-10T05:02:59.817035+00:00
136,5399007232,3442.0,0.01,buy,False,2022-11-10T05:02:58.912240+00:00
137,5399006409,3385.0,0.02,buy,False,2022-11-10T05:02:53.801292+00:00
138,5399006378,3328.0,0.02,buy,False,2022-11-10T05:02:53.524746+00:00
139,5399006308,3272.0,0.02,buy,False,2022-11-10T05:02:53.105486+00:00
140,5399003795,3217.0,0.01,buy,False,2022-11-10T05:02:39.332340+00:00
141,5399003154,3217.0,0.01,buy,False,2022-11-10T05:02:35.855095+00:00
142,5399003092,3163.0,0.01,buy,False,2022-11-10T05:02:35.535382+00:00
143,5399003041,3163.0,0.01,buy,False,2022-11-10T05:02:35.232152+00:00
144,5399002925,3110.0,0.02,buy,False,2022-11-10T05:02:34.783565+00:00
145,5398993358,3058.0,0.02,buy,False,2022-11-10T05:01:34.652011+00:00
146,5398990809,3007.0,0.02,buy,False,2022-11-10T05:01:12.381746+00:00
147,5398990724,2956.0,0.02,buy,False,2022-11-10T05:01:11.533489+00:00
148,5398990365,2859.0,0.01,buy,False,2022-11-10T05:01:09.179795+00:00
149,5398990361,2859.0,0.01,buy,False,2022-11-10T05:01:09.145185+00:00
150,5398978466,2763.0,0.02,sell,False,2022-11-10T04:58:42.606642+00:00
151,5398976655,2908.0,0.01,buy,False,2022-11-10T04:58:15.751523+00:00
152,5398976646,2908.0,0.01,buy,False,2022-11-10T04:58:15.722230+00:00
153,5398975889,2859.0,0.01,buy,False,2022-11-10T04:58:03.183276+00:00
154,5398975809,2859.0,0.01,buy,False,2022-11-10T04:58:02.641973+00:00
155,5398975764,2811.0,0.01,buy,False,2022-11-10T04:58:02.323136+00:00
156,5398975686,2811.0,0.01,buy,False,2022-11-10T04:58:01.677143+00:00
157,5398975633,2764.0,0.02,buy,False,2022-11-10T04:58:01.374734+00:00
158,5398975589,2717.0,0.01,buy,False,2022-11-10T04:58:01.100480+00:00
159,5398975561,2717.0,0.01,buy,False,2022-11-10T04:58:00.744149+00:00
160,5398975535,2673.0,0.01,buy,False,2022-11-10T04:58:00.414688+00:00
161,5398975512,2673.0,0.01,buy,False,2022-11-10T04:58:00.068472+00:00
162,5398975460,2628.0,0.01,buy,False,2022-11-10T04:57:59.187939+00:00
163,5398975398,2628.0,0.01,buy,False,2022-11-10T04:57:58.871646+00:00
164,5398975057,2583.0,0.02,buy,False,2022-11-10T04:57:57.599659+00:00
165,5398975030,2540.0,0.02,buy,False,2022-11-10T04:57:57.280353+00:00
166,5398964166,2499.0,0.02,buy,False,2022-11-10T04:55:44.799859+00:00
167,5398964159,2456.0,0.02,buy,False,2022-11-10T04:55:44.727528+00:00
168,5398964109,2415.0,0.02,buy,False,2022-11-10T04:55:44.148866+00:00
169,5398935608,2376.0,0.02,buy,False,2022-11-10T04:49:47.846333+00:00
170,5398879036,2296.0,0.02,sell,False,2022-11-10T04:37:12.728270+00:00
171,5398878752,2335.0,0.02,sell,False,2022-11-10T04:37:07.264535+00:00
172,5398878737,2374.0,0.02,sell,False,2022-11-10T04:37:07.116786+00:00
173,5398878727,2415.0,0.02,sell,False,2022-11-10T04:37:07.064275+00:00
174,5398878719,2456.0,0.02,sell,False,2022-11-10T04:37:06.962744+00:00
175,5398878710,2497.0,0.02,sell,False,2022-11-10T04:37:06.876510+00:00
176,5398878708,2540.0,0.02,sell,False,2022-11-10T04:37:06.846146+00:00
177,5398878170,2583.0,0.02,sell,False,2022-11-10T04:37:01.441501+00:00
178,5398873500,2627.0,0.02,sell,False,2022-11-10T04:36:09.672569+00:00
179,5398873482,2672.0,0.02,sell,False,2022-11-10T04:36:09.531639+00:00
180,5398873147,2717.0,0.02,sell,False,2022-11-10T04:36:06.172208+00:00
181,5398873120,2763.0,0.02,sell,False,2022-11-10T04:36:05.961343+00:00
182,5398872706,2810.0,0.02,sell,False,2022-11-10T04:36:03.428308+00:00
183,5398872639,2858.0,0.02,sell,False,2022-11-10T04:36:02.861922+00:00
184,5398872631,2907.0,0.02,sell,False,2022-11-10T04:36:02.692227+00:00
185,5398872458,2956.0,0.02,sell,False,2022-11-10T04:36:00.803711+00:00
186,5398872346,3006.0,0.02,sell,False,2022-11-10T04:35:59.907622+00:00
187,5398869784,3057.0,0.02,sell,False,2022-11-10T04:35:33.806753+00:00
188,5398869761,3109.0,0.02,sell,False,2022-11-10T04:35:33.578731+00:00
189,5398869753,3162.0,0.02,sell,False,2022-11-10T04:35:33.453696+00:00
190,5398826336,3216.0,0.02,sell,False,2022-11-10T04:27:15.651817+00:00
191,5398823280,3328.0,0.02,buy,False,2022-11-10T04:26:40.981263+00:00
192,5398812692,3272.0,0.02,buy,False,2022-11-10T04:24:38.695236+00:00
193,5398806079,3162.0,0.02,sell,False,2022-11-10T04:23:15.325537+00:00
194,5398801546,3216.0,0.02,sell,False,2022-11-10T04:22:14.126717+00:00
195,5398798698,3328.0,0.02,buy,False,2022-11-10T04:21:40.613741+00:00
196,5398798627,3272.0,0.02,buy,False,2022-11-10T04:21:39.874227+00:00
197,5398798598,3217.0,0.01,buy,False,2022-11-10T04:21:39.331772+00:00
198,5398792858,3217.0,0.01,buy,False,2022-11-10T04:20:06.745814+00:00
199,5398783520,3163.0,0.01,buy,False,2022-11-10T04:18:35.704942+00:00
200,5398782684,3163.0,0.01,buy,False,2022-11-10T04:18:25.911990+00:00
201,5398782641,3110.0,0.02,buy,False,2022-11-10T04:18:25.254179+00:00
202,5398781224,3058.0,0.01,buy,False,2022-11-10T04:18:11.662189+00:00
203,5398781194,3058.0,0.01,buy,False,2022-11-10T04:18:11.369095+00:00
204,5398780990,3007.0,0.01,buy,False,2022-11-10T04:18:10.687532+00:00
205,5398780966,3007.0,0.01,buy,False,2022-11-10T04:18:10.338775+00:00
206,5398780934,2956.0,0.01,buy,False,2022-11-10T04:18:09.915365+00:00
207,5398780912,2956.0,0.01,buy,False,2022-11-10T04:18:09.621035+00:00
208,5398760082,2859.0,0.02,buy,False,2022-11-10T04:14:07.266795+00:00
209,5398759756,2811.0,0.02,buy,False,2022-11-10T04:14:03.415639+00:00
210,5398759542,3006.0,0.02,sell,False,2022-11-10T04:13:59.335717+00:00
211,5398759085,3057.0,0.02,buy,False,2022-11-10T04:13:54.403895+00:00
212,5398758727,3057.0,0.02,sell,False,2022-11-10T04:13:50.002630+00:00
213,5398758189,2764.0,0.02,buy,False,2022-11-10T04:13:45.398244+00:00
214,5398757719,2717.0,0.02,buy,False,2022-11-10T04:13:41.234341+00:00
215,5398751613,2627.0,0.02,sell,False,2022-11-10T04:12:35.518767+00:00
216,5398751586,2672.0,0.02,sell,False,2022-11-10T04:12:35.126625+00:00
217,5398751533,2717.0,0.02,sell,False,2022-11-10T04:12:34.246478+00:00
218,5398751472,2763.0,0.02,sell,False,2022-11-10T04:12:33.543961+00:00
219,5398751364,2810.0,0.02,sell,False,2022-11-10T04:12:32.229452+00:00
220,5398751293,2858.0,0.02,sell,False,2022-11-10T04:12:31.448679+00:00
221,5398751189,2907.0,0.02,sell,False,2022-11-10T04:12:30.533945+00:00
222,5398751031,2956.0,0.02,sell,False,2022-11-10T04:12:29.110552+00:00
223,5398741877,3217.0,0.02,buy,False,2022-11-10T04:10:50.136668+00:00
224,5398741660,3110.0,0.02,buy,False,2022-11-10T04:10:46.080234+00:00
225,5398741184,3163.0,0.02,buy,False,2022-11-10T04:10:38.110132+00:00
226,5398738693,3501.0,0.01,buy,False,2022-11-10T04:10:06.153445+00:00
227,5398738670,3501.0,0.01,buy,False,2022-11-10T04:10:05.880775+00:00
228,5398722982,3007.0,0.02,buy,False,2022-11-10T04:06:10.639313+00:00
229,5398719907,3216.0,0.02,sell,False,2022-11-10T04:05:23.213223+00:00
230,5398719586,3271.0,0.02,sell,False,2022-11-10T04:05:16.748394+00:00
231,5398719211,3326.0,0.02,sell,False,2022-11-10T04:05:12.073815+00:00
232,5398718907,2764.0,0.02,buy,False,2022-11-10T04:05:06.271579+00:00
233,5398718585,2717.0,0.02,buy,False,2022-11-10T04:05:01.611203+00:00
234,5398718361,2673.0,0.01,buy,False,2022-11-10T04:04:56.252029+00:00
235,5398718339,2673.0,0.01,buy,False,2022-11-10T04:04:56.081523+00:00
236,5398718099,2540.0,0.01,buy,False,2022-11-10T04:04:51.693673+00:00
237,5398718092,2540.0,0.01,buy,False,2022-11-10T04:04:51.481388+00:00
238,5398717868,2583.0,0.01,buy,False,2022-11-10T04:04:47.522152+00:00
239,5398717863,2583.0,0.01,buy,False,2022-11-10T04:04:47.363093+00:00
240,5398717510,2628.0,0.01,buy,False,2022-11-10T04:04:43.308435+00:00
241,5398717504,2628.0,0.01,buy,False,2022-11-10T04:04:43.194642+00:00
242,5398717105,2499.0,0.02,buy,False,2022-11-10T04:04:38.621749+00:00
243,5398716900,3383.0,0.02,sell,False,2022-11-10T04:04:34.494392+00:00
244,5398334161,2415.0,0.02,sell,False,2022-11-10T03:13:00.083657+00:00
245,5398109669,3501.0,0.02,buy,False,2022-11-10T02:37:12.467344+00:00
246,5397994675,3442.0,0.02,buy,False,2022-11-10T02:16:27.248292+00:00
247,5397994525,3385.0,0.02,buy,False,2022-11-10T02:16:25.528720+00:00
248,5397994295,3328.0,0.02,buy,False,2022-11-10T02:16:22.678152+00:00
249,5397994270,3272.0,0.02,buy,False,2022-11-10T02:16:22.453611+00:00
250,5397994257,3217.0,0.02,buy,False,2022-11-10T02:16:22.295136+00:00
251,5397994236,3163.0,0.01,buy,False,2022-11-10T02:16:22.086791+00:00
252,5397994102,3163.0,0.01,buy,False,2022-11-10T02:16:19.846811+00:00
253,5397988859,3110.0,0.02,buy,False,2022-11-10T02:15:19.984123+00:00
254,5397987322,3058.0,0.01,buy,False,2022-11-10T02:15:08.751684+00:00
255,5397973191,2456.0,0.02,sell,False,2022-11-10T02:13:08.254337+00:00
256,5397973098,2497.0,0.02,sell,False,2022-11-10T02:13:07.126361+00:00
257,5397973090,2540.0,0.02,sell,False,2022-11-10T02:13:07.052606+00:00
258,5397973039,2583.0,0.02,sell,False,2022-11-10T02:13:06.706248+00:00
259,5397941443,2627.0,0.02,sell,False,2022-11-10T02:07:50.557786+00:00
260,5397249907,2672.0,0.01,sell,False,2022-11-10T00:47:35.351371+00:00
261,5397249856,2717.0,0.02,sell,False,2022-11-10T00:47:35.140508+00:00
262,5397249824,2763.0,0.02,sell,False,2022-11-10T00:47:34.904079+00:00
263,5397249816,2810.0,0.02,sell,False,2022-11-10T00:47:34.851909+00:00
264,5397244009,2858.0,0.02,sell,False,2022-11-10T00:46:53.139903+00:00
265,5397243992,2907.0,0.02,sell,False,2022-11-10T00:46:53.033090+00:00
266,5397196303,3058.0,0.01,buy,False,2022-11-10T00:42:04.061572+00:00
267,5397173370,3007.0,0.02,buy,False,2022-11-10T00:39:48.487317+00:00
268,5397097244,2907.0,0.02,sell,False,2022-11-10T00:31:30.265627+00:00
269,5397059408,2956.0,0.02,sell,False,2022-11-10T00:28:49.469984+00:00
270,5396843253,3058.0,0.01,buy,False,2022-11-10T00:08:25.717345+00:00
271,5396834710,3058.0,0.01,buy,False,2022-11-10T00:07:40.618388+00:00
272,5396834709,3007.0,0.01,buy,False,2022-11-10T00:07:40.618388+00:00
273,5396833355,3007.0,0.01,buy,False,2022-11-10T00:07:33.203453+00:00
274,5396833354,2956.0,0.01,buy,False,2022-11-10T00:07:33.203453+00:00
275,5396827503,2956.0,0.01,buy,False,2022-11-10T00:07:02.406594+00:00
276,5396827502,2908.0,0.02,buy,False,2022-11-10T00:07:02.406594+00:00
277,5396676852,2859.0,0.02,buy,False,2022-11-09T23:54:14.849915+00:00
278,5396614166,2763.0,0.02,sell,False,2022-11-09T23:48:11.663760+00:00
279,5396613977,2810.0,0.02,sell,False,2022-11-09T23:48:10.375916+00:00
280,5396567314,2858.0,0.02,sell,False,2022-11-09T23:44:31.646725+00:00
281,5396566878,2907.0,0.02,sell,False,2022-11-09T23:44:29.118666+00:00
282,5396512553,3007.0,0.02,buy,False,2022-11-09T23:39:37.250304+00:00
283,5396511893,2811.0,0.01,buy,False,2022-11-09T23:39:33.859734+00:00
284,5396511768,2811.0,0.01,buy,False,2022-11-09T23:39:33.511274+00:00
285,5396510743,2908.0,0.02,buy,False,2022-11-09T23:39:29.022663+00:00
286,5396509915,2859.0,0.02,buy,False,2022-11-09T23:39:25.319340+00:00
287,5396508900,2956.0,0.02,buy,False,2022-11-09T23:39:20.698013+00:00
288,5396505145,2672.0,0.01,sell,False,2022-11-09T23:39:06.731947+00:00
289,5396505064,2717.0,0.02,sell,False,2022-11-09T23:39:06.514986+00:00
290,5396504968,2763.0,0.02,sell,False,2022-11-09T23:39:06.204654+00:00
291,5396504888,2810.0,0.02,sell,False,2022-11-09T23:39:05.867244+00:00
292,5396504760,2858.0,0.02,sell,False,2022-11-09T23:39:05.474921+00:00
293,5396504498,2907.0,0.02,sell,False,2022-11-09T23:39:04.738676+00:00
294,5396504375,2956.0,0.02,sell,False,2022-11-09T23:39:04.258962+00:00
295,5396466585,3058.0,0.02,buy,False,2022-11-09T23:35:26.327782+00:00
296,5396466538,3007.0,0.02,buy,False,2022-11-09T23:35:25.966460+00:00
297,5396453644,2907.0,0.02,sell,False,2022-11-09T23:34:04.831807+00:00
298,5396451418,2956.0,0.02,sell,False,2022-11-09T23:33:52.056337+00:00
299,5396451350,3006.0,0.01,sell,False,2022-11-09T23:33:51.595847+00:00
300,5396451283,3006.0,0.01,sell,False,2022-11-09T23:33:51.277889+00:00
301,5396422867,3110.0,0.02,buy,False,2022-11-09T23:31:31.056127+00:00
302,5396360162,3058.0,0.02,buy,False,2022-11-09T23:25:53.081330+00:00
303,5396351382,2956.0,0.02,sell,False,2022-11-09T23:25:05.225282+00:00
304,5396321829,3006.0,0.02,sell,False,2022-11-09T23:22:56.824958+00:00
305,5396278340,3057.0,0.01,sell,False,2022-11-09T23:19:54.505230+00:00
306,5396278255,3057.0,0.01,sell,False,2022-11-09T23:19:54.123140+00:00
307,5396278195,3109.0,0.01,sell,False,2022-11-09T23:19:53.647930+00:00
308,5396277872,3109.0,0.01,sell,False,2022-11-09T23:19:51.709630+00:00
309,5396116375,3162.0,0.01,sell,False,2022-11-09T23:09:35.698774+00:00
310,5396107460,3162.0,0.01,sell,False,2022-11-09T23:09:14.715134+00:00
311,5396095762,3216.0,0.02,sell,False,2022-11-09T23:08:39.363879+00:00
312,5396045383,3328.0,0.01,buy,False,2022-11-09T23:05:08.334297+00:00
313,5396045309,3328.0,0.01,buy,False,2022-11-09T23:05:08.094887+00:00
314,5396045308,3217.0,0.02,buy,False,2022-11-09T23:05:08.094887+00:00
315,5396041976,3272.0,0.01,buy,False,2022-11-09T23:04:52.308655+00:00
316,5396041866,3272.0,0.01,buy,False,2022-11-09T23:04:51.860798+00:00
317,5396037550,3109.0,0.02,sell,False,2022-11-09T23:04:32.917731+00:00
318,5396020589,3217.0,0.01,buy,False,2022-11-09T23:03:23.079925+00:00
319,5396020548,3217.0,0.01,buy,False,2022-11-09T23:03:22.842017+00:00
320,5396020547,3163.0,0.02,buy,False,2022-11-09T23:03:22.842017+00:00
321,5395979819,3057.0,0.02,sell,False,2022-11-09T23:00:20.533192+00:00
322,5395955482,3163.0,0.02,buy,False,2022-11-09T22:58:23.019100+00:00
323,5395954835,3110.0,0.02,buy,False,2022-11-09T22:58:20.999713+00:00
324,5395954644,3058.0,0.02,buy,False,2022-11-09T22:58:20.082865+00:00
325,5395954337,3007.0,0.02,buy,False,2022-11-09T22:58:18.334136+00:00
326,5395954056,2956.0,0.01,buy,False,2022-11-09T22:58:16.962850+00:00
327,5395953260,2956.0,0.01,buy,False,2022-11-09T22:58:13.534183+00:00
328,5395953259,2908.0,0.01,buy,False,2022-11-09T22:58:13.534183+00:00
329,5395953124,2908.0,0.01,buy,False,2022-11-09T22:58:12.850848+00:00
330,5395953123,2859.0,0.02,buy,False,2022-11-09T22:58:12.850848+00:00
331,5395951657,2811.0,0.02,buy,False,2022-11-09T22:58:02.834551+00:00
332,5395926892,2717.0,0.02,sell,False,2022-11-09T22:54:40.426015+00:00
333,5395921186,2763.0,0.02,sell,False,2022-11-09T22:53:56.381320+00:00
334,5395921153,2810.0,0.02,sell,False,2022-11-09T22:53:56.177694+00:00
335,5395911562,2858.0,0.02,sell,False,2022-11-09T22:52:53.793164+00:00
336,5395907774,2907.0,0.02,sell,False,2022-11-09T22:52:26.541636+00:00
337,5395899239,2956.0,0.02,sell,False,2022-11-09T22:51:28.921625+00:00
338,5395895908,3006.0,0.02,sell,False,2022-11-09T22:51:07.845317+00:00
339,5395894843,3057.0,0.02,sell,False,2022-11-09T22:51:00.852740+00:00
340,5395893944,3109.0,0.02,sell,False,2022-11-09T22:50:55.141908+00:00
341,5395883530,3162.0,0.02,sell,False,2022-11-09T22:49:46.798738+00:00
342,5395869481,3216.0,0.02,sell,False,2022-11-09T22:48:44.188509+00:00
343,5395862135,3271.0,0.02,sell,False,2022-11-09T22:48:11.217468+00:00
344,5395834603,3326.0,0.02,sell,False,2022-11-09T22:46:18.169888+00:00
345,5395740481,3442.0,0.02,buy,False,2022-11-09T22:36:48.691843+00:00
346,5395738731,3385.0,0.01,buy,False,2022-11-09T22:36:39.473086+00:00
347,5395723457,3328.0,0.01,buy,False,2022-11-09T22:35:35.736292+00:00
348,5395648304,3328.0,0.01,buy,False,2022-11-09T22:29:46.649894+00:00
349,5395648303,3272.0,0.01,buy,False,2022-11-09T22:29:46.649894+00:00
350,5395648174,3272.0,0.01,buy,False,2022-11-09T22:29:46.028771+00:00
351,5395648173,3217.0,0.01,buy,False,2022-11-09T22:29:46.028771+00:00
352,5395641007,3217.0,0.01,buy,False,2022-11-09T22:29:11.096395+00:00
353,5395640979,3163.0,0.02,buy,False,2022-11-09T22:29:10.897046+00:00
354,5395635188,3057.0,0.02,sell,False,2022-11-09T22:28:42.131154+00:00
355,5395568841,3163.0,0.01,buy,False,2022-11-09T22:22:46.020809+00:00
356,5395564561,3163.0,0.01,buy,False,2022-11-09T22:22:22.306986+00:00
357,5395564560,3110.0,0.01,buy,False,2022-11-09T22:22:22.306986+00:00
358,5395564486,3110.0,0.01,buy,False,2022-11-09T22:22:21.679359+00:00
359,5395564485,3058.0,0.02,buy,False,2022-11-09T22:22:21.679359+00:00
360,5395564484,3007.0,0.01,buy,False,2022-11-09T22:22:21.679359+00:00
361,5395564412,3007.0,0.01,buy,False,2022-11-09T22:22:21.002990+00:00
362,5395564411,2956.0,0.02,buy,False,2022-11-09T22:22:21.002990+00:00
363,5395564410,2908.0,0.02,buy,False,2022-11-09T22:22:21.002990+00:00
364,5395557695,2810.0,0.02,sell,False,2022-11-09T22:21:39.366415+00:00
365,5395557143,2858.0,0.02,sell,False,2022-11-09T22:21:36.343908+00:00
366,5395556497,2907.0,0.02,sell,False,2022-11-09T22:21:33.355993+00:00
367,5395527643,2956.0,0.02,sell,False,2022-11-09T22:19:01.845690+00:00
368,5395527622,3006.0,0.02,sell,False,2022-11-09T22:19:01.755901+00:00
369,5395506150,3057.0,0.02,sell,False,2022-11-09T22:16:59.995986+00:00
370,5395483690,3109.0,0.02,sell,False,2022-11-09T22:15:07.966667+00:00
371,5395478328,3162.0,0.01,sell,False,2022-11-09T22:14:41.621049+00:00
372,5395477022,3162.0,0.01,sell,False,2022-11-09T22:14:35.193628+00:00
373,5395451005,3216.0,0.02,sell,False,2022-11-09T22:12:55.458341+00:00
374,5395435874,3385.0,0.01,buy,False,2022-11-09T22:11:49.194789+00:00
375,5395435750,3217.0,0.01,buy,False,2022-11-09T22:11:48.692631+00:00
376,5395435700,3217.0,0.01,buy,False,2022-11-09T22:11:48.478851+00:00
377,5395434175,3272.0,0.02,buy,False,2022-11-09T22:11:43.790215+00:00
378,5395432922,3328.0,0.02,buy,False,2022-11-09T22:11:39.547107+00:00
379,5395410384,3109.0,0.02,sell,False,2022-11-09T22:09:41.493074+00:00
380,5395409768,3162.0,0.02,sell,False,2022-11-09T22:09:38.018834+00:00
381,5395408026,3216.0,0.02,sell,False,2022-11-09T22:09:28.651806+00:00
382,5395404213,3328.0,0.02,buy,False,2022-11-09T22:09:09.013989+00:00
383,5395404161,3272.0,0.02,buy,False,2022-11-09T22:09:08.694711+00:00
384,5395404090,3217.0,0.02,buy,False,2022-11-09T22:09:08.449863+00:00
385,5395403986,3163.0,0.01,buy,False,2022-11-09T22:09:08.057204+00:00
386,5395403934,3163.0,0.01,buy,False,2022-11-09T22:09:07.859766+00:00
387,5395380925,3110.0,0.02,buy,False,2022-11-09T22:07:48.643476+00:00
388,5395380220,3058.0,0.02,buy,False,2022-11-09T22:07:46.089589+00:00
389,5395380156,3007.0,0.02,buy,False,2022-11-09T22:07:45.818660+00:00
390,5395380096,2956.0,0.02,buy,False,2022-11-09T22:07:45.574026+00:00
391,5395379984,2908.0,0.01,buy,False,2022-11-09T22:07:45.240281+00:00
392,5395379905,2908.0,0.01,buy,False,2022-11-09T22:07:44.972780+00:00
393,5395373426,2859.0,0.02,buy,False,2022-11-09T22:07:31.183614+00:00
394,5395373334,2811.0,0.02,buy,False,2022-11-09T22:07:30.946775+00:00
395,5395362598,2764.0,0.02,buy,False,2022-11-09T22:07:06.155609+00:00
396,5395353190,2717.0,0.01,buy,False,2022-11-09T22:06:30.742887+00:00
397,5395353108,2717.0,0.01,buy,False,2022-11-09T22:06:30.519035+00:00
398,5395285312,2627.0,0.02,sell,False,2022-11-09T22:02:01.358359+00:00
399,5395277687,2672.0,0.02,sell,False,2022-11-09T22:01:34.279665+00:00
400,5395276306,2717.0,0.02,sell,False,2022-11-09T22:01:29.891692+00:00
401,5395275321,2858.0,0.02,sell,False,2022-11-09T22:01:25.472681+00:00
402,5395273980,2810.0,0.02,sell,False,2022-11-09T22:01:20.365283+00:00
403,5395273148,2763.0,0.02,sell,False,2022-11-09T22:01:16.077953+00:00
404,5395272016,2907.0,0.02,sell,False,2022-11-09T22:01:11.703618+00:00
405,5395271443,3007.0,0.02,buy,False,2022-11-09T22:01:08.511249+00:00
406,5395267777,2956.0,0.02,buy,False,2022-11-09T22:00:54.043732+00:00
407,5395267645,2908.0,0.01,buy,False,2022-11-09T22:00:53.516033+00:00
408,5395267637,2908.0,0.01,buy,False,2022-11-09T22:00:53.487818+00:00
409,5395255924,2859.0,0.01,buy,False,2022-11-09T22:00:15.583224+00:00
410,5395255123,2859.0,0.01,buy,False,2022-11-09T22:00:12.451683+00:00
411,5395255122,2811.0,0.02,buy,False,2022-11-09T22:00:12.451683+00:00
412,5395254288,2764.0,0.01,buy,False,2022-11-09T22:00:09.354168+00:00
413,5395253830,2764.0,0.01,buy,False,2022-11-09T22:00:07.842942+00:00
414,5395253829,2717.0,0.01,buy,False,2022-11-09T22:00:07.842942+00:00
415,5395253612,2717.0,0.01,buy,False,2022-11-09T22:00:07.017384+00:00
416,5395253611,2673.0,0.02,buy,False,2022-11-09T22:00:07.017384+00:00
417,5395173453,2583.0,0.02,sell,False,2022-11-09T21:54:55.419299+00:00
418,5395130333,2673.0,0.01,buy,False,2022-11-09T21:52:39.721547+00:00
419,5395130163,2673.0,0.01,buy,False,2022-11-09T21:52:39.490880+00:00
420,5395064658,2583.0,0.02,sell,False,2022-11-09T21:48:40.842609+00:00
421,5395057728,2627.0,0.02,sell,False,2022-11-09T21:48:18.865958+00:00
422,5395046820,2672.0,0.02,sell,False,2022-11-09T21:47:37.531678+00:00
423,5395036696,2764.0,0.02,buy,False,2022-11-09T21:46:55.929309+00:00
424,5395025742,2717.0,0.02,buy,False,2022-11-09T21:46:11.935213+00:00
425,5394994479,2673.0,0.02,buy,False,2022-11-09T21:44:11.795213+00:00
426,5394968541,2628.0,0.02,buy,False,2022-11-09T21:42:59.588641+00:00
427,5394962464,2583.0,0.02,buy,False,2022-11-09T21:42:43.577904+00:00
428,5394961988,2540.0,0.01,buy,False,2022-11-09T21:42:41.704601+00:00
429,5394961944,2540.0,0.01,buy,False,2022-11-09T21:42:41.550346+00:00
430,5394950990,2499.0,0.02,buy,False,2022-11-09T21:42:13.247715+00:00
431,5394829926,2415.0,0.02,sell,False,2022-11-09T21:34:55.980278+00:00
432,5394686015,2499.0,0.02,buy,False,2022-11-09T21:28:14.199863+00:00
433,5394650932,2456.0,0.02,buy,False,2022-11-09T21:26:32.902393+00:00
434,5394642946,2415.0,0.01,buy,False,2022-11-09T21:26:07.531393+00:00
435,5394642843,2415.0,0.01,buy,False,2022-11-09T21:26:07.335234+00:00
436,5394642770,2376.0,0.02,buy,False,2022-11-09T21:26:07.114728+00:00
437,5394564425,2296.0,0.02,sell,False,2022-11-09T21:21:38.496894+00:00
438,5394541935,2335.0,0.02,sell,False,2022-11-09T21:20:18.574765+00:00
439,5394538219,2374.0,0.02,sell,False,2022-11-09T21:20:00.951404+00:00
440,5394522451,2415.0,0.02,sell,False,2022-11-09T21:19:04.010904+00:00
441,5394505545,2499.0,0.02,buy,False,2022-11-09T21:18:10.231444+00:00
442,5394505489,2456.0,0.02,buy,False,2022-11-09T21:18:10.126996+00:00
443,5394505426,2415.0,0.02,buy,False,2022-11-09T21:18:09.865077+00:00
444,5394505292,2376.0,0.02,buy,False,2022-11-09T21:18:09.457067+00:00
445,5394505142,2335.0,0.02,buy,False,2022-11-09T21:18:09.178001+00:00
446,5394505089,2295.0,0.02,buy,False,2022-11-09T21:18:08.946548+00:00
447,5394504989,2258.0,0.02,buy,False,2022-11-09T21:18:08.631169+00:00
448,5394465979,2220.0,0.02,buy,False,2022-11-09T21:16:03.311749+00:00
449,5394437487,2182.0,0.02,buy,False,2022-11-09T21:13:59.172034+00:00
450,5394437481,2147.0,0.02,buy,False,2022-11-09T21:13:59.124003+00:00
451,5394437437,2110.0,0.02,buy,False,2022-11-09T21:13:58.904646+00:00
452,5394437408,2076.0,0.02,buy,False,2022-11-09T21:13:58.688626+00:00
453,5394437344,2070.0,0.01,buy,False,2022-11-09T21:13:58.494313+00:00
454,5394437325,2040.0,0.02,buy,False,2022-11-09T21:13:58.311850+00:00
455,5394434285,2007.0,0.02,buy,False,2022-11-09T21:13:47.640176+00:00
456,5394434199,1973.0,0.02,buy,False,2022-11-09T21:13:47.446956+00:00
457,5394433980,1939.0,0.01,buy,False,2022-11-09T21:13:47.252705+00:00
458,5394433769,1939.0,0.01,buy,False,2022-11-09T21:13:46.729997+00:00
459,5394287045,1908.0,0.02,buy,False,2022-11-09T21:04:47.311174+00:00
460,5394236654,1875.0,0.02,buy,False,2022-11-09T21:01:53.983704+00:00
461,5394207452,1845.0,0.02,buy,False,2022-11-09T20:59:53.883605+00:00
462,5394207434,1813.0,0.02,buy,False,2022-11-09T20:59:53.822036+00:00
463,5394202453,1783.0,0.02,buy,False,2022-11-09T20:59:29.163277+00:00
464,5394201245,1753.0,0.02,buy,False,2022-11-09T20:59:23.516628+00:00
465,5394189604,1724.0,0.02,buy,False,2022-11-09T20:58:38.785675+00:00
466,5394167232,1695.0,0.02,buy,False,2022-11-09T20:57:20.117985+00:00
467,5394167162,1667.0,0.02,buy,False,2022-11-09T20:57:19.837683+00:00
468,5394167091,1639.0,0.02,buy,False,2022-11-09T20:57:19.603761+00:00
469,5394167061,1611.0,0.02,buy,False,2022-11-09T20:57:19.418915+00:00
470,5394165030,1585.0,0.02,buy,False,2022-11-09T20:57:12.741773+00:00
471,5394164933,1558.0,0.02,buy,False,2022-11-09T20:57:12.476241+00:00
472,5394148028,1532.0,0.01,buy,False,2022-11-09T20:55:52.844883+00:00
473,5394141630,1532.0,0.01,buy,False,2022-11-09T20:55:28.831714+00:00
474,5394128381,1481.0,0.02,sell,False,2022-11-09T20:54:37.080283+00:00
475,5394127418,1506.0,0.02,sell,False,2022-11-09T20:54:32.280371+00:00
476,5394127406,1532.0,0.02,sell,False,2022-11-09T20:54:32.224154+00:00
477,5394124894,1558.0,0.02,sell,False,2022-11-09T20:54:22.912706+00:00
478,5394124883,1584.0,0.02,sell,False,2022-11-09T20:54:22.844311+00:00
479,5394124849,1611.0,0.02,sell,False,2022-11-09T20:54:22.754347+00:00
480,5394121185,1638.0,0.02,sell,False,2022-11-09T20:54:07.995733+00:00
481,5394121167,1666.0,0.02,sell,False,2022-11-09T20:54:07.925554+00:00
482,5394114113,1695.0,0.02,sell,False,2022-11-09T20:53:37.650910+00:00
483,5394047944,1723.0,0.01,sell,False,2022-11-09T20:49:59.817991+00:00
484,5394047910,1723.0,0.01,sell,False,2022-11-09T20:49:59.638745+00:00
485,5394046873,1753.0,0.01,sell,False,2022-11-09T20:49:56.482836+00:00
486,5394046866,1753.0,0.01,sell,False,2022-11-09T20:49:56.437086+00:00
487,5394040830,1783.0,0.02,sell,False,2022-11-09T20:49:40.576230+00:00
488,5394025566,1813.0,0.02,sell,False,2022-11-09T20:48:36.325843+00:00
489,5394009060,1844.0,0.02,sell,False,2022-11-09T20:47:36.727350+00:00
490,5394009038,1875.0,0.02,sell,False,2022-11-09T20:47:36.669064+00:00
491,5393974724,1907.0,0.02,sell,False,2022-11-09T20:45:52.305179+00:00
492,5393974518,1939.0,0.02,sell,False,2022-11-09T20:45:51.854248+00:00
493,5393927511,2007.0,0.02,buy,False,2022-11-09T20:43:30.708953+00:00
494,5393593495,1973.0,0.01,buy,False,2022-11-09T20:14:48.217065+00:00
495,5393593435,1973.0,0.01,buy,False,2022-11-09T20:14:48.002037+00:00
496,5393574514,1907.0,0.02,sell,False,2022-11-09T20:12:31.663415+00:00
497,5393573259,1939.0,0.02,sell,False,2022-11-09T20:12:19.489975+00:00
498,5393568745,1972.0,0.02,sell,False,2022-11-09T20:11:48.247891+00:00
499,5393567702,2000.0,0.01,sell,False,2022-11-09T20:11:41.305275+00:00
500,5393564079,2006.0,0.02,sell,False,2022-11-09T20:11:15.598230+00:00
501,5393562429,2040.0,0.02,sell,False,2022-11-09T20:11:05.678836+00:00
502,5393540389,2110.0,0.02,buy,False,2022-11-09T20:08:55.216280+00:00
503,5393536018,2076.0,0.02,buy,False,2022-11-09T20:08:24.823613+00:00
504,5393535289,2070.0,0.01,buy,False,2022-11-09T20:08:19.660625+00:00
505,5393534525,2007.0,0.02,buy,False,2022-11-09T20:08:14.967926+00:00
506,5393533644,2040.0,0.01,buy,False,2022-11-09T20:08:10.709791+00:00
507,5393533475,2040.0,0.01,buy,False,2022-11-09T20:08:10.427183+00:00
508,5393510470,1939.0,0.02,sell,False,2022-11-09T20:06:12.334999+00:00
509,5393510442,1972.0,0.02,sell,False,2022-11-09T20:06:12.099370+00:00
510,5393510401,2000.0,0.01,sell,False,2022-11-09T20:06:11.879118+00:00
511,5393510372,2006.0,0.02,sell,False,2022-11-09T20:06:11.640254+00:00
512,5393509988,2040.0,0.02,sell,False,2022-11-09T20:06:09.613955+00:00
513,5393509937,2075.0,0.02,sell,False,2022-11-09T20:06:09.361969+00:00
514,5393509908,2110.0,0.02,sell,False,2022-11-09T20:06:09.151093+00:00
515,5393509443,2146.0,0.02,sell,False,2022-11-09T20:06:06.736484+00:00
516,5393509286,2182.0,0.02,sell,False,2022-11-09T20:06:05.991310+00:00
517,5393509153,2219.0,0.02,sell,False,2022-11-09T20:06:05.159336+00:00
518,5393509025,2257.0,0.02,sell,False,2022-11-09T20:06:04.081445+00:00
519,5393486644,2335.0,0.02,buy,False,2022-11-09T20:03:54.236143+00:00
520,5393462596,2295.0,0.02,buy,False,2022-11-09T20:01:51.670887+00:00
521,5393434788,2258.0,0.02,buy,False,2022-11-09T19:59:58.783648+00:00
522,5393434777,2220.0,0.02,buy,False,2022-11-09T19:59:58.722401+00:00
523,5393104350,2146.0,0.02,sell,False,2022-11-09T19:28:53.197021+00:00
524,5393084631,2182.0,0.02,sell,False,2022-11-09T19:27:10.316240+00:00
525,5392574225,2219.0,0.02,sell,False,2022-11-09T18:48:19.227427+00:00
526,5392301068,2232.0,0.05,buy,False,2022-11-09T18:32:28.324277+00:00
527,5392300592,2273.0,0.04,buy,False,2022-11-09T18:32:26.310918+00:00
528,5392220811,2263.0,0.95,buy,False,2022-11-09T18:27:51.911340+00:00
529,5392220805,2263.0,0.95,buy,False,2022-11-09T18:27:51.892466+00:00
530,5392197702,2260.0,0.18,buy,False,2022-11-09T18:26:05.001848+00:00
531,5392197619,2260.0,0.17,buy,False,2022-11-09T18:26:04.785730+00:00
532,5392177852,2278.0,13.08,buy,False,2022-11-09T18:24:45.184861+00:00
533,5392177837,2278.0,13.16,buy,False,2022-11-09T18:24:45.110036+00:00
534,5392177763,2278.0,0.22,buy,False,2022-11-09T18:24:44.755058+00:00
535,5392177758,2278.0,0.04,buy,False,2022-11-09T18:24:44.707664+00:00
536,5392177731,2278.0,0.04,buy,False,2022-11-09T18:24:44.621276+00:00
537,5392177689,2278.0,0.19,buy,False,2022-11-09T18:24:44.492207+00:00
538,5392177390,2295.0,0.02,buy,False,2022-11-09T18:24:43.243654+00:00
539,5392168881,2280.0,0.05,buy,False,2022-11-09T18:24:07.857919+00:00
540,5392144182,2264.0,7.28,buy,False,2022-11-09T18:22:33.465966+00:00
541,5392144132,2264.0,13.17,buy,False,2022-11-09T18:22:33.183045+00:00
542,5392144116,2264.0,13.17,buy,False,2022-11-09T18:22:33.087862+00:00
543,5392144072,2264.0,13.17,buy,False,2022-11-09T18:22:32.965801+00:00
544,5391918608,2258.0,0.02,buy,False,2022-11-09T18:09:17.932345+00:00
545,5391591829,2215.0,0.05,buy,False,2022-11-09T17:49:52.423003+00:00
546,5391591806,2215.0,0.04,buy,False,2022-11-09T17:49:52.323183+00:00
547,5391132690,2182.0,0.02,sell,False,2022-11-09T17:14:39.606058+00:00
548,5390856478,2225.0,0.8,buy,False,2022-11-09T16:49:25.972483+00:00
549,5390720872,2219.0,0.02,sell,False,2022-11-09T16:40:59.100990+00:00
550,5390525596,2295.0,0.02,buy,False,2022-11-09T16:28:42.879577+00:00
551,5390364929,2258.0,0.02,buy,False,2022-11-09T16:18:51.998980+00:00
552,5389705692,2220.0,0.01,buy,False,2022-11-09T15:43:58.587002+00:00
553,5389705563,2220.0,0.01,buy,False,2022-11-09T15:43:58.334587+00:00
554,5389520377,2182.0,0.02,buy,False,2022-11-09T15:36:54.405066+00:00
555,5388937457,2110.0,0.02,sell,False,2022-11-09T14:49:56.253967+00:00
556,5388737662,2182.0,0.02,buy,False,2022-11-09T14:38:12.249428+00:00
557,5388725114,2147.0,0.02,buy,False,2022-11-09T14:37:13.889800+00:00
558,5388587572,2110.0,0.02,buy,False,2022-11-09T14:27:35.127075+00:00
559,5388125772,2040.0,0.02,sell,False,2022-11-09T13:42:21.019614+00:00
560,5387552698,2075.0,0.02,sell,False,2022-11-09T13:03:11.717718+00:00
561,5387024214,2083.0,0.2,sell,False,2022-11-09T12:29:56.975798+00:00
562,5387024206,2110.0,0.01,sell,False,2022-11-09T12:29:56.915040+00:00
563,5387013198,2110.0,0.01,sell,False,2022-11-09T12:29:03.769743+00:00
564,5386995107,2146.0,0.01,sell,False,2022-11-09T12:27:53.326465+00:00
565,5386994975,2146.0,0.01,sell,False,2022-11-09T12:27:52.947774+00:00
566,5386931234,2234.0,0.06,buy,False,2022-11-09T12:23:19.220051+00:00
567,5386930888,2234.0,0.2,buy,False,2022-11-09T12:23:17.995185+00:00
568,5386930712,2234.0,0.19,buy,False,2022-11-09T12:23:17.495720+00:00
569,5386930254,2234.0,0.2,buy,False,2022-11-09T12:23:16.752188+00:00
570,5386930151,2234.0,0.2,buy,False,2022-11-09T12:23:16.505867+00:00
571,5386930002,2234.0,0.2,buy,False,2022-11-09T12:23:16.142938+00:00
572,5386929941,2234.0,0.05,buy,False,2022-11-09T12:23:15.929272+00:00
573,5386929940,2234.0,0.14,buy,False,2022-11-09T12:23:15.924791+00:00
574,5386929931,2234.0,0.2,buy,False,2022-11-09T12:23:15.872952+00:00
575,5386929850,2234.0,0.16,buy,False,2022-11-09T12:23:15.444911+00:00
576,5386929770,2233.0,0.05,buy,False,2022-11-09T12:23:15.334384+00:00
577,5386929592,2233.0,0.2,buy,False,2022-11-09T12:23:14.976255+00:00
578,5386929491,2233.0,0.02,buy,False,2022-11-09T12:23:14.911701+00:00
579,5386929434,2220.0,0.02,buy,False,2022-11-09T12:23:14.849932+00:00
580,5386929292,2182.0,0.02,buy,False,2022-11-09T12:23:14.599629+00:00
581,5386929102,2147.0,0.02,buy,False,2022-11-09T12:23:13.987363+00:00
582,5386660698,2075.0,0.02,sell,False,2022-11-09T12:06:20.039477+00:00
583,5386660453,2110.0,0.02,sell,False,2022-11-09T12:06:19.219203+00:00
584,5386594437,2146.0,0.02,sell,False,2022-11-09T12:02:34.587651+00:00
585,5386489870,2182.0,0.02,sell,False,2022-11-09T11:54:52.426587+00:00
586,5386100173,2219.0,0.02,sell,False,2022-11-09T11:22:09.986036+00:00
587,5384630947,2233.0,0.04,sell,False,2022-11-09T09:54:08.172952+00:00
588,5384630829,2233.0,0.28,sell,False,2022-11-09T09:54:07.720723+00:00
589,5384630657,2233.0,0.04,sell,False,2022-11-09T09:54:07.611437+00:00
590,5384630653,2233.0,0.67,sell,False,2022-11-09T09:54:07.601082+00:00
591,5384630554,2233.0,0.34,sell,False,2022-11-09T09:54:07.282579+00:00
592,5384625822,2257.0,0.02,sell,False,2022-11-09T09:53:50.864758+00:00
593,5383951193,2335.0,0.02,buy,False,2022-11-09T09:15:05.575819+00:00
594,5383800500,2295.0,0.02,buy,False,2022-11-09T09:07:20.653643+00:00
595,5383332230,2258.0,0.02,buy,False,2022-11-09T08:31:27.849331+00:00
596,5383330307,2220.0,0.02,buy,False,2022-11-09T08:31:17.885771+00:00
597,5383083490,2182.0,0.02,buy,False,2022-11-09T08:13:37.733582+00:00
598,5382901311,2147.0,0.02,buy,False,2022-11-09T08:02:15.988175+00:00
599,5381942914,2064.0,0.6,sell,False,2022-11-09T06:43:52.964751+00:00
600,5381844217,2146.0,0.02,sell,False,2022-11-09T06:34:55.529160+00:00
601,5381843136,2174.0,0.02,buy,False,2022-11-09T06:34:49.598115+00:00
602,5381066095,2075.0,0.02,sell,False,2022-11-09T05:33:54.723807+00:00
603,5379923014,2148.0,0.05,sell,False,2022-11-09T03:52:12.390574+00:00
604,5379483916,2258.0,0.02,buy,False,2022-11-09T03:12:48.866003+00:00
605,5379297480,2220.0,0.02,buy,False,2022-11-09T02:57:19.916122+00:00
606,5378868485,2134.0,1.44,sell,False,2022-11-09T02:16:28.738855+00:00
607,5378620438,2123.0,0.09,sell,False,2022-11-09T01:53:57.029568+00:00
608,5378602695,2097.0,3.25,sell,False,2022-11-09T01:52:05.766680+00:00
609,5378602621,2097.0,10.74,sell,False,2022-11-09T01:52:05.518718+00:00
610,5378127830,2151.0,2.07,sell,False,2022-11-09T01:04:17.905215+00:00
611,5378100820,2168.0,2.95,sell,False,2022-11-09T01:01:53.361770+00:00
612,5377908178,2085.0,0.01,sell,False,2022-11-09T00:44:52.257710+00:00
613,5377907975,2085.0,2.83,sell,False,2022-11-09T00:44:51.493239+00:00
614,5377889057,2089.0,0.1,sell,False,2022-11-09T00:42:59.149616+00:00
615,5377866035,2102.0,1.34,sell,False,2022-11-09T00:40:11.669219+00:00
616,5377858520,2099.0,1.34,sell,False,2022-11-09T00:39:16.947981+00:00
617,5377847608,2096.0,0.02,sell,False,2022-11-09T00:38:04.369234+00:00
618,5377833586,2103.0,1.34,sell,False,2022-11-09T00:36:41.545641+00:00
619,5377795856,2079.0,1.5,sell,False,2022-11-09T00:33:12.014215+00:00
620,5377673446,2100.0,1.34,sell,False,2022-11-09T00:21:19.065000+00:00
621,5377407736,2128.0,0.01,sell,False,2022-11-09T00:01:04.375199+00:00
622,5377368299,2133.0,1.62,sell,False,2022-11-08T23:58:02.157860+00:00
623,5377200803,2107.0,1.03,sell,False,2022-11-08T23:44:52.527984+00:00
624,5377196725,2102.0,0.1,sell,False,2022-11-08T23:44:36.403158+00:00
625,5377196689,2108.0,0.64,sell,False,2022-11-08T23:44:36.035787+00:00
626,5377196677,2108.0,0.03,sell,False,2022-11-08T23:44:35.977361+00:00
627,5377196672,2108.0,2.39,sell,False,2022-11-08T23:44:35.939011+00:00
628,5377108808,2110.0,0.02,sell,False,2022-11-08T23:39:07.264855+00:00
629,5376866978,2189.0,0.14,sell,False,2022-11-08T23:22:56.264081+00:00
630,5376866970,2189.0,0.25,sell,False,2022-11-08T23:22:56.251188+00:00
631,5376866964,2189.0,0.32,sell,False,2022-11-08T23:22:56.210867+00:00
632,5376866937,2189.0,0.08,sell,False,2022-11-08T23:22:56.169680+00:00
633,5376467675,2186.0,0.1,sell,False,2022-11-08T22:54:44.406780+00:00
634,5376438354,2202.0,0.13,sell,False,2022-11-08T22:52:43.346908+00:00
635,5376438315,2202.0,0.13,sell,False,2022-11-08T22:52:43.153446+00:00
636,5376438307,2202.0,0.13,sell,False,2022-11-08T22:52:43.050118+00:00
637,5376438271,2202.0,0.14,sell,False,2022-11-08T22:52:42.769622+00:00
638,5376438235,2202.0,0.07,sell,False,2022-11-08T22:52:42.429482+00:00
639,5376226316,2147.0,0.54,sell,False,2022-11-08T22:33:22.564530+00:00
640,5376226309,2147.0,0.13,sell,False,2022-11-08T22:33:22.519083+00:00
641,5376226299,2147.0,0.54,sell,False,2022-11-08T22:33:22.480639+00:00
642,5376226276,2147.0,0.07,sell,False,2022-11-08T22:33:22.333273+00:00
643,5375593340,2154.0,0.13,sell,False,2022-11-08T21:49:22.697388+00:00
644,5375593286,2162.0,1.88,sell,False,2022-11-08T21:49:22.567773+00:00
645,5375593278,2162.0,0.08,sell,False,2022-11-08T21:49:22.560357+00:00
646,5375593178,2162.0,0.07,sell,False,2022-11-08T21:49:22.355717+00:00
647,5375591407,2165.0,0.08,sell,False,2022-11-08T21:49:15.068747+00:00
648,5375531521,2141.0,0.1,sell,False,2022-11-08T21:45:45.956086+00:00
649,5375531493,2141.0,0.07,sell,False,2022-11-08T21:45:45.899734+00:00
650,5375531492,2141.0,0.05,sell,False,2022-11-08T21:45:45.899185+00:00
651,5374298994,2182.0,0.02,buy,False,2022-11-08T20:35:12.739784+00:00
652,5374240616,2208.0,0.02,buy,False,2022-11-08T20:32:10.440131+00:00
653,5374240086,2147.0,0.02,buy,False,2022-11-08T20:32:09.124594+00:00
654,5374238481,2110.0,0.02,buy,False,2022-11-08T20:32:02.988593+00:00
655,5374236907,2076.0,0.02,buy,False,2022-11-08T20:31:57.367334+00:00
656,5374235742,2209.0,0.01,buy,False,2022-11-08T20:31:53.213602+00:00
657,5374235329,2070.0,0.01,buy,False,2022-11-08T20:31:51.882382+00:00
658,5374224858,2000.0,0.01,sell,False,2022-11-08T20:31:27.525888+00:00
659,5374224857,2006.0,0.02,sell,False,2022-11-08T20:31:27.525888+00:00
660,5374224856,2040.0,0.01,sell,False,2022-11-08T20:31:27.525888+00:00
661,5374224855,2075.0,0.02,sell,False,2022-11-08T20:31:27.525888+00:00
662,5374224854,2110.0,0.02,sell,False,2022-11-08T20:31:27.525888+00:00
663,5374073888,2182.0,0.02,buy,False,2022-11-08T20:24:38.289620+00:00
664,5374052623,2147.0,0.02,buy,False,2022-11-08T20:23:58.564553+00:00
665,5374043754,2040.0,0.01,sell,False,2022-11-08T20:23:31.112397+00:00
666,5374043753,2075.0,0.02,sell,False,2022-11-08T20:23:31.112397+00:00
667,5374043752,2110.0,0.02,sell,False,2022-11-08T20:23:31.112397+00:00
668,5374043751,2146.0,0.02,sell,False,2022-11-08T20:23:31.112397+00:00
669,5373622812,2220.0,0.02,buy,False,2022-11-08T20:08:46.664521+00:00
670,5372956600,2146.0,0.02,sell,False,2022-11-08T19:46:24.311980+00:00
671,5372711017,2182.0,0.02,sell,False,2022-11-08T19:39:29.589279+00:00
672,5372666638,2219.0,0.02,sell,False,2022-11-08T19:38:21.358029+00:00
673,5372501867,2257.0,0.02,sell,False,2022-11-08T19:34:59.280101+00:00
674,5372472498,2296.0,0.02,sell,False,2022-11-08T19:34:38.021276+00:00
675,5372456872,2335.0,0.02,sell,False,2022-11-08T19:34:25.469674+00:00
676,5372353894,2415.0,0.02,buy,False,2022-11-08T19:32:58.376315+00:00
677,5372238780,2376.0,0.02,buy,False,2022-11-08T19:31:28.899879+00:00
678,5372186044,2335.0,0.02,buy,False,2022-11-08T19:30:51.916605+00:00
679,5371766243,2295.0,0.02,buy,False,2022-11-08T19:23:56.527573+00:00
680,5371708774,2258.0,0.01,buy,False,2022-11-08T19:22:59.178882+00:00
681,5371708478,2258.0,0.01,buy,False,2022-11-08T19:22:58.895900+00:00
682,5371687801,2220.0,0.02,buy,False,2022-11-08T19:22:36.909734+00:00
683,5371663935,2182.0,0.02,buy,False,2022-11-08T19:22:03.603669+00:00
684,5371632605,2147.0,0.02,buy,False,2022-11-08T19:21:13.405813+00:00
685,5371581387,2118.0,0.07,sell,False,2022-11-08T19:19:04.331409+00:00
686,5371316355,2110.0,0.02,buy,False,2022-11-08T19:10:40.213917+00:00
687,5371164539,2076.0,0.02,buy,False,2022-11-08T19:05:04.867765+00:00
688,5371156973,2070.0,0.01,buy,False,2022-11-08T19:04:46.613236+00:00
689,5371046164,2000.0,0.01,sell,False,2022-11-08T19:00:47.020044+00:00
690,5371041331,2006.0,0.02,sell,False,2022-11-08T19:00:40.107988+00:00
691,5370773413,2076.0,0.02,buy,False,2022-11-08T18:52:40.401703+00:00
692,5370746547,2070.0,0.01,buy,False,2022-11-08T18:51:50.215268+00:00
693,5370132518,2000.0,0.01,sell,False,2022-11-08T18:32:33.169009+00:00
694,5370128283,2006.0,0.02,sell,False,2022-11-08T18:32:25.909301+00:00
695,5369954676,2040.0,0.02,sell,False,2022-11-08T18:27:22.062874+00:00
696,5369656178,2110.0,0.02,buy,False,2022-11-08T18:21:12.074173+00:00
697,5368918042,2076.0,0.02,buy,False,2022-11-08T18:06:56.750848+00:00
698,5368914650,2070.0,0.01,buy,False,2022-11-08T18:06:54.489102+00:00
699,5368383591,1937.0,5.61,buy,False,2022-11-08T17:54:23.866965+00:00
700,5368383443,1937.0,12.76,buy,False,2022-11-08T17:54:23.740267+00:00
701,5368383157,1937.0,3.99,buy,False,2022-11-08T17:54:23.535607+00:00
702,5368339210,1914.0,0.07,buy,False,2022-11-08T17:53:46.366757+00:00
703,5368339056,1914.0,0.05,buy,False,2022-11-08T17:53:46.222992+00:00
704,5368338839,1909.0,2.52,buy,False,2022-11-08T17:53:45.974943+00:00
705,5368338069,1909.0,0.05,buy,False,2022-11-08T17:53:45.459851+00:00
706,5367704906,1850.0,0.08,buy,False,2022-11-08T17:28:26.763767+00:00
707,5367704066,1847.0,2.7,buy,False,2022-11-08T17:28:25.273997+00:00
708,5367657397,1855.0,0.13,buy,False,2022-11-08T17:27:24.380212+00:00
709,5367656932,1842.0,3.0,buy,False,2022-11-08T17:27:23.965220+00:00
710,5367656852,1842.0,0.07,buy,False,2022-11-08T17:27:23.763953+00:00
711,5367656707,1843.0,2.9,buy,False,2022-11-08T17:27:23.425233+00:00
712,5367656076,1844.0,0.08,buy,False,2022-11-08T17:27:22.519159+00:00
713,5367477219,1812.0,0.98,buy,False,2022-11-08T17:21:44.205500+00:00
714,5367392710,1793.0,0.08,buy,False,2022-11-08T17:19:36.382622+00:00
715,5367392676,1793.0,15.56,buy,False,2022-11-08T17:19:36.288678+00:00
716,5366377297,1753.0,0.08,buy,False,2022-11-08T16:38:42.320040+00:00
717,5366216628,1786.0,0.08,buy,False,2022-11-08T16:33:40.838081+00:00
718,5366216332,1786.0,1.97,buy,False,2022-11-08T16:33:40.309827+00:00
719,5363220399,1857.0,0.67,sell,False,2022-11-08T14:28:44.202969+00:00
720,5363220398,1859.0,6.51,sell,False,2022-11-08T14:28:44.202969+00:00
721,5363220397,1861.0,2.4,sell,False,2022-11-08T14:28:44.202969+00:00
722,5361238871,1886.0,0.22,sell,False,2022-11-08T11:03:53.376271+00:00
723,5361238757,1886.0,0.08,sell,False,2022-11-08T11:03:53.078296+00:00
724,5361238743,1886.0,1.32,sell,False,2022-11-08T11:03:53.051594+00:00
725,5361238414,1886.0,1.31,sell,False,2022-11-08T11:03:52.697307+00:00
726,5359219110,1861.0,0.02,sell,False,2022-11-08T07:44:16.414843+00:00
727,5359053680,1896.0,0.07,sell,False,2022-11-08T07:32:26.235542+00:00
728,5359053677,1896.0,1.31,sell,False,2022-11-08T07:32:26.231221+00:00
729,5358523385,1890.0,0.06,sell,False,2022-11-08T06:46:39.720335+00:00
730,5358523384,1894.0,0.01,sell,False,2022-11-08T06:46:39.720335+00:00
731,5358523368,1894.0,2.0,sell,False,2022-11-08T06:46:39.711052+00:00
732,5357597626,1922.0,0.57,sell,False,2022-11-08T05:47:01.456744+00:00
733,5357457381,1924.0,2.52,sell,False,2022-11-08T05:39:40.708800+00:00
734,5357457373,1924.0,0.09,sell,False,2022-11-08T05:39:40.679622+00:00
735,5356124939,1940.0,0.66,sell,False,2022-11-08T04:41:11.650237+00:00
736,5356124933,1940.0,1.54,sell,False,2022-11-08T04:41:11.594695+00:00
737,5356124930,1940.0,0.07,sell,False,2022-11-08T04:41:11.578219+00:00
738,5355791460,1936.0,0.01,sell,False,2022-11-08T04:24:24.142720+00:00
739,5355791423,1936.0,6.45,sell,False,2022-11-08T04:24:24.088133+00:00
740,5355791206,1940.0,1.46,sell,False,2022-11-08T04:24:23.886885+00:00
741,5355700844,1966.0,0.11,sell,False,2022-11-08T04:20:35.030143+00:00
742,5355700727,1967.0,0.05,sell,False,2022-11-08T04:20:34.774223+00:00
743,5355700681,1967.0,0.11,sell,False,2022-11-08T04:20:34.694451+00:00
744,5355700594,1967.0,0.07,sell,False,2022-11-08T04:20:34.513910+00:00
745,5355700372,1967.0,0.06,sell,False,2022-11-08T04:20:34.182784+00:00
746,5355407127,1938.0,0.07,sell,False,2022-11-08T04:12:56.782181+00:00
747,5355394258,1938.0,0.07,sell,False,2022-11-08T04:12:38.393459+00:00
748,5355389324,1938.0,0.07,sell,False,2022-11-08T04:12:32.349004+00:00
749,5355385981,2024.0,9.07,sell,False,2022-11-08T04:12:28.470785+00:00
750,5355385931,2024.0,0.07,sell,False,2022-11-08T04:12:28.444734+00:00
751,5355384031,2024.0,0.07,sell,False,2022-11-08T04:12:26.148410+00:00
752,5355381004,2024.0,0.07,sell,False,2022-11-08T04:12:22.179543+00:00
753,5355380396,2027.0,2.12,sell,False,2022-11-08T04:12:21.485496+00:00
754,5355380395,2027.0,0.07,sell,False,2022-11-08T04:12:21.482812+00:00
755,5355378719,2027.0,0.07,sell,False,2022-11-08T04:12:19.838150+00:00
756,5355378213,2027.0,0.03,sell,False,2022-11-08T04:12:19.457665+00:00
757,5355377806,2027.0,0.07,sell,False,2022-11-08T04:12:19.032205+00:00
758,5355377800,2027.0,0.93,sell,False,2022-11-08T04:12:19.020995+00:00
759,5355377514,2027.0,0.12,sell,False,2022-11-08T04:12:18.816982+00:00
760,5355377335,2033.0,1.7,sell,False,2022-11-08T04:12:18.655792+00:00
761,5355377249,2033.0,0.12,sell,False,2022-11-08T04:12:18.527418+00:00
762,5355377166,2033.0,0.88,sell,False,2022-11-08T04:12:18.421688+00:00
763,5355376996,2033.0,0.07,sell,False,2022-11-08T04:12:18.277909+00:00
764,5355376643,2033.0,0.12,sell,False,2022-11-08T04:12:17.930906+00:00
765,5355376621,2033.0,0.68,sell,False,2022-11-08T04:12:17.892792+00:00
766,5355376452,2033.0,0.68,sell,False,2022-11-08T04:12:17.764438+00:00
767,5355376313,2033.0,0.12,sell,False,2022-11-08T04:12:17.590175+00:00
768,5355376174,2033.0,0.07,sell,False,2022-11-08T04:12:17.373371+00:00
769,5355376026,2033.0,0.02,sell,False,2022-11-08T04:12:17.234755+00:00
770,5355375970,2033.0,0.06,sell,False,2022-11-08T04:12:17.158012+00:00
771,5355372915,2027.0,0.07,sell,False,2022-11-08T04:12:13.919103+00:00
772,5355372720,2027.0,0.07,sell,False,2022-11-08T04:12:13.681762+00:00
773,5355336684,2040.0,0.02,buy,False,2022-11-08T04:11:48.328181+00:00
774,5355316634,2007.0,0.02,buy,False,2022-11-08T04:11:39.882361+00:00
775,5355302412,1973.0,0.02,buy,False,2022-11-08T04:11:34.437696+00:00
776,5355255768,1939.0,0.02,buy,False,2022-11-08T04:10:56.165397+00:00
777,5355136389,1911.0,1.0,sell,False,2022-11-08T04:07:31.039353+00:00
778,5355136380,1911.0,0.06,sell,False,2022-11-08T04:07:31.025656+00:00
779,5354795094,1908.0,0.02,buy,False,2022-11-08T03:56:54.174710+00:00
780,5354502092,1875.0,0.02,buy,False,2022-11-08T03:43:52.694048+00:00
781,5354486181,1869.0,1.87,sell,False,2022-11-08T03:43:09.205361+00:00
782,5354230272,1854.0,2.77,buy,False,2022-11-08T03:28:29.737658+00:00
783,5353901219,1854.0,0.02,buy,False,2022-11-08T03:18:53.439811+00:00
784,5353886396,1845.0,0.02,buy,False,2022-11-08T03:18:43.924195+00:00
785,5353886395,1845.0,0.02,buy,False,2022-11-08T03:18:43.924195+00:00
786,5350942024,1828.0,0.02,buy,False,2022-11-07T22:28:16.989926+00:00
787,5350939360,1815.0,0.01,buy,False,2022-11-07T22:28:11.414640+00:00
788,5350892202,1813.0,0.02,buy,False,2022-11-07T22:26:39.464919+00:00
789,5350892201,1813.0,0.01,buy,False,2022-11-07T22:26:39.464919+00:00
790,5350829171,1798.0,0.02,buy,False,2022-11-07T22:24:20.567395+00:00
791,5350829033,1783.0,0.02,buy,False,2022-11-07T22:24:20.256113+00:00
792,5350827170,1774.0,0.3,buy,False,2022-11-07T22:24:17.221212+00:00
793,5350826824,1774.0,0.02,buy,False,2022-11-07T22:24:16.884180+00:00
794,5350729011,1753.0,0.02,buy,False,2022-11-07T22:20:17.378719+00:00
795,5349488208,1695.0,0.02,sell,False,2022-11-07T20:00:15.436135+00:00
796,5349155465,1736.0,0.07,buy,False,2022-11-07T19:21:21.151134+00:00
797,5349155463,1736.0,22.5,buy,False,2022-11-07T19:21:21.134057+00:00
798,5348345713,1753.0,0.02,buy,False,2022-11-07T17:16:59.635102+00:00
799,5348063492,1711.0,0.1,buy,False,2022-11-07T16:43:56.432037+00:00
800,5347484231,1744.0,0.07,buy,False,2022-11-07T15:51:44.166774+00:00
801,5347484225,1667.0,3.0,buy,False,2022-11-07T15:51:44.157640+00:00
802,5347312888,1724.0,0.01,buy,False,2022-11-07T15:36:45.671373+00:00
803,5347312887,1724.0,0.01,buy,False,2022-11-07T15:36:45.669033+00:00
804,5347312412,1695.0,0.02,buy,False,2022-11-07T15:36:41.095952+00:00
805,5346843064,1638.0,0.02,sell,False,2022-11-07T14:50:39.110739+00:00
806,5346843063,1666.0,0.02,sell,False,2022-11-07T14:50:39.110739+00:00
807,5346843062,1695.0,0.02,sell,False,2022-11-07T14:50:39.110739+00:00
808,5346843061,1723.0,0.02,sell,False,2022-11-07T14:50:39.110739+00:00
809,5346810628,1753.0,0.02,sell,False,2022-11-07T14:47:07.775380+00:00
810,5343528101,1836.0,0.1,buy,False,2022-11-07T08:00:47.583649+00:00
811,5343347982,1813.0,0.01,buy,False,2022-11-07T07:50:59.728606+00:00
812,5343347876,1813.0,0.01,buy,False,2022-11-07T07:50:59.495928+00:00
813,5342911416,1783.0,0.02,buy,False,2022-11-07T07:08:35.021298+00:00
814,5342157222,1723.0,0.02,sell,False,2022-11-07T05:35:39.456187+00:00
815,5340827127,1753.0,0.02,sell,False,2022-11-07T02:11:08.573082+00:00
816,5340534726,1783.0,0.02,sell,False,2022-11-07T01:37:14.722366+00:00
817,5340172397,1813.0,0.02,sell,False,2022-11-07T00:55:03.296772+00:00
818,5340128245,1836.0,0.02,buy,False,2022-11-07T00:51:15.087305+00:00
819,5339975451,1828.0,0.07,buy,False,2022-11-07T00:32:53.075123+00:00
820,5339969913,1908.0,0.02,buy,False,2022-11-07T00:32:15.081429+00:00
821,5339969855,1875.0,0.02,buy,False,2022-11-07T00:32:14.615199+00:00
822,5339874539,1712.0,0.24,sell,False,2022-11-07T00:19:40.895812+00:00
823,5339874533,1712.0,0.04,sell,False,2022-11-07T00:19:40.864643+00:00
824,5339867612,1750.0,0.24,sell,False,2022-11-07T00:19:00.693313+00:00
825,5339867493,1750.0,0.08,sell,False,2022-11-07T00:19:00.085527+00:00
826,5339574959,1847.0,1.98,buy,False,2022-11-06T23:55:36.778744+00:00
827,5339574958,1846.0,0.08,buy,False,2022-11-06T23:55:36.778744+00:00
828,5339574957,1845.0,0.02,buy,False,2022-11-06T23:55:36.778744+00:00
829,5339574956,1813.0,0.01,buy,False,2022-11-06T23:55:36.778744+00:00
830,5339066425,1813.0,0.01,buy,False,2022-11-06T23:13:58.112043+00:00
831,5339065260,1783.0,0.01,buy,False,2022-11-06T23:13:56.899687+00:00
832,5339062899,1783.0,0.01,buy,False,2022-11-06T23:13:54.886094+00:00
833,5339016590,1753.0,0.02,buy,False,2022-11-06T23:12:53.186780+00:00
834,5337629617,1724.0,0.01,buy,False,2022-11-06T19:40:06.474638+00:00
835,5337629492,1724.0,0.01,buy,False,2022-11-06T19:40:06.362754+00:00
836,5335342687,1651.0,0.08,sell,False,2022-11-06T15:11:29.382349+00:00
837,5334968945,1666.0,0.02,sell,False,2022-11-06T14:21:47.445243+00:00
838,5329609010,1749.0,0.27,buy,False,2022-11-05T23:07:33.826378+00:00
839,5329609009,1746.0,9.19,buy,False,2022-11-05T23:07:33.826378+00:00
840,5329607935,1741.0,0.07,buy,False,2022-11-05T23:07:33.109159+00:00
841,5329607574,1737.0,0.07,buy,False,2022-11-05T23:07:32.828290+00:00
842,5329607369,1737.0,0.07,buy,False,2022-11-05T23:07:32.681026+00:00
843,5329606897,1736.0,0.07,buy,False,2022-11-05T23:07:32.534820+00:00
844,5329606246,1736.0,6.17,buy,False,2022-11-05T23:07:32.221155+00:00
845,5329606061,1736.0,0.07,buy,False,2022-11-05T23:07:32.121981+00:00
846,5329605593,1736.0,0.07,buy,False,2022-11-05T23:07:31.885346+00:00
847,5329605282,1736.0,0.07,buy,False,2022-11-05T23:07:31.708925+00:00
848,5329604433,1730.0,0.07,buy,False,2022-11-05T23:07:31.470252+00:00
849,5329603942,1728.0,0.03,buy,False,2022-11-05T23:07:31.229278+00:00
850,5329603725,1728.0,0.07,buy,False,2022-11-05T23:07:31.129690+00:00
851,5329602868,1724.0,0.02,buy,False,2022-11-05T23:07:30.657744+00:00
852,5329601235,1720.0,0.07,buy,False,2022-11-05T23:07:29.801630+00:00
853,5329594385,1695.0,0.02,buy,False,2022-11-05T23:07:24.911835+00:00
854,5326010351,1667.0,0.02,buy,False,2022-11-05T14:20:54.371451+00:00
855,5323975514,1639.0,0.01,buy,False,2022-11-05T08:46:36.924190+00:00
856,5323975410,1639.0,0.01,buy,False,2022-11-05T08:46:36.681932+00:00
857,5323124216,1611.0,0.02,buy,False,2022-11-05T06:31:11.885353+00:00
858,5322687851,1558.0,0.02,sell,False,2022-11-05T05:13:01.656360+00:00
859,5322537690,1584.0,0.02,sell,False,2022-11-05T04:56:05.894678+00:00
860,5322498846,1615.0,2.2,buy,False,2022-11-05T04:52:00.124032+00:00
861,5322498839,1615.0,0.48,buy,False,2022-11-05T04:52:00.076857+00:00
862,5322498773,1615.0,2.23,buy,False,2022-11-05T04:51:59.601604+00:00
863,5322496305,1611.0,0.02,sell,False,2022-11-05T04:51:48.970278+00:00
864,5322487066,1638.0,0.02,sell,False,2022-11-05T04:50:54.228030+00:00
865,5322009753,1713.0,3.45,buy,False,2022-11-05T03:29:19.145004+00:00
866,5322009431,1713.0,2.05,buy,False,2022-11-05T03:29:18.665903+00:00
867,5317298835,1666.0,0.02,sell,False,2022-11-04T16:58:39.339518+00:00
868,5317171582,1695.0,0.02,sell,False,2022-11-04T16:41:25.660901+00:00
869,5316711199,1733.0,16.07,buy,False,2022-11-04T16:03:55.984718+00:00
870,5316711153,1733.0,0.09,buy,False,2022-11-04T16:03:55.904945+00:00
871,5316711010,1733.0,16.03,buy,False,2022-11-04T16:03:55.812947+00:00
872,5316710995,1733.0,7.29,buy,False,2022-11-04T16:03:55.774987+00:00
873,5316710802,1733.0,0.09,buy,False,2022-11-04T16:03:55.608854+00:00
874,5316710723,1733.0,2.36,buy,False,2022-11-04T16:03:55.493938+00:00
875,5316710635,1733.0,0.07,buy,False,2022-11-04T16:03:55.376214+00:00
876,5316710189,1733.0,0.03,buy,False,2022-11-04T16:03:55.120433+00:00
877,5316710183,1733.0,0.09,buy,False,2022-11-04T16:03:55.102499+00:00
878,5316710079,1733.0,0.99,buy,False,2022-11-04T16:03:54.928501+00:00
879,5316709970,1733.0,0.07,buy,False,2022-11-04T16:03:54.806245+00:00
880,5316709830,1733.0,0.61,buy,False,2022-11-04T16:03:54.650952+00:00
881,5316340798,1725.0,0.02,buy,False,2022-11-04T15:40:02.807881+00:00
882,5316339692,1725.0,0.02,buy,False,2022-11-04T15:39:58.695156+00:00
883,5316315801,1723.0,0.02,sell,False,2022-11-04T15:38:19.748075+00:00
884,5313478702,1862.0,0.36,buy,False,2022-11-04T12:26:09.671527+00:00
885,5313477583,1860.0,0.1,buy,False,2022-11-04T12:26:08.629922+00:00
886,5312680349,1846.0,0.09,sell,False,2022-11-04T10:56:20.730460+00:00
887,5312680270,1850.0,0.86,sell,False,2022-11-04T10:56:20.318770+00:00
888,5312680214,1850.0,0.09,sell,False,2022-11-04T10:56:20.167944+00:00
889,5312680208,1850.0,1.12,sell,False,2022-11-04T10:56:20.156832+00:00
890,5312521357,1854.0,0.81,buy,False,2022-11-04T10:32:39.830894+00:00
891,5312521338,1854.0,0.09,buy,False,2022-11-04T10:32:39.703081+00:00
892,5312374761,1845.0,0.09,buy,False,2022-11-04T10:13:28.574579+00:00
893,5312374757,1845.0,1.13,buy,False,2022-11-04T10:13:28.568746+00:00
894,5312374702,1845.0,0.05,buy,False,2022-11-04T10:13:28.449769+00:00
895,5312374505,1842.0,0.02,buy,False,2022-11-04T10:13:28.137525+00:00
896,5312223694,1845.0,0.02,buy,False,2022-11-04T09:53:16.864211+00:00
897,5311842591,1813.0,0.02,buy,False,2022-11-04T09:03:15.301813+00:00
898,5310940324,1761.0,0.05,sell,False,2022-11-04T07:11:42.946523+00:00
899,5310395900,1753.0,0.02,sell,False,2022-11-04T06:10:57.664693+00:00
900,5310196699,1783.0,0.02,sell,False,2022-11-04T05:51:40.651850+00:00
901,5309064439,1821.0,1.7,sell,False,2022-11-04T03:25:49.693460+00:00
902,5308228004,1845.0,0.01,buy,False,2022-11-04T01:28:32.065585+00:00
903,5308227962,1845.0,0.01,buy,False,2022-11-04T01:28:31.884264+00:00
904,5308012336,1813.0,0.02,buy,False,2022-11-04T01:03:28.046951+00:00
905,5307485578,1783.0,0.01,buy,False,2022-11-04T00:09:14.034454+00:00
906,5307485320,1783.0,0.01,buy,False,2022-11-04T00:09:13.678673+00:00
907,5307034162,1753.0,0.02,buy,False,2022-11-03T23:09:36.449726+00:00
908,5306995551,1739.0,0.05,buy,False,2022-11-03T23:06:07.650879+00:00
909,5306995550,1739.0,0.05,buy,False,2022-11-03T23:06:07.640996+00:00
910,5306995520,1739.0,0.01,buy,False,2022-11-03T23:06:07.502953+00:00
911,5306977161,1706.0,0.1,buy,False,2022-11-03T23:04:04.478624+00:00
912,5306977143,1706.0,0.01,buy,False,2022-11-03T23:04:04.359282+00:00
913,5306976977,1706.0,0.65,buy,False,2022-11-03T23:04:03.454321+00:00
914,5306893161,1724.0,0.02,buy,False,2022-11-03T22:54:35.474539+00:00
915,5306891438,1716.0,0.01,buy,False,2022-11-03T22:54:31.936655+00:00
916,5306891214,1716.0,0.31,buy,False,2022-11-03T22:54:31.683746+00:00
917,5306463922,1678.0,0.04,buy,False,2022-11-03T22:01:39.438332+00:00
918,5305296579,1699.0,0.01,sell,False,2022-11-03T18:15:33.021356+00:00
919,5305296569,1699.0,0.31,sell,False,2022-11-03T18:15:32.952310+00:00
920,5305266339,1695.0,0.02,buy,False,2022-11-03T18:12:04.773878+00:00
921,5305135677,1683.0,14.69,buy,False,2022-11-03T17:56:26.595416+00:00
922,5305135309,1683.0,14.91,buy,False,2022-11-03T17:56:24.069449+00:00
923,5305029912,1671.0,23.83,buy,False,2022-11-03T17:40:02.939372+00:00
924,5305029810,1671.0,23.01,buy,False,2022-11-03T17:40:02.755963+00:00
925,5303152133,1667.0,0.02,buy,False,2022-11-03T13:35:46.013551+00:00
926,5301331226,1611.0,0.02,sell,False,2022-11-03T09:56:59.667947+00:00
927,5300687937,1667.0,0.02,buy,False,2022-11-03T08:03:10.733306+00:00
928,5299184570,1611.0,0.02,sell,False,2022-11-03T03:48:19.318267+00:00
929,5298585682,1649.0,1.5,buy,False,2022-11-03T02:16:22.707837+00:00
930,5298585670,1649.0,0.56,buy,False,2022-11-03T02:16:22.650877+00:00
931,5298585648,1649.0,0.6,buy,False,2022-11-03T02:16:22.588439+00:00
932,5298585288,1649.0,2.58,buy,False,2022-11-03T02:16:22.197554+00:00
933,5298584967,1649.0,0.05,buy,False,2022-11-03T02:16:21.821392+00:00
934,5297934700,1638.0,0.02,sell,False,2022-11-03T00:34:28.235973+00:00
935,5297852542,1666.0,0.02,sell,False,2022-11-03T00:23:45.655702+00:00
936,5297042768,1695.0,0.02,sell,False,2022-11-02T21:54:25.414574+00:00
937,5296586520,1731.0,0.02,sell,False,2022-11-02T20:37:21.753727+00:00
938,5296389254,1753.0,0.02,buy,False,2022-11-02T20:22:43.879975+00:00
939,5296377364,1739.0,0.31,buy,False,2022-11-02T20:22:23.278062+00:00
940,5296373700,1724.0,0.02,buy,False,2022-11-02T20:22:18.424823+00:00
941,5296364050,1695.0,0.02,buy,False,2022-11-02T20:21:43.852772+00:00
942,5296092146,1638.0,0.02,sell,False,2022-11-02T20:01:34.006968+00:00
943,5295206489,1666.0,0.02,sell,False,2022-11-02T19:04:32.595456+00:00
944,5295191684,1675.0,0.02,buy,False,2022-11-02T19:03:53.479924+00:00
945,5295190371,1677.0,0.02,buy,False,2022-11-02T19:03:49.479105+00:00
946,5294247812,1651.0,0.31,sell,False,2022-11-02T18:30:12.226325+00:00
947,5292579228,1735.0,17.29,buy,False,2022-11-02T16:00:44.972425+00:00
948,5291418764,1770.0,0.01,sell,False,2022-11-02T12:16:09.721950+00:00
949,5291418531,1770.0,5.05,sell,False,2022-11-02T12:16:09.306688+00:00
950,5291414912,1785.0,0.57,buy,False,2022-11-02T12:15:59.153761+00:00
951,5291414380,1783.0,0.02,buy,False,2022-11-02T12:15:58.271901+00:00
952,5291412884,1774.0,1.07,buy,False,2022-11-02T12:15:55.900747+00:00
953,5290597627,1753.0,0.02,buy,False,2022-11-02T10:01:05.442827+00:00
954,5290427521,1710.0,0.03,sell,False,2022-11-02T09:41:49.764292+00:00
955,5290314180,1722.0,0.1,sell,False,2022-11-02T09:31:53.128441+00:00
956,5290306510,1737.0,4.84,buy,False,2022-11-02T09:31:38.140323+00:00
957,5290304700,1724.0,0.01,buy,False,2022-11-02T09:31:36.286811+00:00
958,5290304439,1724.0,0.01,buy,False,2022-11-02T09:31:36.079292+00:00
959,5290301222,1695.0,0.02,buy,False,2022-11-02T09:31:33.402428+00:00
960,5290296271,1685.0,7.24,buy,False,2022-11-02T09:31:28.206325+00:00
961,5290296094,1685.0,6.26,buy,False,2022-11-02T09:31:28.042413+00:00
962,5290295918,1685.0,0.06,buy,False,2022-11-02T09:31:27.906258+00:00
963,5290295860,1685.0,0.56,buy,False,2022-11-02T09:31:27.850873+00:00
964,5290295596,1683.0,4.98,buy,False,2022-11-02T09:31:27.511332+00:00
965,5290295595,1683.0,9.58,buy,False,2022-11-02T09:31:27.511332+00:00
966,5290295587,1683.0,1.09,buy,False,2022-11-02T09:31:27.481308+00:00
967,5290295565,1683.0,1.09,buy,False,2022-11-02T09:31:27.396429+00:00
968,5290293852,1675.0,0.05,buy,False,2022-11-02T09:31:25.477551+00:00
969,5290293788,1675.0,0.36,buy,False,2022-11-02T09:31:25.372632+00:00
970,5290293610,1675.0,0.1,buy,False,2022-11-02T09:31:25.259721+00:00
971,5289075452,1665.0,0.75,buy,False,2022-11-02T06:22:57.518226+00:00
972,5289074905,1663.0,1.88,buy,False,2022-11-02T06:22:56.729252+00:00
973,5288823300,1620.0,0.02,sell,False,2022-11-02T05:41:56.676197+00:00
974,5288192790,1558.0,0.02,sell,False,2022-11-02T04:06:31.828964+00:00
975,5287395845,1667.0,0.02,buy,False,2022-11-02T02:03:59.654537+00:00
976,5287363524,1639.0,0.02,buy,False,2022-11-02T02:00:30.928925+00:00
977,5286495174,1584.0,0.02,sell,False,2022-11-01T23:39:18.338668+00:00
978,5286388753,1611.0,0.02,sell,False,2022-11-01T23:22:28.777436+00:00
979,5285322082,1652.0,12.08,buy,False,2022-11-01T19:21:05.785180+00:00
980,5285321914,1652.0,6.27,buy,False,2022-11-01T19:21:05.378163+00:00
981,5285321881,1652.0,8.21,buy,False,2022-11-01T19:21:05.304876+00:00
982,5285321544,1650.0,11.72,buy,False,2022-11-01T19:21:04.835697+00:00
983,5285321297,1646.0,6.26,buy,False,2022-11-01T19:21:04.540206+00:00
984,5284907987,1638.0,0.02,sell,False,2022-11-01T17:52:19.697200+00:00
985,5284627969,1708.0,13.28,buy,False,2022-11-01T16:52:29.874585+00:00
986,5284627966,1708.0,0.08,buy,False,2022-11-01T16:52:29.858397+00:00
987,5284627742,1708.0,0.08,buy,False,2022-11-01T16:52:29.477111+00:00
988,5284627486,1708.0,0.09,buy,False,2022-11-01T16:52:29.312467+00:00
989,5284627260,1708.0,0.08,buy,False,2022-11-01T16:52:29.092164+00:00
990,5284475731,1695.0,0.02,buy,False,2022-11-01T16:29:41.110354+00:00
991,5284203348,1651.0,0.08,buy,False,2022-11-01T15:40:39.360724+00:00
992,5284203302,1637.0,13.63,buy,False,2022-11-01T15:40:39.062438+00:00
993,5284203275,1637.0,0.08,buy,False,2022-11-01T15:40:38.963448+00:00
994,5284203268,1637.0,0.02,buy,False,2022-11-01T15:40:38.947305+00:00
995,5284203244,1637.0,0.83,buy,False,2022-11-01T15:40:38.878936+00:00
996,5284203164,1637.0,1.13,buy,False,2022-11-01T15:40:38.845010+00:00
997,5284203088,1637.0,0.38,buy,False,2022-11-01T15:40:38.701124+00:00
998,5284203064,1637.0,0.08,buy,False,2022-11-01T15:40:38.675801+00:00
999,5284203047,1637.0,0.83,buy,False,2022-11-01T15:40:38.653977+00:00
1000,5284203007,1637.0,1.05,buy,False,2022-11-01T15:40:38.587677+00:00
1001,5284202993,1637.0,5.78,buy,False,2022-11-01T15:40:38.548463+00:00
1002,5284202806,1637.0,2.17,buy,False,2022-11-01T15:40:38.362705+00:00
1003,5284198680,1637.0,0.08,buy,False,2022-11-01T15:39:49.644002+00:00
1004,5284198133,1637.0,0.08,buy,False,2022-11-01T15:39:43.935496+00:00
1005,5284197116,1636.0,0.17,buy,False,2022-11-01T15:39:34.335953+00:00
1006,5284197114,1636.0,0.17,buy,False,2022-11-01T15:39:34.269425+00:00
1007,5284197111,1636.0,0.17,buy,False,2022-11-01T15:39:34.231308+00:00
1008,5284197081,1636.0,0.17,buy,False,2022-11-01T15:39:34.063821+00:00
1009,5284197073,1636.0,0.17,buy,False,2022-11-01T15:39:33.877328+00:00
1010,5284197055,1636.0,0.17,buy,False,2022-11-01T15:39:33.825364+00:00
1011,5284197050,1636.0,0.17,buy,False,2022-11-01T15:39:33.761134+00:00
1012,5284197034,1636.0,0.17,buy,False,2022-11-01T15:39:33.613329+00:00
1013,5284197005,1636.0,0.17,buy,False,2022-11-01T15:39:33.405010+00:00
1014,5284196985,1636.0,0.17,buy,False,2022-11-01T15:39:33.111269+00:00
1015,5284196978,1636.0,0.19,buy,False,2022-11-01T15:39:33.054295+00:00
1016,5284196956,1636.0,1.56,buy,False,2022-11-01T15:39:32.763798+00:00
1017,5284196923,1636.0,0.04,buy,False,2022-11-01T15:39:32.582752+00:00
1018,5284196893,1636.0,0.02,buy,False,2022-11-01T15:39:32.475472+00:00
1019,5284196862,1636.0,0.17,buy,False,2022-11-01T15:39:32.391568+00:00
1020,5284196782,1636.0,0.17,buy,False,2022-11-01T15:39:31.852722+00:00
1021,5284196736,1636.0,0.17,buy,False,2022-11-01T15:39:31.424021+00:00
1022,5284196727,1636.0,0.17,buy,False,2022-11-01T15:39:31.327300+00:00
1023,5284196650,1636.0,0.17,buy,False,2022-11-01T15:39:30.383246+00:00
1024,5284196601,1636.0,0.17,buy,False,2022-11-01T15:39:29.942556+00:00
1025,5284196507,1636.0,0.17,buy,False,2022-11-01T15:39:29.728940+00:00
1026,5284196462,1636.0,0.17,buy,False,2022-11-01T15:39:29.304547+00:00
1027,5284196382,1636.0,0.17,buy,False,2022-11-01T15:39:28.608587+00:00
1028,5284196374,1636.0,0.98,buy,False,2022-11-01T15:39:28.460207+00:00
1029,5284196350,1636.0,0.08,buy,False,2022-11-01T15:39:28.287819+00:00
1030,5284196298,1636.0,0.12,buy,False,2022-11-01T15:39:28.179291+00:00
1031,5284195923,1636.0,0.08,buy,False,2022-11-01T15:39:26.778315+00:00
1032,5284195919,1636.0,2.38,buy,False,2022-11-01T15:39:26.741242+00:00
1033,5284195497,1633.0,0.97,buy,False,2022-11-01T15:39:22.761666+00:00
1034,5284195472,1633.0,0.08,buy,False,2022-11-01T15:39:22.516735+00:00
1035,5284195465,1633.0,1.01,buy,False,2022-11-01T15:39:22.466714+00:00
1036,5284195440,1633.0,0.08,buy,False,2022-11-01T15:39:22.227023+00:00
1037,5284195037,1633.0,0.04,buy,False,2022-11-01T15:39:20.065576+00:00
1038,5284092950,1638.0,0.02,sell,False,2022-11-01T15:19:27.567478+00:00
1039,5283793308,1666.0,0.02,sell,False,2022-11-01T14:29:25.949333+00:00
1040,5283520224,1695.0,0.02,sell,False,2022-11-01T14:00:23.823345+00:00
1041,5283361176,1753.0,0.06,buy,False,2022-11-01T13:46:55.148352+00:00
1042,5283361175,1753.0,0.02,buy,False,2022-11-01T13:46:55.148352+00:00
1043,5283350517,1735.0,19.85,buy,False,2022-11-01T13:46:31.659490+00:00
1044,5283350106,1735.0,0.08,buy,False,2022-11-01T13:46:31.476974+00:00
1045,5283350086,1735.0,10.01,buy,False,2022-11-01T13:46:31.466875+00:00
1046,5283349263,1730.0,11.21,buy,False,2022-11-01T13:46:31.077392+00:00
1047,5283349195,1730.0,0.08,buy,False,2022-11-01T13:46:30.981363+00:00
1048,5283349175,1730.0,0.03,buy,False,2022-11-01T13:46:30.957164+00:00
1049,5283348656,1730.0,0.15,buy,False,2022-11-01T13:46:30.275709+00:00
1050,5283348568,1730.0,1.54,buy,False,2022-11-01T13:46:30.200801+00:00
1051,5283348408,1730.0,0.08,buy,False,2022-11-01T13:46:30.001960+00:00
1052,5283348403,1730.0,1.08,buy,False,2022-11-01T13:46:29.983675+00:00
1053,5283348289,1724.0,0.02,buy,False,2022-11-01T13:46:29.718475+00:00
1054,5282997292,1652.0,0.09,sell,False,2022-11-01T12:57:35.369799+00:00
1055,5282996859,1655.0,0.96,sell,False,2022-11-01T12:57:34.249714+00:00
1056,5282798252,1680.0,0.09,sell,False,2022-11-01T12:20:20.420353+00:00
1057,5282677949,1667.0,0.08,buy,False,2022-11-01T12:04:50.664441+00:00
1058,5282677673,1667.0,0.08,buy,False,2022-11-01T12:04:50.484892+00:00
1059,5282677219,1668.0,1.12,buy,False,2022-11-01T12:04:50.098628+00:00
1060,5282677208,1668.0,0.08,buy,False,2022-11-01T12:04:50.095720+00:00
1061,5282677118,1665.0,3.45,buy,False,2022-11-01T12:04:49.968580+00:00
1062,5282677046,1665.0,1.21,buy,False,2022-11-01T12:04:49.901184+00:00
1063,5282677029,1665.0,0.08,buy,False,2022-11-01T12:04:49.870737+00:00
1064,5282676829,1665.0,0.08,buy,False,2022-11-01T12:04:49.648796+00:00
1065,5282676660,1661.0,5.15,buy,False,2022-11-01T12:04:49.469568+00:00
1066,5282676197,1661.0,0.06,buy,False,2022-11-01T12:04:49.198158+00:00
1067,5282676196,1661.0,2.52,buy,False,2022-11-01T12:04:49.198158+00:00
1068,5282676044,1661.0,0.08,buy,False,2022-11-01T12:04:49.152546+00:00
1069,5282675965,1661.0,0.08,buy,False,2022-11-01T12:04:48.968458+00:00
1070,5282675949,1661.0,1.74,buy,False,2022-11-01T12:04:48.927588+00:00
1071,5282675941,1661.0,1.76,buy,False,2022-11-01T12:04:48.906192+00:00
1072,5282675331,1661.0,0.08,buy,False,2022-11-01T12:04:48.812900+00:00
1073,5282675236,1657.0,0.08,buy,False,2022-11-01T12:04:48.590147+00:00
1074,5282674191,1653.0,0.06,buy,False,2022-11-01T12:04:47.346740+00:00
1075,5282374549,1634.0,0.08,sell,False,2022-11-01T11:17:26.306697+00:00
1076,5282374514,1638.0,0.17,sell,False,2022-11-01T11:17:26.227296+00:00
1077,5282312235,1644.0,1.2,buy,False,2022-11-01T11:13:26.745685+00:00
1078,5282312138,1644.0,1.2,buy,False,2022-11-01T11:13:26.652002+00:00
1079,5282311785,1644.0,0.08,buy,False,2022-11-01T11:13:26.250753+00:00
1080,5282311640,1640.0,5.13,buy,False,2022-11-01T11:13:26.074715+00:00
1081,5282311532,1640.0,0.08,buy,False,2022-11-01T11:13:25.887468+00:00
1082,5282252932,1599.0,0.07,sell,False,2022-11-01T11:06:46.902316+00:00
1083,5282197662,1584.0,0.12,buy,False,2022-11-01T11:01:23.801826+00:00
1084,5282197639,1584.0,0.04,buy,False,2022-11-01T11:01:23.751348+00:00
1085,5282197510,1584.0,0.08,buy,False,2022-11-01T11:01:23.349921+00:00
1086,5282197226,1584.0,0.08,buy,False,2022-11-01T11:01:22.940992+00:00
1087,5282196499,1581.0,1.05,buy,False,2022-11-01T11:01:21.599941+00:00
1088,5282077664,1573.0,0.37,sell,False,2022-11-01T10:41:59.690832+00:00
1089,5281926049,1550.0,16.71,buy,False,2022-11-01T10:22:36.983439+00:00
1090,5281926041,1550.0,0.08,buy,False,2022-11-01T10:22:36.966694+00:00
1091,5281925961,1550.0,0.07,buy,False,2022-11-01T10:22:36.763390+00:00
1092,5281925904,1550.0,0.07,buy,False,2022-11-01T10:22:36.674832+00:00
1093,5281884560,1538.0,1.57,buy,False,2022-11-01T10:17:15.093721+00:00
1094,5281884548,1538.0,0.08,buy,False,2022-11-01T10:17:15.040900+00:00
1095,5281884362,1538.0,0.08,buy,False,2022-11-01T10:17:14.123973+00:00
1096,5281884294,1538.0,0.08,buy,False,2022-11-01T10:17:13.925359+00:00
1097,5281884207,1538.0,0.08,buy,False,2022-11-01T10:17:13.734387+00:00
1098,5281883713,1538.0,0.08,buy,False,2022-11-01T10:17:12.433691+00:00
1099,5281883524,1536.0,7.19,buy,False,2022-11-01T10:17:12.086874+00:00
1100,5281883503,1536.0,0.08,buy,False,2022-11-01T10:17:12.058719+00:00
1101,5281883487,1536.0,2.26,buy,False,2022-11-01T10:17:12.043823+00:00
1102,5281883421,1535.0,7.64,buy,False,2022-11-01T10:17:11.928468+00:00
1103,5281883413,1535.0,2.25,buy,False,2022-11-01T10:17:11.905997+00:00
1104,5281883250,1535.0,0.08,buy,False,2022-11-01T10:17:11.657416+00:00
1105,5281882521,1535.0,0.07,buy,False,2022-11-01T10:17:09.554069+00:00
1106,5281882520,1533.0,0.01,buy,False,2022-11-01T10:17:09.554069+00:00
1107,5281882504,1533.0,5.03,buy,False,2022-11-01T10:17:09.482392+00:00
1108,5281535741,1480.0,0.17,sell,False,2022-11-01T09:36:14.332395+00:00
1109,5281535734,1480.0,0.06,sell,False,2022-11-01T09:36:14.328999+00:00
1110,5281535724,1480.0,0.98,sell,False,2022-11-01T09:36:14.317303+00:00
1111,5281535582,1480.0,0.06,sell,False,2022-11-01T09:36:13.970689+00:00
1112,5281535555,1480.0,0.03,sell,False,2022-11-01T09:36:13.885892+00:00
1113,5281535408,1480.0,0.01,sell,False,2022-11-01T09:36:13.679512+00:00
1114,5281529085,1483.0,0.37,sell,False,2022-11-01T09:35:33.487844+00:00
1115,5281529023,1484.0,1.07,sell,False,2022-11-01T09:35:33.330833+00:00
1116,5281472478,1504.0,4.73,buy,False,2022-11-01T09:28:08.343951+00:00
1117,5281472469,1504.0,0.59,buy,False,2022-11-01T09:28:08.272136+00:00
1118,5281472435,1504.0,0.02,buy,False,2022-11-01T09:28:08.180367+00:00
1119,5281472210,1504.0,0.08,buy,False,2022-11-01T09:28:07.443921+00:00
1120,5281472203,1504.0,1.84,buy,False,2022-11-01T09:28:07.426314+00:00
1121,5281098049,1579.0,0.01,buy,False,2022-11-01T08:23:50.648584+00:00
1122,5281085205,1579.0,0.05,buy,False,2022-11-01T08:21:10.666706+00:00
1123,5281022955,1576.0,0.06,sell,False,2022-11-01T08:08:35.668723+00:00
1124,5280620307,1561.0,0.32,buy,False,2022-11-01T07:01:42.679371+00:00
1125,5280598349,1565.0,0.32,sell,False,2022-11-01T06:58:32.879405+00:00
1126,5280373608,1555.0,0.01,buy,False,2022-11-01T06:19:36.100011+00:00
1127,5280373466,1555.0,0.32,buy,False,2022-11-01T06:19:35.670959+00:00
1128,5280322878,1592.0,0.33,sell,False,2022-11-01T06:14:48.133982+00:00
1129,5279540509,1753.0,0.02,sell,False,2022-11-01T04:19:34.191083+00:00
1130,5278648850,1783.0,0.02,sell,False,2022-11-01T01:34:08.152769+00:00
1131,5276851841,1845.0,0.02,buy,False,2022-10-31T20:29:14.989038+00:00
1132,5276466668,1813.0,0.02,buy,False,2022-10-31T19:19:00.257294+00:00
1133,5275445121,1823.0,0.93,buy,False,2022-10-31T16:43:26.292719+00:00
1134,5275442553,1815.0,12.74,buy,False,2022-10-31T16:43:17.401703+00:00
1135,5275442412,1815.0,7.57,buy,False,2022-10-31T16:43:16.951810+00:00
1136,5275310884,1789.0,0.72,buy,False,2022-10-31T16:29:43.939741+00:00
1137,5275310817,1789.0,1.63,buy,False,2022-10-31T16:29:43.598370+00:00
1138,5275310745,1789.0,0.59,buy,False,2022-10-31T16:29:43.398681+00:00
1139,5275287784,1760.0,7.68,buy,False,2022-10-31T16:27:54.861262+00:00
1140,5275287755,1760.0,3.13,buy,False,2022-10-31T16:27:54.741810+00:00
1141,5275287682,1760.0,13.13,buy,False,2022-10-31T16:27:54.274481+00:00
1142,5275287667,1760.0,1.07,buy,False,2022-10-31T16:27:54.210362+00:00
1143,5275078578,1758.0,2.2,buy,False,2022-10-31T16:09:49.638955+00:00
1144,5275078558,1758.0,0.59,buy,False,2022-10-31T16:09:49.333966+00:00
1145,5274969220,1781.0,3.11,buy,False,2022-10-31T15:59:51.349556+00:00
1146,5274969152,1781.0,0.87,buy,False,2022-10-31T15:59:51.273036+00:00
1147,5274969150,1781.0,0.01,buy,False,2022-10-31T15:59:51.266098+00:00
1148,5274967595,1775.0,0.08,buy,False,2022-10-31T15:59:45.793571+00:00
1149,5274967529,1775.0,0.08,buy,False,2022-10-31T15:59:45.380475+00:00
1150,5274967488,1775.0,0.08,buy,False,2022-10-31T15:59:45.224874+00:00
1151,5274967483,1775.0,5.05,buy,False,2022-10-31T15:59:45.212154+00:00
1152,5274967482,1775.0,0.83,buy,False,2022-10-31T15:59:45.212154+00:00
1153,5274967423,1775.0,1.76,buy,False,2022-10-31T15:59:45.050098+00:00
1154,5274909425,1751.0,0.01,buy,False,2022-10-31T15:55:12.827386+00:00
1155,5274908678,1751.0,0.29,buy,False,2022-10-31T15:55:10.668020+00:00
1156,5274848303,1753.0,0.02,sell,False,2022-10-31T15:51:17.960856+00:00
1157,5274848302,1783.0,0.02,sell,False,2022-10-31T15:51:17.960856+00:00
1158,5274848301,1813.0,0.02,sell,False,2022-10-31T15:51:17.960856+00:00
1159,5274212783,1844.0,0.02,sell,False,2022-10-31T14:41:44.584023+00:00
1160,5273499726,1937.0,2.93,buy,False,2022-10-31T13:59:43.860493+00:00
1161,5273138778,1908.0,0.02,buy,False,2022-10-31T13:40:20.817276+00:00
1162,5272948327,1875.0,0.02,buy,False,2022-10-31T13:23:24.783317+00:00
1163,5272941515,1845.0,0.02,buy,False,2022-10-31T13:22:14.747825+00:00
1164,5272442203,1897.0,0.1,buy,False,2022-10-31T12:13:15.350417+00:00
1165,5272442179,1897.0,0.02,buy,False,2022-10-31T12:13:15.324368+00:00
1166,5272441919,1897.0,0.08,buy,False,2022-10-31T12:13:14.773348+00:00
1167,5272441875,1897.0,0.08,buy,False,2022-10-31T12:13:14.738220+00:00
1168,5272441794,1897.0,0.09,buy,False,2022-10-31T12:13:14.670056+00:00
1169,5272441724,1897.0,0.01,buy,False,2022-10-31T12:13:14.572947+00:00
1170,5272441522,1897.0,0.59,buy,False,2022-10-31T12:13:14.455987+00:00
1171,5271983980,1783.0,0.01,buy,False,2022-10-31T11:09:34.887654+00:00
1172,5271983962,1783.0,0.01,sell,False,2022-10-31T11:09:34.833007+00:00
1173,5271983190,1813.0,0.02,sell,False,2022-10-31T11:09:32.675448+00:00
1174,5271530460,1848.0,0.08,buy,False,2022-10-31T10:11:27.151817+00:00
1175,5271530392,1848.0,0.1,buy,False,2022-10-31T10:11:26.997814+00:00
1176,5271530391,1848.0,4.18,buy,False,2022-10-31T10:11:26.997814+00:00
1177,5271530341,1848.0,2.61,buy,False,2022-10-31T10:11:26.870448+00:00
1178,5271530291,1848.0,0.08,buy,False,2022-10-31T10:11:26.753342+00:00
1179,5271530001,1848.0,0.08,buy,False,2022-10-31T10:11:26.328625+00:00
1180,5271259748,1844.0,0.02,sell,False,2022-10-31T09:48:39.485822+00:00
1181,5271162642,1875.0,0.02,sell,False,2022-10-31T09:43:46.798292+00:00
1182,5270937757,1907.0,0.02,sell,False,2022-10-31T09:16:27.348581+00:00
1183,5270029610,1973.0,0.02,buy,False,2022-10-31T06:19:54.704984+00:00
1184,5269961650,1939.0,0.01,buy,False,2022-10-31T06:10:35.821814+00:00
1185,5269961294,1939.0,0.01,buy,False,2022-10-31T06:10:35.464351+00:00
1186,5269918517,1911.0,1.13,buy,False,2022-10-31T06:05:22.053054+00:00
1187,5269918480,1911.0,0.1,buy,False,2022-10-31T06:05:21.911339+00:00
1188,5269918461,1911.0,0.02,buy,False,2022-10-31T06:05:21.898427+00:00
1189,5269918457,1911.0,0.05,buy,False,2022-10-31T06:05:21.871796+00:00
1190,5269918303,1911.0,0.12,buy,False,2022-10-31T06:05:21.547009+00:00
1191,5269918186,1911.0,0.6,buy,False,2022-10-31T06:05:21.327950+00:00
1192,5269917851,1911.0,0.08,buy,False,2022-10-31T06:05:20.675051+00:00
1193,5269917845,1911.0,1.09,buy,False,2022-10-31T06:05:20.660317+00:00
1194,5268868547,1783.0,0.01,sell,False,2022-10-31T02:47:49.795674+00:00
1195,5268868241,1896.0,0.01,sell,False,2022-10-31T02:47:48.783029+00:00
1196,5268868038,1896.0,0.27,sell,False,2022-10-31T02:47:48.288804+00:00
1197,5268427148,1908.0,0.02,buy,False,2022-10-31T01:43:39.464311+00:00
1198,5268369378,1905.0,0.01,sell,False,2022-10-31T01:39:11.280007+00:00
1199,5268369105,1905.0,0.01,sell,False,2022-10-31T01:39:09.456563+00:00
1200,5268369018,1875.0,0.02,buy,False,2022-10-31T01:39:08.378543+00:00
1201,5268096846,1813.0,0.02,sell,False,2022-10-31T00:58:30.300272+00:00
1202,5267849291,1844.0,0.02,sell,False,2022-10-31T00:22:30.785735+00:00
1203,5267823226,1875.0,0.02,sell,False,2022-10-31T00:19:24.583602+00:00
1204,5267729046,1907.0,0.02,sell,False,2022-10-31T00:06:14.209257+00:00
1205,5266158008,1939.0,0.02,sell,False,2022-10-30T18:53:40.326711+00:00
1206,5265793629,1972.0,0.02,sell,False,2022-10-30T17:40:41.561398+00:00
1207,5265561444,2021.0,0.08,buy,False,2022-10-30T17:00:57.573843+00:00
1208,5265532434,2040.0,0.01,buy,False,2022-10-30T16:58:16.958909+00:00
1209,5265532098,2040.0,0.01,buy,False,2022-10-30T16:58:16.556998+00:00
1210,5264983829,2007.0,0.02,buy,False,2022-10-30T15:46:53.770351+00:00
1211,5264781200,1963.0,0.09,sell,False,2022-10-30T15:17:25.000961+00:00
1212,5264781184,1963.0,0.04,sell,False,2022-10-30T15:17:24.925285+00:00
1213,5264777492,1973.0,0.02,buy,False,2022-10-30T15:16:56.802918+00:00
1214,5264242039,1939.0,0.02,buy,False,2022-10-30T13:58:59.066106+00:00
1215,5263991362,1908.0,0.02,buy,False,2022-10-30T13:31:52.319353+00:00
1216,5263935604,1875.0,0.02,buy,False,2022-10-30T13:27:23.819935+00:00
1217,5263785287,1850.0,0.71,buy,False,2022-10-30T13:02:23.665608+00:00
1218,5263785201,1845.0,0.02,buy,False,2022-10-30T13:02:23.542184+00:00
1219,5263585629,1813.0,0.02,buy,False,2022-10-30T12:26:31.634800+00:00
1220,5263447697,1753.0,0.02,sell,False,2022-10-30T12:06:27.689263+00:00
1221,5263339863,1768.0,0.02,sell,False,2022-10-30T11:47:29.677553+00:00
1222,5263338805,1783.0,0.02,sell,False,2022-10-30T11:47:28.267783+00:00
1223,5262927922,1813.0,0.02,sell,False,2022-10-30T10:35:09.980274+00:00
1224,5262538173,1875.0,0.01,buy,False,2022-10-30T09:45:53.907577+00:00
1225,5262538107,1875.0,0.01,buy,False,2022-10-30T09:45:53.720572+00:00
1226,5262454850,1845.0,0.01,buy,False,2022-10-30T09:37:18.594647+00:00
1227,5262454659,1845.0,0.01,buy,False,2022-10-30T09:37:18.254374+00:00
1228,5261657462,1813.0,0.02,buy,False,2022-10-30T08:07:37.261595+00:00
1229,5261328623,1770.0,0.24,buy,False,2022-10-30T07:31:30.859861+00:00
1230,5261328564,1770.0,0.03,buy,False,2022-10-30T07:31:30.815584+00:00
1231,5261328555,1770.0,0.03,buy,False,2022-10-30T07:31:30.808800+00:00
1232,5261328149,1770.0,5.61,buy,False,2022-10-30T07:31:30.438300+00:00
1233,5261328123,1770.0,5.64,buy,False,2022-10-30T07:31:30.408458+00:00
1234,5261327818,1768.0,0.28,buy,False,2022-10-30T07:31:30.108902+00:00
1235,5261327586,1765.0,0.1,buy,False,2022-10-30T07:31:29.733845+00:00
1236,5261327480,1765.0,0.05,buy,False,2022-10-30T07:31:29.591542+00:00
1237,5261327459,1765.0,1.39,buy,False,2022-10-30T07:31:29.571719+00:00
1238,5261327401,1765.0,1.39,buy,False,2022-10-30T07:31:29.504063+00:00
1239,5261327288,1765.0,1.46,buy,False,2022-10-30T07:31:29.439344+00:00
1240,5261326677,1764.0,1.12,buy,False,2022-10-30T07:31:28.972717+00:00
1241,5261326438,1764.0,0.6,buy,False,2022-10-30T07:31:28.743590+00:00
1242,5261326426,1764.0,0.1,buy,False,2022-10-30T07:31:28.738710+00:00
1243,5261326376,1764.0,0.1,buy,False,2022-10-30T07:31:28.682566+00:00
1244,5261325100,1752.0,0.1,buy,False,2022-10-30T07:31:26.386938+00:00
1245,5261325025,1752.0,1.08,buy,False,2022-10-30T07:31:26.262376+00:00
1246,5261324996,1752.0,0.02,buy,False,2022-10-30T07:31:26.208500+00:00
1247,5261324823,1752.0,0.03,buy,False,2022-10-30T07:31:25.920758+00:00
1248,5261324750,1752.0,0.63,buy,False,2022-10-30T07:31:25.836004+00:00
1249,5261324662,1752.0,1.06,buy,False,2022-10-30T07:31:25.665691+00:00
1250,5261324354,1752.0,0.01,buy,False,2022-10-30T07:31:25.630518+00:00
1251,5261256058,1650.0,0.01,buy,False,2022-10-30T07:23:32.110402+00:00
1252,5261256022,1650.0,0.48,buy,False,2022-10-30T07:23:31.855828+00:00
1253,5261256016,1650.0,0.03,buy,False,2022-10-30T07:23:31.773528+00:00
1254,5261256006,1650.0,0.03,buy,False,2022-10-30T07:23:31.600244+00:00
1255,5261256003,1650.0,0.05,buy,False,2022-10-30T07:23:31.536764+00:00
1256,5261256002,1650.0,0.2,buy,False,2022-10-30T07:23:31.515568+00:00
1257,5261255980,1650.0,0.1,buy,False,2022-10-30T07:23:31.370824+00:00
1258,5261255973,1650.0,0.05,buy,False,2022-10-30T07:23:31.320692+00:00
1259,5260151105,1726.0,0.13,buy,False,2022-10-30T04:11:13.219714+00:00
1260,5260147469,1726.0,0.1,buy,False,2022-10-30T04:10:26.509779+00:00
1261,5260147450,1726.0,0.1,buy,False,2022-10-30T04:10:26.368247+00:00
1262,5260106511,1753.0,0.02,sell,False,2022-10-30T04:03:43.943280+00:00
1263,5260106096,1754.0,0.04,sell,False,2022-10-30T04:03:42.488919+00:00
1264,5260105065,1754.0,0.69,sell,False,2022-10-30T04:03:34.816588+00:00
1265,5260104478,1754.0,0.25,sell,False,2022-10-30T04:03:31.902606+00:00
1266,5260104323,1755.0,0.33,sell,False,2022-10-30T04:03:31.397635+00:00
1267,5259744467,1783.0,0.02,sell,False,2022-10-30T02:45:04.252415+00:00
1268,5259508081,1813.0,0.02,sell,False,2022-10-30T01:57:42.312843+00:00
1269,5259321962,1844.0,0.02,sell,False,2022-10-30T01:24:39.275365+00:00
1270,5259321426,1875.0,0.02,sell,False,2022-10-30T01:24:38.419697+00:00
1271,5259230133,1907.0,0.02,sell,False,2022-10-30T01:06:28.801340+00:00
1272,5258910468,1973.0,0.02,buy,False,2022-10-30T00:13:08.278590+00:00
1273,5258435087,1939.0,0.02,buy,False,2022-10-29T22:54:17.488689+00:00
1274,5258377784,1908.0,0.02,buy,False,2022-10-29T22:49:12.764456+00:00
1275,5258311752,1875.0,0.02,buy,False,2022-10-29T22:43:54.953820+00:00
1276,5258277452,1845.0,0.02,buy,False,2022-10-29T22:38:54.070586+00:00
1277,5258271631,1813.0,0.02,buy,False,2022-10-29T22:38:29.668700+00:00
1278,5257895937,1788.0,0.6,buy,False,2022-10-29T21:16:34.469131+00:00
1279,5257895905,1788.0,0.01,buy,False,2022-10-29T21:16:34.279160+00:00
1280,5257895720,1790.0,4.17,buy,False,2022-10-29T21:16:33.668313+00:00
1281,5257895672,1790.0,4.71,buy,False,2022-10-29T21:16:33.521636+00:00
1282,5257895667,1790.0,0.08,buy,False,2022-10-29T21:16:33.511467+00:00
1283,5257895582,1787.0,5.28,buy,False,2022-10-29T21:16:33.278368+00:00
1284,5257895575,1787.0,0.08,buy,False,2022-10-29T21:16:33.259213+00:00
1285,5257895491,1787.0,0.02,buy,False,2022-10-29T21:16:33.111924+00:00
1286,5257865295,1753.0,0.02,sell,False,2022-10-29T21:10:39.987382+00:00
1287,5257670953,1813.0,0.02,buy,False,2022-10-29T20:31:14.952738+00:00
1288,5257489076,1753.0,0.02,sell,False,2022-10-29T20:00:55.673671+00:00
1289,5257488445,1783.0,0.02,sell,False,2022-10-29T20:00:52.596714+00:00
1290,5257360078,1845.0,0.01,buy,False,2022-10-29T19:41:36.777764+00:00
1291,5257359638,1845.0,0.01,buy,False,2022-10-29T19:41:35.843818+00:00
1292,5257323616,1813.0,0.02,buy,False,2022-10-29T19:37:24.414047+00:00
1293,5257256200,1720.0,0.63,buy,False,2022-10-29T19:27:07.493703+00:00
1294,5257103923,1728.0,0.33,buy,False,2022-10-29T19:02:51.193767+00:00
1295,5257101281,1720.0,0.01,sell,False,2022-10-29T19:02:25.984797+00:00
1296,5257101280,1720.0,0.63,sell,False,2022-10-29T19:02:25.977584+00:00
1297,5257101151,1720.0,0.01,sell,False,2022-10-29T19:02:25.237459+00:00
1298,5257101101,1720.0,0.18,sell,False,2022-10-29T19:02:24.936051+00:00
1299,5257101092,1721.0,0.01,sell,False,2022-10-29T19:02:24.875628+00:00
1300,5257100325,1721.0,0.27,sell,False,2022-10-29T19:02:21.732237+00:00
1301,5257100249,1721.0,0.05,sell,False,2022-10-29T19:02:20.799021+00:00
1302,5256958351,1753.0,0.02,sell,False,2022-10-29T18:42:01.488967+00:00
1303,5256877053,1813.0,0.02,buy,False,2022-10-29T18:33:28.810381+00:00
1304,5256742592,1761.0,0.08,buy,False,2022-10-29T18:20:47.020621+00:00
1305,5256483650,1741.0,0.09,buy,False,2022-10-29T18:00:48.276321+00:00
1306,5256483625,1741.0,0.1,buy,False,2022-10-29T18:00:48.207512+00:00
1307,5256483606,1741.0,0.15,buy,False,2022-10-29T18:00:48.167970+00:00
1308,5256483113,1741.0,0.01,buy,False,2022-10-29T18:00:47.454233+00:00
1309,5256482826,1741.0,0.01,buy,False,2022-10-29T18:00:47.002285+00:00
1310,5256482464,1741.0,1.16,buy,False,2022-10-29T18:00:46.570407+00:00
1311,5256348673,1703.0,0.01,buy,False,2022-10-29T17:55:34.959516+00:00
1312,5256348524,1703.0,1.31,buy,False,2022-10-29T17:55:34.857917+00:00
1313,5256348375,1703.0,0.08,buy,False,2022-10-29T17:55:34.735417+00:00
1314,5256348165,1703.0,0.08,buy,False,2022-10-29T17:55:34.519970+00:00
1315,5256348087,1703.0,0.17,buy,False,2022-10-29T17:55:34.441252+00:00
1316,5256347791,1703.0,0.05,buy,False,2022-10-29T17:55:34.271532+00:00
1317,5256347756,1703.0,0.05,buy,False,2022-10-29T17:55:34.254690+00:00
1318,5256347519,1703.0,0.1,buy,False,2022-10-29T17:55:34.016086+00:00
1319,5256347440,1703.0,0.01,buy,False,2022-10-29T17:55:33.981801+00:00
1320,5256299243,1605.0,0.01,buy,False,2022-10-29T17:54:14.323750+00:00
1321,5255821207,1674.0,0.32,buy,False,2022-10-29T17:10:54.479122+00:00
1322,5255017040,1789.0,0.17,buy,False,2022-10-29T16:02:22.045204+00:00
1323,5255017004,1789.0,0.85,buy,False,2022-10-29T16:02:21.949719+00:00
1324,5255016554,1789.0,0.03,buy,False,2022-10-29T16:02:20.777369+00:00
1325,5255016513,1789.0,0.06,buy,False,2022-10-29T16:02:20.676017+00:00
1326,5255016479,1789.0,0.76,buy,False,2022-10-29T16:02:20.612726+00:00
1327,5255016392,1789.0,0.01,buy,False,2022-10-29T16:02:20.414208+00:00
1328,5255016348,1789.0,0.05,buy,False,2022-10-29T16:02:20.243129+00:00
1329,5255016286,1789.0,0.07,buy,False,2022-10-29T16:02:20.079928+00:00
1330,5255016202,1789.0,0.01,buy,False,2022-10-29T16:02:19.852408+00:00
1331,5255015925,1789.0,0.48,buy,False,2022-10-29T16:02:19.638248+00:00
1332,5254706635,1729.0,0.1,buy,False,2022-10-29T15:36:46.318946+00:00
1333,5254706561,1729.0,0.04,buy,False,2022-10-29T15:36:46.044807+00:00
1334,5254706555,1729.0,0.05,buy,False,2022-10-29T15:36:46.026986+00:00
1335,5254706435,1729.0,0.94,buy,False,2022-10-29T15:36:45.791028+00:00
1336,5254706418,1732.0,0.75,buy,False,2022-10-29T15:36:45.738749+00:00
1337,5254686165,1683.0,1.0,buy,False,2022-10-29T15:35:52.663697+00:00
1338,5254686009,1682.0,0.16,buy,False,2022-10-29T15:35:52.427929+00:00
1339,5254685946,1682.0,0.13,buy,False,2022-10-29T15:35:52.348672+00:00
1340,5254685863,1682.0,1.12,buy,False,2022-10-29T15:35:52.219696+00:00
1341,5254685855,1682.0,0.3,buy,False,2022-10-29T15:35:52.208604+00:00
1342,5254685673,1682.0,0.01,buy,False,2022-10-29T15:35:51.844595+00:00
1343,5254685445,1682.0,0.61,buy,False,2022-10-29T15:35:51.374706+00:00
1344,5254683748,1654.0,0.1,buy,False,2022-10-29T15:35:48.024852+00:00
1345,5254683386,1654.0,0.05,buy,False,2022-10-29T15:35:47.026346+00:00
1346,5254680379,1638.0,0.1,buy,False,2022-10-29T15:35:41.457291+00:00
1347,5254642375,1753.0,0.32,buy,False,2022-10-29T15:34:13.607915+00:00
1348,5254642124,1753.0,0.01,buy,False,2022-10-29T15:34:12.780778+00:00
1349,5254635843,1753.0,0.02,sell,False,2022-10-29T15:33:59.620805+00:00
1350,5254633458,1783.0,0.02,sell,False,2022-10-29T15:33:53.394690+00:00
1351,5254592678,1813.0,0.02,sell,False,2022-10-29T15:30:55.313312+00:00
1352,5254588594,1844.0,0.02,sell,False,2022-10-29T15:30:49.632733+00:00
1353,5254588248,1875.0,0.02,sell,False,2022-10-29T15:30:48.703617+00:00
1354,5254574938,1907.0,0.02,sell,False,2022-10-29T15:29:54.889241+00:00
1355,5254548897,1939.0,0.02,sell,False,2022-10-29T15:27:56.572320+00:00
1356,5254416846,1972.0,0.02,sell,False,2022-10-29T15:08:15.666073+00:00
1357,5254222526,2000.0,0.01,sell,False,2022-10-29T14:38:33.261382+00:00
1358,5254011760,2006.0,0.02,sell,False,2022-10-29T14:16:39.473972+00:00
1359,5253937318,2040.0,0.02,sell,False,2022-10-29T14:09:53.497398+00:00
1360,5253929226,2075.0,0.02,sell,False,2022-10-29T14:09:18.368593+00:00
1361,5253929020,2083.0,0.01,sell,False,2022-10-29T14:09:17.918435+00:00
1362,5253928772,2083.0,0.11,sell,False,2022-10-29T14:09:17.078096+00:00
1363,5253928682,2084.0,0.06,sell,False,2022-10-29T14:09:16.655720+00:00
1364,5253920323,2110.0,0.02,sell,False,2022-10-29T14:08:46.710448+00:00
1365,5253771734,2177.0,0.06,buy,False,2022-10-29T13:47:57.112968+00:00
1366,5253617219,2182.0,0.02,buy,False,2022-10-29T13:24:56.006465+00:00
1367,5253476100,2110.0,0.11,sell,False,2022-10-29T13:01:13.241971+00:00
1368,5253476099,2110.0,0.02,sell,False,2022-10-29T13:01:13.241971+00:00
1369,5253463548,2134.0,0.1,sell,False,2022-10-29T12:59:37.535769+00:00
1370,5253458351,2146.0,0.02,sell,False,2022-10-29T12:58:41.116225+00:00
1371,5253453369,2156.0,0.09,sell,False,2022-10-29T12:57:44.176722+00:00
1372,5253448139,2176.0,0.08,sell,False,2022-10-29T12:57:06.321502+00:00
1373,5253423893,2182.0,0.02,sell,False,2022-10-29T12:51:28.532838+00:00
1374,5253249871,2195.0,0.01,sell,False,2022-10-29T12:15:39.835883+00:00
1375,5253214299,2195.0,0.06,sell,False,2022-10-29T12:09:10.278694+00:00
1376,5253194193,2211.0,0.01,sell,False,2022-10-29T12:06:43.358790+00:00
1377,5253163103,2211.0,0.06,sell,False,2022-10-29T12:04:15.553021+00:00
1378,5253159758,2226.0,0.06,sell,False,2022-10-29T12:03:59.072531+00:00
1379,5253154690,2240.0,0.05,sell,False,2022-10-29T12:03:20.320350+00:00
1380,5253058866,2252.0,0.05,sell,False,2022-10-29T11:45:43.665309+00:00
1381,5253058535,2253.0,0.33,sell,False,2022-10-29T11:45:41.272641+00:00
1382,5253001235,2266.0,0.03,buy,False,2022-10-29T11:38:21.290154+00:00
1383,5253001234,2258.0,0.02,buy,False,2022-10-29T11:38:21.290154+00:00
1384,5252999202,2243.0,0.39,buy,False,2022-10-29T11:38:13.293112+00:00
1385,5252998974,2242.0,0.26,buy,False,2022-10-29T11:38:12.399055+00:00
1386,5252998829,2242.0,0.07,buy,False,2022-10-29T11:38:12.140972+00:00
1387,5252871845,2173.0,0.05,sell,False,2022-10-29T11:21:06.964268+00:00
1388,5252871810,2191.0,0.02,sell,False,2022-10-29T11:21:06.538597+00:00
1389,5252871786,2191.0,0.05,sell,False,2022-10-29T11:21:06.448634+00:00
1390,5252674467,2220.0,0.02,buy,False,2022-10-29T10:55:30.243140+00:00
1391,5252591701,2208.0,0.07,sell,False,2022-10-29T10:43:00.252110+00:00
1392,5252559632,2223.0,0.06,sell,False,2022-10-29T10:38:35.150593+00:00
1393,5252533721,2236.0,0.05,sell,False,2022-10-29T10:35:32.190671+00:00
1394,5252524863,2249.0,0.05,sell,False,2022-10-29T10:34:42.912067+00:00
1395,5252522425,2259.0,0.05,buy,False,2022-10-29T10:34:24.973492+00:00
