,id,price,size,side,liquidation,time
0,5400758331,90.28,0.05,sell,False,2022-11-10T08:35:22.984692+00:00
1,5400758330,90.75,0.09,sell,False,2022-11-10T08:35:22.984692+00:00
2,5400758329,91.23,0.09,sell,False,2022-11-10T08:35:22.984692+00:00
3,5400758328,91.7,0.09,sell,False,2022-11-10T08:35:22.984692+00:00
4,5400758327,92.17,0.09,sell,False,2022-11-10T08:35:22.984692+00:00
5,5400758326,92.64,0.09,sell,False,2022-11-10T08:35:22.984692+00:00
6,5400758325,93.11,0.09,sell,False,2022-11-10T08:35:22.984692+00:00
7,5400758324,93.58,0.09,sell,False,2022-11-10T08:35:22.984692+00:00
8,5400758323,94.06,0.09,sell,False,2022-11-10T08:35:22.984692+00:00
9,5400758322,94.53,0.09,sell,False,2022-11-10T08:35:22.984692+00:00
10,5400758321,95.0,0.09,sell,False,2022-11-10T08:35:22.984692+00:00
11,5400758320,95.47,0.09,sell,False,2022-11-10T08:35:22.984692+00:00
12,5400758319,95.94,0.05,sell,False,2022-11-10T08:35:22.984692+00:00
13,5400058757,95.94,0.01,sell,False,2022-11-10T07:09:55.910524+00:00
14,5400058756,96.42,0.02,sell,False,2022-11-10T07:09:55.910524+00:00
15,5399379984,96.42,0.07,sell,False,2022-11-10T05:48:46.206965+00:00
16,5399379983,96.89,0.09,sell,False,2022-11-10T05:48:46.206965+00:00
17,5399378013,97.36,0.09,sell,False,2022-11-10T05:48:19.562001+00:00
18,5399370921,97.83,0.09,sell,False,2022-11-10T05:46:31.962101+00:00
19,5398978937,98.77,0.04,buy,False,2022-11-10T04:58:48.864689+00:00
20,5398978936,98.3,0.09,buy,False,2022-11-10T04:58:48.864689+00:00
21,5398978935,97.83,0.07,buy,False,2022-11-10T04:58:48.864689+00:00
22,5398977214,97.83,0.02,buy,False,2022-11-10T04:58:22.513307+00:00
23,5398977213,97.36,0.09,buy,False,2022-11-10T04:58:22.513307+00:00
24,5398977212,96.89,0.09,buy,False,2022-11-10T04:58:22.513307+00:00
25,5398887967,95.94,0.03,sell,False,2022-11-10T04:39:33.356742+00:00
26,5398887966,96.42,0.09,sell,False,2022-11-10T04:39:33.356742+00:00
27,5398887965,96.89,0.09,sell,False,2022-11-10T04:39:33.356742+00:00
28,5398887964,97.36,0.09,sell,False,2022-11-10T04:39:33.356742+00:00
29,5398887963,97.83,0.07,sell,False,2022-11-10T04:39:33.356742+00:00
30,5398876544,97.83,0.02,sell,False,2022-11-10T04:36:42.778300+00:00
31,5398876543,98.3,0.09,sell,False,2022-11-10T04:36:42.778300+00:00
32,5398876542,98.77,0.09,sell,False,2022-11-10T04:36:42.778300+00:00
33,5398876541,99.25,0.09,sell,False,2022-11-10T04:36:42.778300+00:00
34,5398876540,99.72,0.09,sell,False,2022-11-10T04:36:42.778300+00:00
35,5398876539,100.19,0.09,sell,False,2022-11-10T04:36:42.778300+00:00
36,5398876538,100.66,0.09,sell,False,2022-11-10T04:36:42.778300+00:00
37,5398876537,101.13,0.09,sell,False,2022-11-10T04:36:42.778300+00:00
38,5398744019,102.08,0.01,buy,False,2022-11-10T04:11:12.324391+00:00
39,5398744018,101.6,0.09,buy,False,2022-11-10T04:11:12.324391+00:00
40,5398744017,101.13,0.09,buy,False,2022-11-10T04:11:12.324391+00:00
41,5398630955,100.66,0.09,buy,False,2022-11-10T03:49:43.470018+00:00
42,5398630954,100.19,0.09,buy,False,2022-11-10T03:49:43.470018+00:00
43,5398630953,99.72,0.09,buy,False,2022-11-10T03:49:43.470018+00:00
44,5398630952,99.25,0.09,buy,False,2022-11-10T03:49:43.470018+00:00
45,5398630951,98.77,0.09,buy,False,2022-11-10T03:49:43.470018+00:00
46,5398630950,98.3,0.09,buy,False,2022-11-10T03:49:43.470018+00:00
47,5398630949,97.83,0.09,buy,False,2022-11-10T03:49:43.470018+00:00
48,5398630948,97.36,0.02,buy,False,2022-11-10T03:49:43.470018+00:00
49,5398610794,97.36,0.07,buy,False,2022-11-10T03:46:42.523860+00:00
50,5398610793,96.89,0.09,buy,False,2022-11-10T03:46:42.523860+00:00
51,5398610792,96.42,0.02,buy,False,2022-11-10T03:46:42.523860+00:00
52,5397737458,83.3,5.16,sell,False,2022-11-10T01:43:34.056949+00:00
53,5397737305,96.42,0.07,buy,False,2022-11-10T01:43:33.106766+00:00
54,5397737304,95.94,0.09,buy,False,2022-11-10T01:43:33.106766+00:00
55,5397737303,95.47,0.09,buy,False,2022-11-10T01:43:33.106766+00:00
56,5397737302,95.0,0.09,buy,False,2022-11-10T01:43:33.106766+00:00
57,5397737301,94.53,0.09,buy,False,2022-11-10T01:43:33.106766+00:00
58,5397737300,94.06,0.09,buy,False,2022-11-10T01:43:33.106766+00:00
59,5397737299,93.77,1.64,buy,False,2022-11-10T01:43:33.106766+00:00
60,5397733990,93.77,1.61,buy,False,2022-11-10T01:43:16.707532+00:00
61,5397733989,93.58,0.09,buy,False,2022-11-10T01:43:16.707532+00:00
62,5397733988,93.11,0.09,buy,False,2022-11-10T01:43:16.707532+00:00
63,5397733987,92.64,0.09,buy,False,2022-11-10T01:43:16.707532+00:00
64,5397733986,92.17,0.09,buy,False,2022-11-10T01:43:16.707532+00:00
65,5397733985,91.7,0.09,buy,False,2022-11-10T01:43:16.707532+00:00
66,5397733984,91.23,0.09,buy,False,2022-11-10T01:43:16.707532+00:00
67,5397733983,90.75,0.09,buy,False,2022-11-10T01:43:16.707532+00:00
68,5397733982,90.28,0.09,buy,False,2022-11-10T01:43:16.707532+00:00
69,5397733981,89.81,0.09,buy,False,2022-11-10T01:43:16.707532+00:00
70,5397733980,89.34,0.09,buy,False,2022-11-10T01:43:16.707532+00:00
71,5397733979,88.87,0.09,buy,False,2022-11-10T01:43:16.707532+00:00
72,5397733978,88.4,0.09,buy,False,2022-11-10T01:43:16.707532+00:00
73,5397733977,87.92,0.09,buy,False,2022-11-10T01:43:16.707532+00:00
74,5397733976,87.45,0.09,buy,False,2022-11-10T01:43:16.707532+00:00
75,5397733975,86.98,0.09,buy,False,2022-11-10T01:43:16.707532+00:00
76,5397733974,86.51,0.09,buy,False,2022-11-10T01:43:16.707532+00:00
77,5397733973,86.04,0.09,buy,False,2022-11-10T01:43:16.707532+00:00
78,5397733972,85.57,0.09,buy,False,2022-11-10T01:43:16.707532+00:00
79,5397733971,85.09,0.09,buy,False,2022-11-10T01:43:16.707532+00:00
80,5397733970,84.62,0.09,buy,False,2022-11-10T01:43:16.707532+00:00
81,5397733969,84.15,0.09,buy,False,2022-11-10T01:43:16.707532+00:00
82,5397733968,83.68,0.09,buy,False,2022-11-10T01:43:16.707532+00:00
83,5396320794,83.21,0.05,buy,False,2022-11-09T23:22:51.921361+00:00
84,5396266011,82.26,0.01,sell,False,2022-11-09T23:19:00.510280+00:00
85,5395654376,83.21,0.04,buy,False,2022-11-09T22:30:22.201135+00:00
86,5395654375,82.74,0.09,buy,False,2022-11-09T22:30:22.201135+00:00
87,5395654374,82.26,0.09,buy,False,2022-11-09T22:30:22.201135+00:00
88,5395114311,81.62,4.72,sell,False,2022-11-09T21:51:55.955385+00:00
89,5395114310,81.79,0.09,sell,False,2022-11-09T21:51:55.955385+00:00
90,5395114309,82.26,0.09,sell,False,2022-11-09T21:51:55.955385+00:00
91,5395114308,82.74,0.09,sell,False,2022-11-09T21:51:55.955385+00:00
92,5395114307,83.21,0.09,sell,False,2022-11-09T21:51:55.955385+00:00
93,5395114306,83.68,0.09,sell,False,2022-11-09T21:51:55.955385+00:00
94,5395114305,84.15,0.09,sell,False,2022-11-09T21:51:55.955385+00:00
95,5395114304,84.62,0.09,sell,False,2022-11-09T21:51:55.955385+00:00
96,5395114303,85.09,0.09,sell,False,2022-11-09T21:51:55.955385+00:00
97,5395114302,85.57,0.09,sell,False,2022-11-09T21:51:55.955385+00:00
98,5395114301,86.04,0.09,sell,False,2022-11-09T21:51:55.955385+00:00
99,5395114300,86.51,0.09,sell,False,2022-11-09T21:51:55.955385+00:00
100,5395114299,86.98,0.09,sell,False,2022-11-09T21:51:55.955385+00:00
101,5395114298,87.45,0.09,sell,False,2022-11-09T21:51:55.955385+00:00
102,5395114297,87.92,0.09,sell,False,2022-11-09T21:51:55.955385+00:00
103,5395114296,88.4,0.02,sell,False,2022-11-09T21:51:55.955385+00:00
104,5394339247,88.4,0.03,sell,False,2022-11-09T21:07:34.762848+00:00
105,5393665775,88.4,0.04,sell,False,2022-11-09T20:23:02.795866+00:00
106,5393665774,88.87,0.07,sell,False,2022-11-09T20:23:02.795866+00:00
107,5393664179,88.87,0.02,sell,False,2022-11-09T20:22:54.195116+00:00
108,5393664178,89.34,0.09,sell,False,2022-11-09T20:22:54.195116+00:00
109,5393495212,89.81,0.09,sell,False,2022-11-09T20:04:42.612964+00:00
110,5393495211,90.28,0.09,sell,False,2022-11-09T20:04:42.612964+00:00
111,5393492973,90.75,0.45,sell,False,2022-11-09T20:04:30.667645+00:00
112,5393492872,90.75,0.45,sell,False,2022-11-09T20:04:30.147818+00:00
113,5393492803,90.75,0.45,sell,False,2022-11-09T20:04:29.459453+00:00
114,5393492737,90.75,0.46,sell,False,2022-11-09T20:04:28.910304+00:00
115,5393492624,90.75,0.46,sell,False,2022-11-09T20:04:28.412910+00:00
116,5393491512,90.75,0.46,sell,False,2022-11-09T20:04:19.973027+00:00
117,5393491454,90.75,0.46,sell,False,2022-11-09T20:04:19.222663+00:00
118,5393491415,90.75,0.46,sell,False,2022-11-09T20:04:18.868995+00:00
119,5393491373,90.75,0.46,sell,False,2022-11-09T20:04:18.487692+00:00
120,5393491301,90.75,0.47,sell,False,2022-11-09T20:04:18.002306+00:00
121,5393488365,90.75,0.47,sell,False,2022-11-09T20:04:03.445809+00:00
122,5393488295,90.75,0.47,sell,False,2022-11-09T20:04:02.864793+00:00
123,5393488239,90.75,0.47,sell,False,2022-11-09T20:04:02.450671+00:00
124,5393488140,90.75,0.47,sell,False,2022-11-09T20:04:02.021687+00:00
125,5393488089,90.75,0.47,sell,False,2022-11-09T20:04:01.650514+00:00
126,5393486980,90.75,0.47,sell,False,2022-11-09T20:03:55.871319+00:00
127,5393486766,90.75,0.15,sell,False,2022-11-09T20:03:54.813643+00:00
128,5393486765,90.76,0.33,sell,False,2022-11-09T20:03:54.813643+00:00
129,5393486707,90.76,0.48,sell,False,2022-11-09T20:03:54.397617+00:00
130,5393486596,90.76,0.48,sell,False,2022-11-09T20:03:53.965532+00:00
131,5393486535,90.76,0.48,sell,False,2022-11-09T20:03:53.598218+00:00
132,5393485384,90.75,0.09,buy,False,2022-11-09T20:03:47.438766+00:00
133,5393485383,90.28,0.09,buy,False,2022-11-09T20:03:47.438766+00:00
134,5393485382,89.81,0.09,buy,False,2022-11-09T20:03:47.438766+00:00
135,5393485381,89.34,0.09,buy,False,2022-11-09T20:03:47.438766+00:00
136,5393485380,88.87,0.09,buy,False,2022-11-09T20:03:47.438766+00:00
137,5393485379,88.4,0.09,buy,False,2022-11-09T20:03:47.438766+00:00
138,5393485378,87.92,0.09,buy,False,2022-11-09T20:03:47.438766+00:00
139,5393485377,87.45,0.09,buy,False,2022-11-09T20:03:47.438766+00:00
140,5393485376,86.98,0.09,buy,False,2022-11-09T20:03:47.438766+00:00
141,5393485375,86.51,0.09,buy,False,2022-11-09T20:03:47.438766+00:00
142,5393485374,86.04,0.09,buy,False,2022-11-09T20:03:47.438766+00:00
143,5393485373,85.57,0.09,buy,False,2022-11-09T20:03:47.438766+00:00
144,5393485372,85.09,0.09,buy,False,2022-11-09T20:03:47.438766+00:00
145,5393485371,84.62,0.09,buy,False,2022-11-09T20:03:47.438766+00:00
146,5393485370,84.15,0.09,buy,False,2022-11-09T20:03:47.438766+00:00
147,5393485369,83.82,0.48,buy,False,2022-11-09T20:03:47.438766+00:00
148,5393485368,83.68,0.09,buy,False,2022-11-09T20:03:47.438766+00:00
149,5393485367,83.54,0.48,buy,False,2022-11-09T20:03:47.438766+00:00
150,5393485366,83.26,0.49,buy,False,2022-11-09T20:03:47.438766+00:00
151,5393485365,83.25,1.93,buy,False,2022-11-09T20:03:47.438766+00:00
152,5393485364,83.21,0.09,buy,False,2022-11-09T20:03:47.438766+00:00
153,5393485363,82.97,0.49,buy,False,2022-11-09T20:03:47.438766+00:00
154,5393485362,82.74,0.09,buy,False,2022-11-09T20:03:47.438766+00:00
155,5393485361,82.69,0.49,buy,False,2022-11-09T20:03:47.438766+00:00
156,5393474763,82.5,0.49,sell,False,2022-11-09T20:02:43.433736+00:00
157,5393474657,82.5,0.49,sell,False,2022-11-09T20:02:42.878775+00:00
158,5393472938,82.5,0.49,sell,False,2022-11-09T20:02:35.892113+00:00
159,5393472863,82.5,0.5,sell,False,2022-11-09T20:02:35.443940+00:00
160,5393472761,82.5,0.5,sell,False,2022-11-09T20:02:34.801344+00:00
161,5393472660,82.5,0.5,sell,False,2022-11-09T20:02:34.222698+00:00
162,5393472493,82.5,0.5,sell,False,2022-11-09T20:02:33.670631+00:00
163,5393470488,82.5,0.5,sell,False,2022-11-09T20:02:25.700529+00:00
164,5393470421,82.5,0.5,sell,False,2022-11-09T20:02:25.271956+00:00
165,5393470317,82.5,0.51,sell,False,2022-11-09T20:02:24.854858+00:00
166,5393470232,82.5,0.51,sell,False,2022-11-09T20:02:24.208939+00:00
167,5393470149,82.5,0.51,sell,False,2022-11-09T20:02:23.776872+00:00
168,5393467011,82.5,0.51,sell,False,2022-11-09T20:02:12.241044+00:00
169,5393466933,82.5,0.51,sell,False,2022-11-09T20:02:11.824876+00:00
170,5393466849,82.5,0.51,sell,False,2022-11-09T20:02:11.422154+00:00
171,5393466768,82.5,0.52,sell,False,2022-11-09T20:02:11.055617+00:00
172,5393466653,82.5,0.52,sell,False,2022-11-09T20:02:10.656629+00:00
173,5393464154,82.5,0.52,sell,False,2022-11-09T20:01:59.532682+00:00
174,5393464047,82.5,0.17,sell,False,2022-11-09T20:01:59.129866+00:00
175,5393464046,82.51,0.35,sell,False,2022-11-09T20:01:59.129866+00:00
176,5393463973,82.51,0.52,sell,False,2022-11-09T20:01:58.599889+00:00
177,5393463901,82.51,0.53,sell,False,2022-11-09T20:01:58.101182+00:00
178,5393463846,82.51,0.08,sell,False,2022-11-09T20:01:57.713856+00:00
179,5393463845,82.51,0.45,sell,False,2022-11-09T20:01:57.713856+00:00
180,5393462517,82.26,0.09,buy,False,2022-11-09T20:01:51.443125+00:00
181,5393462516,81.79,0.09,buy,False,2022-11-09T20:01:51.443125+00:00
182,5393462515,81.32,0.09,buy,False,2022-11-09T20:01:51.443125+00:00
183,5393462514,80.85,0.09,buy,False,2022-11-09T20:01:51.443125+00:00
184,5393462513,80.38,0.09,buy,False,2022-11-09T20:01:51.443125+00:00
185,5393462512,79.91,0.09,buy,False,2022-11-09T20:01:51.443125+00:00
186,5393462511,79.43,0.09,buy,False,2022-11-09T20:01:51.443125+00:00
187,5393462510,79.18,1.45,buy,False,2022-11-09T20:01:51.443125+00:00
188,5393462509,78.96,0.09,buy,False,2022-11-09T20:01:51.443125+00:00
189,5393462508,78.49,0.09,buy,False,2022-11-09T20:01:51.443125+00:00
190,5393462507,78.02,0.09,buy,False,2022-11-09T20:01:51.443125+00:00
191,5393462506,77.55,0.09,buy,False,2022-11-09T20:01:51.443125+00:00
192,5393462505,77.08,0.09,buy,False,2022-11-09T20:01:51.443125+00:00
193,5393462504,76.6,0.09,buy,False,2022-11-09T20:01:51.443125+00:00
194,5393462503,76.18,0.53,buy,False,2022-11-09T20:01:51.443125+00:00
195,5393462502,76.13,0.09,buy,False,2022-11-09T20:01:51.443125+00:00
196,5393462501,75.9,0.53,buy,False,2022-11-09T20:01:51.443125+00:00
197,5393462500,75.66,0.09,buy,False,2022-11-09T20:01:51.443125+00:00
198,5393462499,75.61,0.53,buy,False,2022-11-09T20:01:51.443125+00:00
199,5393462498,75.6,1.62,buy,False,2022-11-09T20:01:51.443125+00:00
200,5393462497,75.33,0.54,buy,False,2022-11-09T20:01:51.443125+00:00
201,5393462496,75.19,0.09,buy,False,2022-11-09T20:01:51.443125+00:00
202,5393462495,75.05,0.54,buy,False,2022-11-09T20:01:51.443125+00:00
203,5393436918,75.0,0.54,sell,False,2022-11-09T20:00:07.961369+00:00
204,5393436845,75.0,0.54,sell,False,2022-11-09T20:00:07.545988+00:00
205,5393436787,75.0,0.54,sell,False,2022-11-09T20:00:07.169108+00:00
206,5393435361,74.72,0.09,buy,False,2022-11-09T20:00:00.796921+00:00
207,5393435360,74.25,0.09,buy,False,2022-11-09T20:00:00.796921+00:00
208,5393435359,73.91,0.55,buy,False,2022-11-09T20:00:00.796921+00:00
209,5393435358,73.77,0.09,buy,False,2022-11-09T20:00:00.796921+00:00
210,5393435357,73.63,0.55,buy,False,2022-11-09T20:00:00.796921+00:00
211,5393435356,73.35,0.55,buy,False,2022-11-09T20:00:00.796921+00:00
212,5393435355,73.3,0.09,buy,False,2022-11-09T20:00:00.796921+00:00
213,5393435354,73.06,0.55,buy,False,2022-11-09T20:00:00.796921+00:00
214,5393435353,72.83,0.09,buy,False,2022-11-09T20:00:00.796921+00:00
215,5393435352,72.78,0.55,buy,False,2022-11-09T20:00:00.796921+00:00
216,5393435351,72.71,0.55,buy,False,2022-11-09T20:00:00.796921+00:00
217,5393435350,72.7,2.18,buy,False,2022-11-09T20:00:00.796921+00:00
218,5393435349,72.36,0.09,buy,False,2022-11-09T20:00:00.796921+00:00
219,5390977204,71.88,0.53,sell,False,2022-11-09T17:01:12.286609+00:00
220,5390977203,71.89,2.09,sell,False,2022-11-09T17:01:12.286609+00:00
221,5390977202,71.89,0.09,sell,False,2022-11-09T17:01:12.286609+00:00
222,5390796602,72.5,0.56,buy,False,2022-11-09T16:44:40.597519+00:00
223,5390778555,72.36,0.09,buy,False,2022-11-09T16:43:50.348066+00:00
224,5390766143,72.21,0.56,buy,False,2022-11-09T16:43:28.225832+00:00
225,5390733720,71.93,0.56,buy,False,2022-11-09T16:41:32.931948+00:00
226,5390722624,71.89,0.09,buy,False,2022-11-09T16:41:04.921351+00:00
227,5390699277,71.65,0.56,buy,False,2022-11-09T16:39:41.063584+00:00
228,5390485229,71.42,0.09,buy,False,2022-11-09T16:26:21.129926+00:00
229,5390474361,71.36,0.57,buy,False,2022-11-09T16:25:42.133809+00:00
230,5390251054,71.08,0.57,buy,False,2022-11-09T16:11:32.140524+00:00
231,5390174844,70.59,0.15,sell,False,2022-11-09T16:06:51.867675+00:00
232,5390161551,70.79,0.18,sell,False,2022-11-09T16:06:03.051369+00:00
233,5390150389,70.94,0.09,sell,False,2022-11-09T16:05:21.686769+00:00
234,5390138577,71.0,0.15,sell,False,2022-11-09T16:04:35.027094+00:00
235,5390136233,71.41,1.12,sell,False,2022-11-09T16:04:26.912107+00:00
236,5390105795,71.8,0.06,buy,False,2022-11-09T16:03:02.634361+00:00
237,5390105794,71.8,0.56,buy,False,2022-11-09T16:03:02.634361+00:00
238,5390105793,71.79,2.09,buy,False,2022-11-09T16:03:02.634361+00:00
239,5389480302,71.42,0.32,buy,False,2022-11-09T15:35:48.669815+00:00
240,5389478573,71.42,0.09,sell,False,2022-11-09T15:35:43.384470+00:00
241,5389467145,71.78,0.15,sell,False,2022-11-09T15:35:04.238810+00:00
242,5389447144,71.89,2.24,sell,False,2022-11-09T15:34:13.793793+00:00
243,5389447143,71.89,0.09,sell,False,2022-11-09T15:34:13.793793+00:00
244,5389309050,72.57,0.56,buy,False,2022-11-09T15:23:10.444863+00:00
245,5389260674,72.36,0.09,buy,False,2022-11-09T15:18:18.021737+00:00
246,5389260195,72.28,0.56,buy,False,2022-11-09T15:18:15.064339+00:00
247,5389243458,71.99,0.42,buy,False,2022-11-09T15:16:42.458461+00:00
248,5389234887,71.99,0.14,buy,False,2022-11-09T15:15:59.543184+00:00
249,5389219274,71.56,0.25,sell,False,2022-11-09T15:14:21.460334+00:00
250,5389214173,71.79,0.18,sell,False,2022-11-09T15:13:43.065740+00:00
251,5389207951,71.89,0.09,sell,False,2022-11-09T15:13:03.410658+00:00
252,5389201127,72.08,0.04,sell,False,2022-11-09T15:12:22.230025+00:00
253,5389193858,72.3,0.55,sell,False,2022-11-09T15:11:30.591644+00:00
254,5389097372,72.36,0.2,buy,False,2022-11-09T15:02:47.392960+00:00
255,5389088848,72.36,0.09,sell,False,2022-11-09T15:02:04.300863+00:00
256,5389082697,72.76,0.17,sell,False,2022-11-09T15:01:26.585277+00:00
257,5389073905,72.83,0.09,sell,False,2022-11-09T15:00:43.768992+00:00
258,5389070655,73.37,0.55,sell,False,2022-11-09T15:00:25.084593+00:00
259,5388958033,73.24,0.12,buy,False,2022-11-09T14:51:11.536432+00:00
260,5388947003,73.3,0.09,sell,False,2022-11-09T14:50:25.671025+00:00
261,5388934279,73.7,0.16,sell,False,2022-11-09T14:49:41.500981+00:00
262,5388925220,73.77,0.09,sell,False,2022-11-09T14:49:07.095733+00:00
263,5388912085,74.25,0.09,sell,False,2022-11-09T14:48:24.780617+00:00
264,5388897924,74.62,0.16,sell,False,2022-11-09T14:47:39.634892+00:00
265,5388895899,74.75,0.54,sell,False,2022-11-09T14:47:31.507857+00:00
266,5388767366,74.72,0.21,buy,False,2022-11-09T14:40:52.218757+00:00
267,5388762915,74.72,0.09,sell,False,2022-11-09T14:40:23.380108+00:00
268,5388749499,75.19,0.09,sell,False,2022-11-09T14:39:06.829823+00:00
269,5388739521,75.5,0.15,sell,False,2022-11-09T14:38:20.147787+00:00
270,5388731008,75.63,0.53,sell,False,2022-11-09T14:37:39.567018+00:00
271,5388694039,75.66,0.26,buy,False,2022-11-09T14:35:01.175760+00:00
272,5388686270,75.66,0.09,sell,False,2022-11-09T14:34:24.151619+00:00
273,5388678218,76.13,0.09,sell,False,2022-11-09T14:33:44.437954+00:00
274,5388667564,76.6,0.09,sell,False,2022-11-09T14:33:04.324975+00:00
275,5388660045,77.08,0.09,sell,False,2022-11-09T14:32:38.774146+00:00
276,5388646597,77.55,0.09,sell,False,2022-11-09T14:32:05.889765+00:00
277,5388638212,77.86,0.12,sell,False,2022-11-09T14:31:27.295999+00:00
278,5388217282,77.86,2.46,sell,False,2022-11-09T13:51:03.548203+00:00
279,5388217281,78.02,0.05,sell,False,2022-11-09T13:51:03.548203+00:00
280,5388036371,78.02,0.01,sell,False,2022-11-09T13:34:17.004470+00:00
281,5386877314,78.02,0.03,sell,False,2022-11-09T12:20:02.463160+00:00
282,5377346389,78.66,20.01,sell,False,2022-11-08T23:56:00.733530+00:00
283,5376864055,78.75,0.51,buy,False,2022-11-08T23:22:47.636457+00:00
284,5376826252,78.49,0.09,buy,False,2022-11-08T23:19:54.927040+00:00
285,5376825822,78.44,0.51,buy,False,2022-11-08T23:19:51.524657+00:00
286,5376786580,78.13,0.52,buy,False,2022-11-08T23:17:10.874634+00:00
287,5376785974,78.02,0.09,buy,False,2022-11-08T23:17:08.808295+00:00
288,5376782327,77.82,0.52,buy,False,2022-11-08T23:16:57.379133+00:00
289,5376689439,77.55,0.02,sell,False,2022-11-08T23:09:55.719064+00:00
290,5376182641,77.53,0.52,sell,False,2022-11-08T22:29:44.264262+00:00
291,5376180367,77.53,4.91,sell,False,2022-11-08T22:29:30.067891+00:00
292,5376180366,77.55,0.09,sell,False,2022-11-08T22:29:30.067891+00:00
293,5376180365,77.85,1.03,sell,False,2022-11-08T22:29:30.067891+00:00
294,5373899356,78.01,0.31,sell,False,2022-11-08T20:17:11.852559+00:00
295,5373460740,78.27,0.52,buy,False,2022-11-08T20:03:02.199685+00:00
296,5372873626,77.98,0.51,sell,False,2022-11-08T19:44:05.724552+00:00
297,5372816545,78.0,25.41,sell,False,2022-11-08T19:42:10.697901+00:00
298,5372816544,78.02,0.09,sell,False,2022-11-08T19:42:10.697901+00:00
299,5372657417,78.49,0.09,sell,False,2022-11-08T19:38:08.549825+00:00
300,5372411722,78.57,10.26,sell,False,2022-11-08T19:33:47.653441+00:00
301,5372287191,78.96,0.09,sell,False,2022-11-08T19:32:06.621848+00:00
302,5371992448,79.43,0.09,sell,False,2022-11-08T19:27:51.533360+00:00
303,5371568221,79.52,0.09,sell,False,2022-11-08T19:18:28.902440+00:00
304,5371505965,79.49,10.03,sell,False,2022-11-08T19:16:01.401660+00:00
305,5371443550,79.45,9.1,sell,False,2022-11-08T19:14:08.758044+00:00
306,5371443549,79.91,0.09,sell,False,2022-11-08T19:14:08.758044+00:00
307,5371164302,80.38,0.09,sell,False,2022-11-08T19:05:04.425319+00:00
308,5368904249,80.61,28.93,sell,True,2022-11-08T18:06:48.716249+00:00
309,5368904248,80.62,2.18,sell,True,2022-11-08T18:06:48.716249+00:00
310,5368878160,80.85,0.09,sell,True,2022-11-08T18:06:28.215777+00:00
311,5368667264,81.51,1.58,sell,False,2022-11-08T18:02:16.422378+00:00
312,5367752392,81.6,5.09,sell,False,2022-11-08T17:30:10.867590+00:00
313,5367713192,81.59,0.06,buy,False,2022-11-08T17:28:41.018196+00:00
314,5367485006,81.28,6.32,sell,False,2022-11-08T17:21:55.328866+00:00
315,5367296762,81.32,0.09,sell,False,2022-11-08T17:15:38.092660+00:00
316,5367114686,81.79,0.09,buy,False,2022-11-08T17:07:52.307939+00:00
317,5367109809,81.76,0.49,buy,False,2022-11-08T17:07:39.006128+00:00
318,5366468234,81.48,0.51,buy,False,2022-11-08T16:42:29.376078+00:00
319,5366468233,81.46,0.5,buy,False,2022-11-08T16:42:29.376078+00:00
320,5366453097,81.32,0.09,buy,False,2022-11-08T16:41:49.335027+00:00
321,5366400849,81.16,0.5,buy,False,2022-11-08T16:39:43.892073+00:00
322,5366357050,80.85,0.5,buy,False,2022-11-08T16:37:56.165135+00:00
323,5366357049,80.85,0.09,buy,False,2022-11-08T16:37:56.165135+00:00
324,5366148472,80.71,0.49,sell,False,2022-11-08T16:32:38.531096+00:00
325,5366148350,80.71,0.51,buy,False,2022-11-08T16:32:38.354059+00:00
326,5366048049,80.55,0.5,buy,False,2022-11-08T16:30:08.052935+00:00
327,5366041787,80.38,0.09,buy,False,2022-11-08T16:29:55.887124+00:00
328,5366025962,80.31,0.21,buy,False,2022-11-08T16:29:21.176093+00:00
329,5366014238,80.27,1.8,sell,False,2022-11-08T16:28:54.080662+00:00
330,5365880307,80.24,0.5,buy,False,2022-11-08T16:24:35.611168+00:00
331,5365861897,79.91,0.09,buy,False,2022-11-08T16:23:58.904642+00:00
332,5365233362,79.43,0.09,buy,False,2022-11-08T16:09:47.249291+00:00
333,5364804608,78.8,2.0,sell,False,2022-11-08T16:01:47.301128+00:00
334,5364100655,78.96,0.09,buy,False,2022-11-08T15:17:01.899054+00:00
335,5363853673,78.56,0.03,buy,False,2022-11-08T15:00:32.558203+00:00
336,5363815559,78.49,0.09,sell,False,2022-11-08T14:57:56.527064+00:00
337,5363724529,78.96,0.09,buy,False,2022-11-08T14:52:53.549314+00:00
338,5363572030,78.49,0.09,sell,False,2022-11-08T14:45:56.822125+00:00
339,5363558234,78.96,0.09,sell,False,2022-11-08T14:45:13.135604+00:00
340,5361680501,79.72,6.34,buy,False,2022-11-08T11:48:41.946004+00:00
341,5361680227,79.72,44.55,buy,False,2022-11-08T11:48:40.284013+00:00
342,5357202028,79.36,0.91,sell,False,2022-11-08T05:28:55.530728+00:00
343,5357202027,79.43,0.09,sell,False,2022-11-08T05:28:55.530728+00:00
344,5352962712,79.49,10.0,sell,False,2022-11-08T02:20:32.206665+00:00
345,5349571264,79.94,0.51,buy,False,2022-11-07T20:09:45.637605+00:00
346,5349505276,79.91,0.09,buy,False,2022-11-07T20:02:00.678003+00:00
347,5349093390,79.43,0.09,buy,False,2022-11-07T19:15:05.104223+00:00
348,5348910073,78.96,0.09,sell,False,2022-11-07T18:43:53.728342+00:00
349,5348802130,79.43,0.09,buy,False,2022-11-07T18:28:31.613801+00:00
350,5348578753,78.96,0.09,sell,False,2022-11-07T17:55:24.525813+00:00
351,5348176159,79.43,0.09,sell,False,2022-11-07T16:57:36.223069+00:00
352,5347960413,79.91,0.09,buy,False,2022-11-07T16:32:05.612446+00:00
353,5347921783,79.64,0.51,buy,False,2022-11-07T16:27:46.618172+00:00
354,5347883731,79.43,0.09,buy,False,2022-11-07T16:23:12.921183+00:00
355,5347875930,79.33,0.51,buy,False,2022-11-07T16:22:15.214715+00:00
356,5347690698,78.96,0.09,buy,False,2022-11-07T16:05:49.033633+00:00
357,5347393816,78.49,0.09,buy,False,2022-11-07T15:45:32.670639+00:00
358,5347302586,78.02,0.09,buy,False,2022-11-07T15:35:30.792328+00:00
359,5347199282,77.55,0.09,sell,False,2022-11-07T15:23:33.544972+00:00
360,5347162160,78.02,0.09,sell,False,2022-11-07T15:20:08.270365+00:00
361,5347075286,78.49,0.09,sell,False,2022-11-07T15:12:54.517051+00:00
362,5347005013,79.09,2.61,sell,False,2022-11-07T15:05:51.137160+00:00
363,5346953367,79.03,0.51,buy,False,2022-11-07T15:01:56.245974+00:00
364,5346951815,78.96,0.09,buy,False,2022-11-07T15:01:45.660103+00:00
365,5346943740,78.72,0.51,buy,False,2022-11-07T15:01:01.221730+00:00
366,5346932417,78.49,0.09,buy,False,2022-11-07T14:59:55.489010+00:00
367,5346722229,78.02,0.09,sell,False,2022-11-07T14:38:59.661032+00:00
368,5346604825,78.49,0.09,buy,False,2022-11-07T14:31:31.309193+00:00
369,5346600383,78.42,0.52,buy,False,2022-11-07T14:31:15.487173+00:00
370,5346598270,78.12,0.52,buy,False,2022-11-07T14:31:07.251863+00:00
371,5345183676,78.02,0.09,buy,False,2022-11-07T11:26:21.232328+00:00
372,5345182556,77.81,0.02,buy,False,2022-11-07T11:26:11.461183+00:00
373,5342473394,77.32,19.93,sell,False,2022-11-07T06:16:17.651764+00:00
374,5342244488,77.78,0.07,buy,False,2022-11-07T05:47:47.950706+00:00
375,5342244487,77.77,0.93,buy,False,2022-11-07T05:47:47.950706+00:00
376,5337873700,77.31,1.17,sell,False,2022-11-06T20:23:14.435766+00:00
377,5337232100,77.32,0.93,sell,False,2022-11-06T18:41:36.183095+00:00
378,5337104002,77.31,0.64,sell,False,2022-11-06T18:26:08.326484+00:00
379,5327590448,77.81,0.5,buy,False,2022-11-05T17:15:22.039670+00:00
380,5324746855,77.31,0.49,sell,False,2022-11-05T10:59:22.602630+00:00
381,5318296400,77.55,0.09,buy,False,2022-11-04T19:09:11.390947+00:00
382,5318268199,77.51,0.52,buy,False,2022-11-04T19:05:34.271425+00:00
383,5318106070,77.2,0.52,buy,False,2022-11-04T18:43:44.630936+00:00
384,5318063361,77.08,0.09,buy,False,2022-11-04T18:39:30.505670+00:00
385,5317956130,76.9,0.53,buy,False,2022-11-04T18:28:16.151913+00:00
386,5317878849,76.6,0.53,buy,False,2022-11-04T18:18:56.065745+00:00
387,5317878848,76.6,0.09,buy,False,2022-11-04T18:18:56.065745+00:00
388,5317863122,76.29,0.53,buy,False,2022-11-04T18:16:48.610430+00:00
389,5317746009,75.74,352.55,buy,False,2022-11-04T17:58:55.396746+00:00
390,5317743978,75.89,662.03,sell,False,2022-11-04T17:58:31.208267+00:00
391,5317743977,76.01,37.97,sell,False,2022-11-04T17:58:31.208267+00:00
392,5317743880,76.01,0.53,sell,False,2022-11-04T17:58:30.070455+00:00
393,5317742027,76.13,0.53,sell,False,2022-11-04T17:58:08.186885+00:00
394,5317742026,76.13,0.09,sell,False,2022-11-04T17:58:08.186885+00:00
395,5317669333,76.36,0.14,sell,False,2022-11-04T17:47:34.747333+00:00
396,5317669332,76.36,0.14,sell,False,2022-11-04T17:47:34.747333+00:00
397,5317669331,76.36,0.14,sell,False,2022-11-04T17:47:34.747333+00:00
398,5317630706,76.42,0.53,sell,False,2022-11-04T17:42:07.326581+00:00
399,5317626137,76.54,1.05,sell,False,2022-11-04T17:41:21.741808+00:00
400,5317625964,76.6,0.09,sell,False,2022-11-04T17:41:19.502404+00:00
401,5317421810,76.96,0.52,buy,False,2022-11-04T17:11:16.078666+00:00
402,5317408175,76.65,0.53,buy,False,2022-11-04T17:10:03.688854+00:00
403,5317394325,76.93,2.08,sell,False,2022-11-04T17:09:06.556557+00:00
404,5317326826,77.08,0.09,sell,False,2022-11-04T17:02:09.500359+00:00
405,5316947653,77.65,0.52,buy,False,2022-11-04T16:18:47.283477+00:00
406,5316945137,77.55,0.09,buy,False,2022-11-04T16:18:35.313309+00:00
407,5316905924,77.34,0.52,buy,False,2022-11-04T16:15:49.875424+00:00
408,5316895085,77.08,0.09,buy,False,2022-11-04T16:14:52.964537+00:00
409,5316893315,77.04,0.52,buy,False,2022-11-04T16:14:44.207519+00:00
410,5316716446,76.6,0.09,sell,False,2022-11-04T16:04:07.961318+00:00
411,5316549188,76.75,0.52,sell,False,2022-11-04T15:54:05.293681+00:00
412,5316527441,76.96,0.52,sell,False,2022-11-04T15:52:59.943448+00:00
413,5316494335,77.08,0.09,sell,False,2022-11-04T15:51:20.517624+00:00
414,5316375036,77.25,0.52,sell,False,2022-11-04T15:42:31.448875+00:00
415,5316362410,77.44,4.14,sell,False,2022-11-04T15:41:37.816512+00:00
416,5316354887,77.55,0.09,sell,False,2022-11-04T15:41:01.522496+00:00
417,5316248089,78.02,0.09,sell,False,2022-11-04T15:31:33.261809+00:00
418,5315648156,78.78,0.51,buy,False,2022-11-04T14:41:21.793311+00:00
419,5315635413,78.49,0.09,buy,False,2022-11-04T14:40:51.929672+00:00
420,5315634505,78.48,0.51,buy,False,2022-11-04T14:40:47.285937+00:00
421,5315335386,78.17,0.52,buy,False,2022-11-04T14:23:47.437864+00:00
422,5315325411,78.02,0.09,buy,False,2022-11-04T14:23:40.702761+00:00
423,5315274618,77.86,0.52,buy,False,2022-11-04T14:22:48.638114+00:00
424,5315160952,77.56,0.52,buy,False,2022-11-04T14:16:26.090358+00:00
425,5315160951,77.55,0.09,buy,False,2022-11-04T14:16:26.090358+00:00
426,5315054210,77.25,0.52,buy,False,2022-11-04T14:12:25.189671+00:00
427,5315021075,76.95,0.52,buy,False,2022-11-04T14:09:23.816710+00:00
428,5315010384,76.66,0.52,sell,False,2022-11-04T14:08:01.740443+00:00
429,5315008741,76.89,2.62,sell,False,2022-11-04T14:07:50.256620+00:00
430,5315003094,77.08,0.09,sell,False,2022-11-04T14:07:14.049509+00:00
431,5314939663,77.77,0.52,buy,False,2022-11-04T14:00:44.108913+00:00
432,5314905387,77.55,0.09,buy,False,2022-11-04T13:56:39.101956+00:00
433,5314903603,77.46,0.52,buy,False,2022-11-04T13:56:32.386057+00:00
434,5314886601,77.16,0.52,buy,False,2022-11-04T13:54:49.062732+00:00
435,5314879773,77.08,0.09,buy,False,2022-11-04T13:54:06.902600+00:00
436,5314815673,76.85,0.53,buy,False,2022-11-04T13:49:06.103425+00:00
437,5314778526,76.54,0.53,buy,False,2022-11-04T13:45:15.544229+00:00
438,5314774831,76.54,0.52,sell,False,2022-11-04T13:45:03.621793+00:00
439,5314768978,76.6,0.09,sell,False,2022-11-04T13:44:50.164342+00:00
440,5314733894,76.8,0.52,buy,False,2022-11-04T13:41:43.013472+00:00
441,5314725953,77.07,1.04,sell,False,2022-11-04T13:40:59.957818+00:00
442,5314724936,77.08,0.09,sell,False,2022-11-04T13:40:54.263533+00:00
443,5314688263,77.49,0.52,buy,False,2022-11-04T13:37:10.529526+00:00
444,5314676026,77.2,0.1,sell,False,2022-11-04T13:36:02.500451+00:00
445,5314676025,77.2,0.14,sell,False,2022-11-04T13:36:02.500451+00:00
446,5314676024,77.2,0.14,sell,False,2022-11-04T13:36:02.500451+00:00
447,5314676023,77.2,0.14,sell,False,2022-11-04T13:36:02.500451+00:00
448,5314664230,77.55,0.09,sell,False,2022-11-04T13:35:00.752428+00:00
449,5314661178,78.02,0.09,sell,False,2022-11-04T13:34:39.722855+00:00
450,5314654723,78.21,3.6,sell,False,2022-11-04T13:34:01.820459+00:00
451,5314653766,78.49,0.09,sell,False,2022-11-04T13:33:56.638395+00:00
452,5314631339,78.96,0.09,sell,False,2022-11-04T13:32:16.744730+00:00
453,5314493561,79.43,0.09,buy,False,2022-11-04T13:21:31.519119+00:00
454,5314493470,79.41,0.51,buy,False,2022-11-04T13:21:30.896341+00:00
455,5314222334,79.1,0.51,buy,False,2022-11-04T13:01:59.150744+00:00
456,5314221186,78.96,0.09,buy,False,2022-11-04T13:01:56.058578+00:00
457,5312878260,78.79,0.51,buy,False,2022-11-04T11:15:12.115039+00:00
458,5311816839,78.49,0.09,buy,False,2022-11-04T09:00:14.259040+00:00
459,5311805304,78.48,0.51,buy,False,2022-11-04T08:58:52.637923+00:00
460,5311291475,78.17,0.52,buy,False,2022-11-04T08:00:01.715470+00:00
461,5311291474,78.02,0.08,buy,False,2022-11-04T08:00:01.715470+00:00
462,5309786033,78.02,0.01,buy,False,2022-11-04T05:00:01.540706+00:00
463,5307356966,77.86,0.52,buy,False,2022-11-03T23:53:38.720477+00:00
464,5307355941,77.55,0.43,buy,False,2022-11-03T23:53:23.385570+00:00
465,5307355938,77.55,0.09,sell,False,2022-11-03T23:53:23.318347+00:00
466,5307352078,78.02,0.09,sell,False,2022-11-03T23:52:45.794240+00:00
467,5307350695,78.23,1.54,sell,False,2022-11-03T23:52:34.506661+00:00
468,5305299660,78.81,0.51,buy,False,2022-11-03T18:16:00.055037+00:00
469,5305124378,78.5,0.51,buy,False,2022-11-03T17:54:53.257934+00:00
470,5304918413,78.15,0.43,sell,False,2022-11-03T17:22:03.298503+00:00
471,5304899933,78.49,0.09,sell,False,2022-11-03T17:19:26.412720+00:00
472,5304894174,78.63,1.53,sell,False,2022-11-03T17:18:43.727124+00:00
473,5304694676,79.22,0.51,buy,False,2022-11-03T16:47:04.067734+00:00
474,5304653140,79.0,300.0,buy,False,2022-11-03T16:40:59.524755+00:00
475,5304651927,78.88,28.43,buy,False,2022-11-03T16:40:47.298807+00:00
476,5304604037,78.84,24.12,buy,False,2022-11-03T16:33:26.463432+00:00
477,5304597336,78.94,672.74,buy,False,2022-11-03T16:32:12.217276+00:00
478,5304597335,78.82,27.26,buy,False,2022-11-03T16:32:12.217276+00:00
479,5304420962,78.9,0.51,buy,False,2022-11-03T16:06:20.039430+00:00
480,5304380667,78.61,0.51,sell,False,2022-11-03T16:02:05.175648+00:00
481,5304374184,78.65,0.51,sell,False,2022-11-03T16:01:17.479573+00:00
482,5304334981,78.92,0.51,buy,False,2022-11-03T15:54:00.278830+00:00
483,5304332179,78.92,6.13,sell,False,2022-11-03T15:53:28.197356+00:00
484,5304322964,78.96,0.09,sell,False,2022-11-03T15:51:46.311435+00:00
485,5304284629,79.19,2.94,sell,False,2022-11-03T15:45:23.052484+00:00
486,5304284628,79.31,36.0,sell,False,2022-11-03T15:45:23.052484+00:00
487,5304181754,79.43,0.09,sell,False,2022-11-03T15:31:11.212973+00:00
488,5304066361,79.91,0.09,sell,False,2022-11-03T15:14:49.216396+00:00
489,5304018065,80.38,0.09,sell,False,2022-11-03T15:08:17.828247+00:00
490,5303969229,80.91,0.5,buy,False,2022-11-03T15:03:04.047403+00:00
491,5303850769,80.85,0.09,buy,False,2022-11-03T14:48:47.133391+00:00
492,5303843524,80.6,0.5,buy,False,2022-11-03T14:47:57.389843+00:00
493,5303822078,80.38,0.09,buy,False,2022-11-03T14:45:27.016337+00:00
494,5303820156,80.29,0.5,buy,False,2022-11-03T14:45:19.603782+00:00
495,5303810990,79.98,0.51,buy,False,2022-11-03T14:44:11.900905+00:00
496,5303791650,79.91,0.09,buy,False,2022-11-03T14:41:53.241778+00:00
497,5303751624,79.43,0.09,sell,False,2022-11-03T14:36:48.710612+00:00
498,5303686910,79.91,0.09,buy,False,2022-11-03T14:28:59.062134+00:00
499,5303680032,79.67,0.51,buy,False,2022-11-03T14:28:09.869126+00:00
500,5303634729,79.43,0.09,buy,False,2022-11-03T14:23:21.914544+00:00
501,5303631151,79.36,0.51,buy,False,2022-11-03T14:22:58.990395+00:00
502,5303549192,79.05,0.51,buy,False,2022-11-03T14:15:32.050818+00:00
503,5303541885,78.96,0.09,buy,False,2022-11-03T14:15:15.184601+00:00
504,5303522787,78.74,0.51,buy,False,2022-11-03T14:14:15.904329+00:00
505,5303521550,78.67,0.52,buy,False,2022-11-03T14:14:12.093980+00:00
506,5303521109,78.49,0.09,buy,False,2022-11-03T14:14:10.547767+00:00
507,5303514766,78.43,0.52,buy,False,2022-11-03T14:13:43.261382+00:00
508,5303443761,78.12,0.52,buy,False,2022-11-03T14:04:48.389464+00:00
509,5303424737,78.02,0.09,buy,False,2022-11-03T14:03:17.189945+00:00
510,5303281457,77.81,0.52,buy,False,2022-11-03T13:49:10.595003+00:00
511,5303259068,77.5,0.52,buy,False,2022-11-03T13:46:30.374399+00:00
512,5303248066,77.55,0.09,sell,False,2022-11-03T13:45:46.927455+00:00
513,5303247782,77.58,1.56,sell,False,2022-11-03T13:45:46.123803+00:00
514,5303217791,78.16,0.52,buy,False,2022-11-03T13:43:04.040349+00:00
515,5303217416,78.02,0.09,buy,False,2022-11-03T13:43:00.711883+00:00
516,5303217113,77.85,0.52,buy,False,2022-11-03T13:42:57.624317+00:00
517,5303196256,77.55,0.09,sell,False,2022-11-03T13:41:04.712753+00:00
518,5303191224,77.56,0.52,sell,False,2022-11-03T13:40:27.197303+00:00
519,5303188308,77.65,1.56,sell,False,2022-11-03T13:40:05.020434+00:00
520,5303173548,78.23,0.52,buy,False,2022-11-03T13:38:17.675604+00:00
521,5302742198,77.92,0.52,buy,False,2022-11-03T12:45:02.265344+00:00
522,5302741195,77.63,0.52,sell,False,2022-11-03T12:44:46.046822+00:00
523,5302740319,77.75,0.51,sell,False,2022-11-03T12:44:31.100218+00:00
524,5302305367,78.01,0.13,sell,False,2022-11-03T11:52:30.886542+00:00
525,5302305366,78.01,0.13,sell,False,2022-11-03T11:52:30.886542+00:00
526,5302305365,78.01,0.13,sell,False,2022-11-03T11:52:30.886542+00:00
527,5302242512,78.02,0.42,buy,False,2022-11-03T11:48:08.136472+00:00
528,5302242496,78.02,0.09,sell,False,2022-11-03T11:48:07.992658+00:00
529,5302238490,78.34,1.02,sell,False,2022-11-03T11:47:55.144291+00:00
530,5302038908,78.53,0.51,buy,False,2022-11-03T11:30:52.758170+00:00
531,5301575630,78.49,0.09,sell,False,2022-11-03T10:31:52.918308+00:00
532,5301391944,79.0,0.49,buy,False,2022-11-03T10:04:42.378211+00:00
533,5296936975,79.05,6.32,buy,False,2022-11-02T21:29:42.939678+00:00
534,5296515232,78.96,0.09,buy,False,2022-11-02T20:31:29.756674+00:00
535,5296505674,78.77,0.12,buy,False,2022-11-02T20:30:47.569489+00:00
536,5296179103,78.77,0.13,buy,False,2022-11-02T20:10:44.342940+00:00
537,5296147420,78.77,0.13,buy,False,2022-11-02T20:07:40.484660+00:00
538,5296144611,78.77,0.13,buy,False,2022-11-02T20:07:12.279371+00:00
539,5296124796,78.42,0.34,buy,False,2022-11-02T20:04:53.780037+00:00
540,5296117312,78.49,0.09,sell,False,2022-11-02T20:04:03.148505+00:00
541,5296111957,78.61,0.08,sell,False,2022-11-02T20:03:28.607836+00:00
542,5296109283,79.22,3.05,sell,False,2022-11-02T20:03:12.495562+00:00
543,5296109224,79.91,0.09,sell,False,2022-11-02T20:03:11.822411+00:00
544,5296109142,79.43,0.09,sell,False,2022-11-02T20:03:11.295907+00:00
545,5296109114,78.96,0.09,sell,False,2022-11-02T20:03:10.886674+00:00
546,5296108585,80.49,0.1,buy,False,2022-11-02T20:03:06.536328+00:00
547,5296108584,80.38,0.09,buy,False,2022-11-02T20:03:06.536328+00:00
548,5296108583,80.28,0.5,buy,False,2022-11-02T20:03:06.536328+00:00
549,5296108582,79.97,0.51,buy,False,2022-11-02T20:03:06.536328+00:00
550,5296108581,79.94,0.25,buy,False,2022-11-02T20:03:06.536328+00:00
551,5296108580,79.91,0.09,buy,False,2022-11-02T20:03:06.536328+00:00
552,5296108579,79.65,0.51,buy,False,2022-11-02T20:03:06.536328+00:00
553,5296108578,79.43,0.09,buy,False,2022-11-02T20:03:06.536328+00:00
554,5296108577,79.34,0.51,buy,False,2022-11-02T20:03:06.536328+00:00
555,5296108576,79.02,0.51,buy,False,2022-11-02T20:03:06.536328+00:00
556,5296050368,78.71,0.38,buy,False,2022-11-02T19:58:43.868237+00:00
557,5296050359,78.71,0.13,sell,False,2022-11-02T19:58:43.684108+00:00
558,5296046040,78.78,0.51,sell,False,2022-11-02T19:58:03.603145+00:00
559,5296025369,78.96,0.09,sell,False,2022-11-02T19:55:03.425054+00:00
560,5296011420,79.05,0.51,buy,False,2022-11-02T19:53:34.601129+00:00
561,5295989963,79.09,0.51,sell,False,2022-11-02T19:52:09.392682+00:00
562,5295958363,79.48,0.13,buy,False,2022-11-02T19:48:57.191574+00:00
563,5295954256,79.38,0.42,sell,False,2022-11-02T19:48:25.315604+00:00
564,5295946934,79.43,0.09,sell,False,2022-11-02T19:47:44.664640+00:00
565,5295940083,79.46,1.02,sell,False,2022-11-02T19:46:59.533678+00:00
566,5295876320,80.01,54.68,buy,False,2022-11-02T19:40:42.906440+00:00
567,5295828315,79.9,0.51,buy,False,2022-11-02T19:37:07.679383+00:00
568,5295678259,79.6,0.51,sell,False,2022-11-02T19:28:44.652153+00:00
569,5295657825,79.77,0.5,sell,False,2022-11-02T19:28:11.011559+00:00
570,5295635195,79.91,0.09,sell,False,2022-11-02T19:27:40.936450+00:00
571,5295572099,80.07,0.5,sell,False,2022-11-02T19:25:48.226610+00:00
572,5295553295,80.24,0.5,sell,False,2022-11-02T19:24:52.871545+00:00
573,5295534776,80.38,0.09,sell,False,2022-11-02T19:24:06.970483+00:00
574,5295496017,80.51,0.5,buy,False,2022-11-02T19:21:35.522412+00:00
575,5295472326,80.66,0.5,sell,False,2022-11-02T19:20:37.363141+00:00
576,5295458200,80.85,0.09,sell,False,2022-11-02T19:19:58.779912+00:00
577,5295420142,80.94,0.5,buy,False,2022-11-02T19:17:28.015052+00:00
578,5295389838,81.32,0.09,sell,False,2022-11-02T19:15:28.616937+00:00
579,5295387448,81.35,0.98,sell,False,2022-11-02T19:15:21.798954+00:00
580,5295285047,81.79,0.49,buy,False,2022-11-02T19:08:47.879964+00:00
581,5294954825,81.46,0.49,buy,False,2022-11-02T18:52:17.805696+00:00
582,5294903536,81.79,0.09,sell,False,2022-11-02T18:51:15.771533+00:00
583,5294875892,82.26,0.09,sell,False,2022-11-02T18:50:32.867436+00:00
584,5294863247,82.42,4.89,sell,False,2022-11-02T18:49:58.819989+00:00
585,5294806341,82.74,0.09,sell,False,2022-11-02T18:46:42.763041+00:00
586,5294672411,83.21,0.09,buy,False,2022-11-02T18:42:10.494889+00:00
587,5294479902,82.74,0.09,sell,False,2022-11-02T18:37:50.485106+00:00
588,5294415913,83.21,0.09,sell,False,2022-11-02T18:36:47.776567+00:00
589,5294396871,83.68,0.09,sell,False,2022-11-02T18:36:29.761100+00:00
590,5294379233,84.15,0.09,buy,False,2022-11-02T18:35:58.886740+00:00
591,5294288213,83.68,0.09,sell,False,2022-11-02T18:31:53.405229+00:00
592,5294241544,84.17,0.48,buy,False,2022-11-02T18:30:00.503659+00:00
593,5294235683,84.15,0.09,buy,False,2022-11-02T18:29:33.799226+00:00
594,5294151776,83.54,46.05,sell,False,2022-11-02T18:24:17.864162+00:00
595,5293791433,83.85,0.48,buy,False,2022-11-02T18:07:17.075281+00:00
596,5293741889,83.68,0.09,buy,False,2022-11-02T18:06:20.080622+00:00
597,5293727741,83.52,0.48,buy,False,2022-11-02T18:06:00.406735+00:00
598,5293641216,83.21,0.09,buy,False,2022-11-02T18:03:17.144340+00:00
599,5293640530,83.2,0.49,buy,False,2022-11-02T18:03:16.430928+00:00
600,5293550774,82.87,0.49,buy,False,2022-11-02T18:01:52.747616+00:00
601,5293547157,82.74,0.09,buy,False,2022-11-02T18:01:50.157382+00:00
602,5293481928,82.55,0.49,buy,False,2022-11-02T18:01:06.980680+00:00
603,5293458950,82.26,0.09,buy,False,2022-11-02T18:00:50.871737+00:00
604,5293457874,82.22,0.49,buy,False,2022-11-02T18:00:50.179761+00:00
605,5293059857,81.9,0.49,buy,False,2022-11-02T17:17:13.936493+00:00
606,5292927391,81.79,0.09,buy,False,2022-11-02T16:58:22.240450+00:00
607,5292882427,81.57,0.5,buy,False,2022-11-02T16:52:15.457345+00:00
608,5292766202,81.26,0.41,sell,False,2022-11-02T16:36:25.771700+00:00
609,5292762294,81.32,0.09,sell,False,2022-11-02T16:35:42.882594+00:00
610,5292758867,81.51,0.49,sell,False,2022-11-02T16:34:59.567454+00:00
611,5292521657,81.79,0.4,buy,False,2022-11-02T15:48:02.752143+00:00
612,5292521650,81.79,0.09,sell,False,2022-11-02T15:48:02.505677+00:00
613,5292519497,81.95,2.45,sell,False,2022-11-02T15:47:22.649615+00:00
614,5292386351,82.26,0.09,sell,False,2022-11-02T15:13:40.421787+00:00
615,5292243316,82.88,0.49,buy,False,2022-11-02T14:45:36.074072+00:00
616,5292209527,82.74,0.09,buy,False,2022-11-02T14:39:24.211622+00:00
617,5291904397,82.55,0.49,buy,False,2022-11-02T13:46:05.639435+00:00
618,5291899947,82.32,0.03,buy,False,2022-11-02T13:45:32.382000+00:00
619,5291847434,82.26,0.09,buy,False,2022-11-02T13:36:12.212516+00:00
620,5291847433,82.23,0.49,buy,False,2022-11-02T13:36:12.212516+00:00
621,5291842844,81.9,0.49,buy,False,2022-11-02T13:35:54.131237+00:00
622,5291832077,81.35,0.31,sell,False,2022-11-02T13:34:22.621744+00:00
623,5291815013,81.79,0.09,sell,False,2022-11-02T13:32:28.289072+00:00
624,5291805883,82.26,0.09,sell,False,2022-11-02T13:31:52.721011+00:00
625,5291803862,82.49,0.52,sell,False,2022-11-02T13:31:38.893462+00:00
626,5291357533,82.74,0.09,sell,False,2022-11-02T12:08:26.948381+00:00
627,5285563994,83.09,0.03,buy,False,2022-11-01T20:15:41.649676+00:00
628,5285477655,82.78,0.49,sell,False,2022-11-01T19:56:03.591296+00:00
629,5285472050,82.9,1.46,sell,False,2022-11-01T19:54:40.758996+00:00
630,5285358953,83.21,0.09,sell,False,2022-11-01T19:29:38.022371+00:00
631,5285010878,83.68,0.09,buy,False,2022-11-01T18:10:23.915713+00:00
632,5284661826,83.52,0.48,buy,False,2022-11-01T16:59:35.468995+00:00
633,5284581006,83.19,0.49,buy,False,2022-11-01T16:45:24.065761+00:00
634,5284541241,82.88,0.49,sell,False,2022-11-01T16:37:24.504756+00:00
635,5284535075,83.09,0.48,sell,False,2022-11-01T16:36:28.965342+00:00
636,5284529846,83.21,0.09,sell,False,2022-11-01T16:36:05.971011+00:00
637,5284482810,83.4,0.48,sell,False,2022-11-01T16:30:23.054565+00:00
638,5284474505,83.48,1.44,sell,False,2022-11-01T16:29:37.848603+00:00
639,5284334351,84.1,0.48,buy,False,2022-11-01T16:06:32.298825+00:00
640,5284323757,83.77,0.48,buy,False,2022-11-01T16:05:33.805404+00:00
641,5284200926,83.43,0.45,buy,False,2022-11-01T15:40:14.869130+00:00
642,5284200919,83.43,0.03,sell,False,2022-11-01T15:40:14.720135+00:00
643,5284199045,83.49,0.96,sell,False,2022-11-01T15:39:55.321357+00:00
644,5283908752,83.94,0.48,buy,False,2022-11-01T14:46:09.964899+00:00
645,5283882590,83.63,0.48,sell,False,2022-11-01T14:41:54.780056+00:00
646,5283878078,83.68,0.09,sell,False,2022-11-01T14:41:15.068442+00:00
647,5283876839,83.77,1.44,sell,False,2022-11-01T14:41:06.903883+00:00
648,5283742150,84.39,0.48,buy,False,2022-11-01T14:21:29.174337+00:00
649,5283737729,84.15,0.09,buy,False,2022-11-01T14:20:59.851646+00:00
650,5283707468,84.06,0.48,buy,False,2022-11-01T14:17:29.636285+00:00
651,5283653363,83.68,0.09,sell,False,2022-11-01T14:12:27.144813+00:00
652,5283631270,83.72,0.48,buy,False,2022-11-01T14:10:18.030553+00:00
653,5283620544,83.93,5.28,sell,False,2022-11-01T14:09:23.344496+00:00
654,5283605166,84.15,0.09,sell,False,2022-11-01T14:07:58.384582+00:00
655,5283560701,84.62,0.09,sell,False,2022-11-01T14:03:30.730991+00:00
656,5283518409,85.09,0.09,sell,False,2022-11-01T14:00:21.000822+00:00
657,5283444631,85.57,0.09,buy,False,2022-11-01T13:52:24.004288+00:00
658,5283398001,85.09,0.09,sell,False,2022-11-01T13:48:30.408347+00:00
659,5283306798,85.57,0.09,buy,False,2022-11-01T13:44:58.700196+00:00
660,5283239144,85.09,0.09,sell,False,2022-11-01T13:38:28.241536+00:00
661,5283220702,85.88,0.47,buy,False,2022-11-01T13:35:47.781834+00:00
662,5283215510,85.57,0.09,buy,False,2022-11-01T13:35:05.407847+00:00
663,5283215400,85.55,0.47,buy,False,2022-11-01T13:35:04.180492+00:00
664,5283173056,85.22,0.47,buy,False,2022-11-01T13:30:14.193737+00:00
665,5283172479,85.09,0.09,buy,False,2022-11-01T13:30:09.454063+00:00
666,5282874793,84.89,0.48,buy,False,2022-11-01T12:33:48.474643+00:00
667,5282473992,84.62,0.09,buy,False,2022-11-01T11:29:43.863317+00:00
668,5282411512,84.56,0.48,buy,False,2022-11-01T11:21:14.897192+00:00
669,5281994227,84.23,0.48,buy,False,2022-11-01T10:31:34.282595+00:00
670,5281979283,84.15,0.09,buy,False,2022-11-01T10:29:31.346757+00:00
671,5280135747,83.53,0.01,buy,False,2022-11-01T05:46:12.707785+00:00
672,5276684415,83.38,0.01,buy,False,2022-10-31T19:59:48.713097+00:00
673,5276611859,83.68,0.01,buy,False,2022-10-31T19:47:22.854364+00:00
674,5276611858,83.68,0.09,buy,False,2022-10-31T19:47:22.854364+00:00
675,5276608653,83.64,0.01,buy,False,2022-10-31T19:46:46.733400+00:00
676,5276558800,83.6,0.01,buy,False,2022-10-31T19:37:05.105141+00:00
677,5276536269,83.56,0.01,buy,False,2022-10-31T19:32:39.125444+00:00
678,5276482088,83.46,0.01,buy,False,2022-10-31T19:22:11.002969+00:00
679,5276469698,83.4,0.01,buy,False,2022-10-31T19:19:32.320770+00:00
680,5276437532,83.3,0.01,buy,False,2022-10-31T19:13:56.422635+00:00
681,5276419369,83.23,0.01,buy,False,2022-10-31T19:10:48.664893+00:00
682,5276407502,83.21,0.09,sell,False,2022-10-31T19:09:22.593412+00:00
683,5276300453,83.58,0.01,buy,False,2022-10-31T18:52:45.809687+00:00
684,5276262763,83.66,0.01,buy,False,2022-10-31T18:46:11.662856+00:00
685,5276215905,83.64,0.01,buy,False,2022-10-31T18:38:26.075339+00:00
686,5276201855,83.53,0.02,buy,False,2022-10-31T18:36:37.522754+00:00
687,5276176857,83.45,0.02,buy,False,2022-10-31T18:33:11.747207+00:00
688,5274903896,83.9,0.48,buy,False,2022-10-31T15:54:45.315169+00:00
689,5274732465,83.68,0.09,buy,False,2022-10-31T15:33:40.915249+00:00
690,5274691412,83.57,0.48,buy,False,2022-10-31T15:28:16.218364+00:00
691,5274337934,83.24,0.49,buy,False,2022-10-31T14:52:05.402441+00:00
692,5274337164,83.21,0.09,buy,False,2022-10-31T14:51:59.999556+00:00
693,5274259617,82.91,0.49,buy,False,2022-10-31T14:44:50.210461+00:00
694,5274046779,82.57,0.49,buy,False,2022-10-31T14:31:34.377405+00:00
695,5274043305,82.67,3.89,sell,False,2022-10-31T14:31:26.079512+00:00
696,5274041461,82.74,0.09,sell,False,2022-10-31T14:31:19.546577+00:00
697,5273949552,83.21,0.09,sell,False,2022-10-31T14:23:53.699533+00:00
698,5273695818,83.68,0.09,sell,False,2022-10-31T14:06:48.519928+00:00
699,5273686494,83.79,0.02,sell,False,2022-10-31T14:06:19.935516+00:00
700,5273593094,84.03,0.02,sell,False,2022-10-31T14:01:30.746665+00:00
701,5273562917,84.21,0.28,buy,False,2022-10-31T14:00:41.856625+00:00
702,5273562916,84.15,0.09,buy,False,2022-10-31T14:00:41.856625+00:00
703,5273519254,83.79,0.02,sell,False,2022-10-31T14:00:01.297969+00:00
704,5273407497,83.67,0.02,sell,False,2022-10-31T13:57:30.552786+00:00
705,5273328513,83.74,0.02,sell,False,2022-10-31T13:54:48.908576+00:00
706,5273315707,83.72,0.02,sell,False,2022-10-31T13:53:51.001731+00:00
707,5273295864,83.45,0.02,sell,False,2022-10-31T13:52:21.861843+00:00
708,5273251520,83.5,0.02,sell,False,2022-10-31T13:49:59.702317+00:00
709,5273207366,83.45,0.02,sell,False,2022-10-31T13:46:43.033244+00:00
710,5273196478,83.68,0.02,sell,False,2022-10-31T13:45:52.844488+00:00
711,5273196477,83.68,0.09,sell,False,2022-10-31T13:45:52.844488+00:00
712,5273192186,83.81,0.02,sell,False,2022-10-31T13:45:26.120341+00:00
713,5273177762,83.78,0.02,sell,False,2022-10-31T13:43:57.398298+00:00
714,5273165535,83.97,0.02,sell,False,2022-10-31T13:42:41.707973+00:00
715,5273163973,84.06,0.02,sell,False,2022-10-31T13:42:31.618433+00:00
716,5273149932,83.86,0.02,sell,False,2022-10-31T13:41:18.977441+00:00
717,5273140069,84.07,0.02,sell,False,2022-10-31T13:40:23.733309+00:00
718,5273121341,84.1,0.02,sell,False,2022-10-31T13:38:43.868586+00:00
719,5273099383,83.92,0.02,sell,False,2022-10-31T13:36:30.082096+00:00
720,5273092845,84.08,0.01,buy,False,2022-10-31T13:35:57.721560+00:00
721,5273060991,83.93,0.02,sell,False,2022-10-31T13:33:34.177210+00:00
722,5270624063,84.04,0.05,sell,False,2022-10-31T08:11:41.531868+00:00
723,5247541898,84.15,0.09,buy,False,2022-10-28T19:59:54.769004+00:00
724,5247541526,84.11,0.48,buy,False,2022-10-28T19:59:50.171522+00:00
725,5247322251,83.78,0.48,buy,False,2022-10-28T19:10:10.135226+00:00
726,5247255193,83.68,0.09,buy,False,2022-10-28T18:57:27.736295+00:00
727,5246203783,83.45,0.48,buy,False,2022-10-28T16:31:46.162259+00:00
728,5246085327,83.21,0.09,buy,False,2022-10-28T16:24:11.840606+00:00
729,5245678385,82.74,0.01,sell,False,2022-10-28T15:32:30.310332+00:00
730,5245678384,82.74,0.09,sell,False,2022-10-28T15:32:30.310332+00:00
731,5245609134,82.89,0.01,sell,False,2022-10-28T15:20:21.140599+00:00
732,5245590520,83.02,0.01,sell,False,2022-10-28T15:17:03.272871+00:00
733,5245578934,83.13,0.01,sell,False,2022-10-28T15:15:45.436476+00:00
734,5245558520,83.26,0.01,sell,False,2022-10-28T15:13:13.722050+00:00
735,5245530809,83.21,0.09,buy,False,2022-10-28T15:10:44.611937+00:00
736,5245494243,83.11,0.01,sell,False,2022-10-28T15:05:33.901860+00:00
737,5245461790,83.18,0.01,sell,False,2022-10-28T15:01:41.971595+00:00
738,5245426070,83.09,0.01,sell,False,2022-10-28T14:56:26.085773+00:00
739,5245396922,83.14,0.01,sell,False,2022-10-28T14:51:43.908247+00:00
740,5245384250,83.12,0.49,buy,False,2022-10-28T14:49:51.253685+00:00
741,5245334220,82.8,0.49,buy,False,2022-10-28T14:44:05.232620+00:00
742,5245320374,82.72,0.01,sell,False,2022-10-28T14:41:33.661826+00:00
743,5245313222,82.74,0.09,buy,False,2022-10-28T14:40:16.774462+00:00
744,5245284447,82.53,0.01,sell,False,2022-10-28T14:35:00.174744+00:00
745,5245275009,82.69,0.01,sell,False,2022-10-28T14:33:23.330567+00:00
746,5245237167,82.42,0.01,sell,False,2022-10-28T14:28:05.138654+00:00
747,5245235313,82.54,0.01,sell,False,2022-10-28T14:27:45.494481+00:00
748,5245223037,82.47,0.49,buy,False,2022-10-28T14:26:21.669604+00:00
749,5245188883,82.14,0.01,sell,False,2022-10-28T14:22:03.637880+00:00
750,5245182516,82.24,0.01,sell,False,2022-10-28T14:21:00.502997+00:00
751,5245174755,82.21,0.01,sell,False,2022-10-28T14:20:08.248963+00:00
752,5245147883,82.2,0.01,sell,False,2022-10-28T14:16:46.282614+00:00
753,5245134811,82.14,0.49,buy,False,2022-10-28T14:15:21.275621+00:00
754,5245107484,81.81,0.48,buy,False,2022-10-28T14:12:43.564732+00:00
755,5245107470,81.83,0.01,sell,False,2022-10-28T14:12:43.440309+00:00
756,5245102422,82.16,0.01,sell,False,2022-10-28T14:12:27.187814+00:00
757,5245102421,82.16,3.91,sell,False,2022-10-28T14:12:27.187814+00:00
758,5245097448,82.26,0.01,sell,False,2022-10-28T14:12:07.605323+00:00
759,5245097447,82.26,0.09,sell,False,2022-10-28T14:12:07.605323+00:00
760,5245081728,82.46,0.01,sell,False,2022-10-28T14:10:59.568442+00:00
761,5245072718,82.57,0.01,sell,False,2022-10-28T14:10:16.386956+00:00
762,5245058537,82.65,0.01,sell,False,2022-10-28T14:09:04.272589+00:00
763,5245049689,82.86,0.01,sell,False,2022-10-28T14:08:27.950840+00:00
764,5245022007,82.79,0.01,sell,False,2022-10-28T14:06:09.964663+00:00
765,5245018177,82.91,0.01,sell,False,2022-10-28T14:05:43.132377+00:00
766,5244984448,82.55,0.01,sell,False,2022-10-28T14:03:07.429691+00:00
767,5244979614,82.74,0.01,sell,False,2022-10-28T14:02:51.986459+00:00
768,5244979613,82.74,0.09,sell,False,2022-10-28T14:02:51.986459+00:00
769,5244971772,83.08,0.01,sell,False,2022-10-28T14:02:10.309328+00:00
770,5244970282,83.25,0.01,sell,False,2022-10-28T14:02:02.552648+00:00
771,5244960769,83.52,0.01,sell,False,2022-10-28T14:01:05.630327+00:00
772,5244957712,83.59,0.48,buy,False,2022-10-28T14:00:50.672877+00:00
773,5244944865,83.21,0.09,buy,False,2022-10-28T14:00:00.361505+00:00
774,5244919746,82.88,0.01,sell,False,2022-10-28T13:56:27.969524+00:00
775,5244906328,82.96,0.01,sell,False,2022-10-28T13:54:39.903996+00:00
776,5244891046,82.73,0.01,sell,False,2022-10-28T13:52:27.527586+00:00
777,5244877841,82.41,0.01,sell,False,2022-10-28T13:50:54.097953+00:00
778,5244870594,82.65,0.01,sell,False,2022-10-28T13:50:04.500493+00:00
779,5244862444,82.74,0.01,sell,False,2022-10-28T13:49:02.890268+00:00
780,5244862443,82.74,0.09,sell,False,2022-10-28T13:49:02.890268+00:00
781,5244859550,82.88,0.01,sell,False,2022-10-28T13:48:42.906718+00:00
782,5244839427,82.95,0.01,sell,False,2022-10-28T13:46:48.053514+00:00
783,5244836582,83.18,0.02,sell,False,2022-10-28T13:46:34.042019+00:00
784,5244824062,83.29,0.02,sell,False,2022-10-28T13:45:37.716804+00:00
785,5244813435,83.35,0.02,sell,False,2022-10-28T13:44:28.330997+00:00
786,5244783498,83.29,0.02,sell,False,2022-10-28T13:42:03.390637+00:00
787,5244778453,83.27,0.49,buy,False,2022-10-28T13:41:29.871894+00:00
788,5244778148,83.21,0.09,buy,False,2022-10-28T13:41:28.158684+00:00
789,5244767535,82.94,0.49,buy,False,2022-10-28T13:40:18.295573+00:00
790,5244766351,82.74,0.09,buy,False,2022-10-28T13:40:13.900426+00:00
791,5244753961,82.61,0.49,buy,False,2022-10-28T13:38:56.695805+00:00
792,5244750677,82.4,0.02,sell,False,2022-10-28T13:38:37.253072+00:00
793,5244717520,82.46,0.02,sell,False,2022-10-28T13:35:57.736147+00:00
794,5244302316,82.15,0.02,sell,False,2022-10-28T13:00:07.767336+00:00
795,5243996542,82.29,0.39,buy,False,2022-10-28T12:30:37.521393+00:00
796,5243936304,81.91,0.02,sell,False,2022-10-28T12:30:09.281029+00:00
797,5243724972,82.12,0.02,sell,False,2022-10-28T11:56:13.596744+00:00
798,5242914987,82.07,0.01,sell,False,2022-10-28T09:11:43.824414+00:00
799,5242911009,82.18,0.01,buy,False,2022-10-28T09:11:01.365305+00:00
800,5241927435,82.23,0.02,sell,False,2022-10-28T06:49:30.087205+00:00
801,5241009331,82.29,0.1,buy,False,2022-10-28T03:11:06.099640+00:00
802,5239150780,82.26,0.09,buy,False,2022-10-27T22:11:56.209446+00:00
803,5238698992,81.96,0.49,buy,False,2022-10-27T20:41:21.619636+00:00
804,5238608420,81.64,0.49,buy,False,2022-10-27T20:33:59.197941+00:00
805,5238567996,81.34,0.49,sell,False,2022-10-27T20:31:46.578492+00:00
806,5238550934,81.67,0.49,sell,False,2022-10-27T20:30:59.984565+00:00
807,5238330304,81.79,0.09,sell,False,2022-10-27T20:21:29.887337+00:00
808,5238035990,81.98,0.49,sell,False,2022-10-27T20:03:21.895133+00:00
809,5238022666,82.2,0.49,sell,False,2022-10-27T20:02:39.275147+00:00
810,5238021409,82.26,0.09,sell,False,2022-10-27T20:02:36.191361+00:00
811,5237929812,82.52,0.49,sell,False,2022-10-27T19:56:03.624280+00:00
812,5237922553,82.6,0.98,sell,False,2022-10-27T19:54:45.737346+00:00
813,5237559742,82.74,0.09,sell,False,2022-10-27T18:50:24.595935+00:00
814,5237087280,83.21,0.09,buy,False,2022-10-27T17:15:04.578802+00:00
815,5236778883,82.74,0.09,sell,False,2022-10-27T16:28:55.116730+00:00
816,5236566489,83.05,0.49,buy,False,2022-10-27T16:01:42.194045+00:00
817,5236554663,82.75,0.49,sell,False,2022-10-27T16:00:34.564317+00:00
818,5236549545,82.92,0.49,sell,False,2022-10-27T15:59:53.720558+00:00
819,5236488120,83.21,0.4,buy,False,2022-10-27T15:52:32.033498+00:00
820,5236486455,83.21,0.09,sell,False,2022-10-27T15:52:06.084670+00:00
821,5236480119,83.27,3.87,sell,False,2022-10-27T15:51:06.443131+00:00
822,5236300549,83.68,0.09,sell,False,2022-10-27T15:27:36.664714+00:00
823,5236173141,84.15,0.09,buy,False,2022-10-27T15:09:03.210722+00:00
824,5236098272,83.68,0.09,sell,False,2022-10-27T14:59:50.756220+00:00
825,5235960461,84.15,0.09,sell,False,2022-10-27T14:41:10.373414+00:00
826,5235821586,84.72,0.48,buy,False,2022-10-27T14:25:33.061211+00:00
827,5235792522,84.62,0.09,buy,False,2022-10-27T14:20:58.171579+00:00
828,5235759919,84.39,0.48,buy,False,2022-10-27T14:16:46.046679+00:00
829,5235734868,84.15,0.09,buy,False,2022-10-27T14:14:14.728271+00:00
830,5235725258,84.06,0.48,buy,False,2022-10-27T14:13:31.658342+00:00
831,5235705565,83.73,0.48,buy,False,2022-10-27T14:12:52.223575+00:00
832,5235703847,83.68,0.09,buy,False,2022-10-27T14:12:49.797109+00:00
833,5235644705,83.4,0.48,buy,False,2022-10-27T14:05:35.803591+00:00
834,5235640076,83.21,0.09,buy,False,2022-10-27T14:05:16.100216+00:00
835,5235633839,83.07,0.49,buy,False,2022-10-27T14:04:52.244957+00:00
836,5235548287,82.74,0.49,buy,False,2022-10-27T13:58:06.895450+00:00
837,5235524791,82.44,0.49,sell,False,2022-10-27T13:56:32.554003+00:00
838,5235521763,82.69,0.49,sell,False,2022-10-27T13:56:20.576527+00:00
839,5235515108,82.74,0.09,sell,False,2022-10-27T13:56:08.604889+00:00
840,5235459491,82.98,0.49,buy,False,2022-10-27T13:52:28.884349+00:00
841,5235439481,83.19,2.42,sell,False,2022-10-27T13:51:42.102470+00:00
842,5235438364,83.21,0.09,sell,False,2022-10-27T13:51:35.978474+00:00
843,5235410127,83.68,0.09,sell,False,2022-10-27T13:49:42.151912+00:00
844,5235366036,84.15,0.48,buy,False,2022-10-27T13:45:00.227318+00:00
845,5235366035,84.15,0.09,buy,False,2022-10-27T13:45:00.227318+00:00
846,5235317599,83.68,0.09,buy,False,2022-10-27T13:39:27.778807+00:00
847,5235286653,83.21,0.09,sell,False,2022-10-27T13:35:57.002517+00:00
848,5235145254,83.81,0.48,buy,False,2022-10-27T13:17:46.468964+00:00
849,5235144405,83.68,0.09,buy,False,2022-10-27T13:17:38.389687+00:00
850,5231815786,83.36,0.99,sell,False,2022-10-27T05:08:02.184208+00:00
851,5230169173,83.48,0.48,buy,False,2022-10-27T00:21:54.452472+00:00
852,5229635316,83.31,0.24,sell,False,2022-10-26T23:08:56.991033+00:00
853,5228675523,83.15,0.49,buy,False,2022-10-26T20:12:29.543586+00:00
854,5228675488,83.21,0.09,buy,False,2022-10-26T20:12:29.001856+00:00
855,5228674721,82.74,0.31,buy,False,2022-10-26T20:12:22.250928+00:00
856,5228674719,82.74,0.09,sell,False,2022-10-26T20:12:22.185438+00:00
857,5228668884,83.21,0.09,sell,False,2022-10-26T20:11:46.684320+00:00
858,5228362902,83.68,0.09,buy,False,2022-10-26T19:33:08.442186+00:00
859,5227684491,83.21,0.09,buy,False,2022-10-26T17:43:01.406717+00:00
860,5227619374,82.74,0.09,sell,False,2022-10-26T17:32:26.434774+00:00
861,5227378542,83.21,0.09,sell,False,2022-10-26T17:01:09.032722+00:00
862,5227270200,83.68,0.09,sell,False,2022-10-26T16:49:15.824001+00:00
863,5227173017,84.15,0.09,sell,False,2022-10-26T16:38:41.225240+00:00
864,5226708846,84.62,0.09,sell,False,2022-10-26T15:45:52.454938+00:00
865,5226038622,85.09,0.09,buy,False,2022-10-26T14:40:36.412361+00:00
866,5225983935,84.7,31.77,buy,False,2022-10-26T14:36:30.977239+00:00
867,5225961279,84.62,0.09,buy,False,2022-10-26T14:34:35.083754+00:00
868,5225772595,84.15,0.09,sell,False,2022-10-26T14:20:52.732633+00:00
869,5225451831,84.62,0.09,sell,False,2022-10-26T14:11:00.259733+00:00
870,5225329792,85.09,0.09,buy,False,2022-10-26T14:01:05.659473+00:00
871,5225318741,84.62,0.09,buy,False,2022-10-26T14:00:34.416490+00:00
872,5225290943,84.15,0.09,sell,False,2022-10-26T13:58:53.171952+00:00
873,5225213811,84.62,0.09,buy,False,2022-10-26T13:49:30.166294+00:00
874,5225146684,84.15,0.09,sell,False,2022-10-26T13:43:09.923282+00:00
875,5225073392,84.92,2.96,buy,False,2022-10-26T13:38:11.639167+00:00
876,5225059389,84.62,0.09,buy,False,2022-10-26T13:37:36.700665+00:00
877,5225049321,84.37,2.98,buy,False,2022-10-26T13:36:50.513893+00:00
878,5225048365,84.15,0.09,buy,False,2022-10-26T13:36:40.393491+00:00
879,5225043606,83.99,2.08,buy,False,2022-10-26T13:36:03.949374+00:00
880,5225042622,83.68,0.09,buy,False,2022-10-26T13:35:57.781445+00:00
881,5225034209,83.21,0.09,buy,False,2022-10-26T13:35:01.309775+00:00
882,5225014007,82.74,0.09,buy,False,2022-10-26T13:32:44.145737+00:00
883,5224651131,82.26,0.09,sell,False,2022-10-26T12:39:50.796914+00:00
884,5223574565,82.74,0.09,buy,False,2022-10-26T09:34:06.590628+00:00
885,5222827673,83.0,7.2,sell,False,2022-10-26T08:11:44.174778+00:00
886,5222019931,82.22,0.01,sell,False,2022-10-26T06:04:56.775683+00:00
887,5220779033,82.4,0.01,buy,False,2022-10-26T01:41:53.247308+00:00
888,5218713880,83.04,0.04,sell,False,2022-10-25T20:13:01.206802+00:00
889,5214902540,83.26,0.15,buy,False,2022-10-25T15:37:17.666370+00:00
890,5210491013,73.37,0.89,sell,False,2022-10-24T23:31:55.268739+00:00
891,5202744260,80.74,0.3,sell,False,2022-10-23T19:33:25.291651+00:00
892,5197332199,80.61,4.36,sell,False,2022-10-22T17:29:41.583017+00:00
893,5197332198,80.62,0.38,sell,False,2022-10-22T17:29:41.583017+00:00
894,5191412174,78.16,0.04,buy,False,2022-10-21T15:00:30.667300+00:00
895,5188457569,79.46,0.1,sell,False,2022-10-21T07:06:50.412891+00:00
896,5186867062,74.42,0.06,sell,False,2022-10-20T23:47:53.937033+00:00
897,5186537932,79.79,0.34,buy,False,2022-10-20T22:21:36.745361+00:00
898,5183323609,76.58,3.0,buy,False,2022-10-20T11:47:40.482722+00:00
899,5178940732,76.19,0.02,buy,False,2022-10-19T18:25:59.067413+00:00
900,5174644904,79.24,0.04,buy,False,2022-10-19T03:03:43.203520+00:00
901,5172157582,78.17,0.76,sell,False,2022-10-18T17:56:25.834499+00:00
902,5170556043,80.28,0.68,buy,False,2022-10-18T13:33:21.844330+00:00
903,5169289476,78.13,17.28,buy,False,2022-10-18T08:25:16.501626+00:00
904,5169289460,78.15,26.62,sell,False,2022-10-18T08:25:16.429906+00:00
905,5169288126,78.17,29.64,sell,False,2022-10-18T08:24:44.447812+00:00
906,5169286974,78.18,29.55,sell,False,2022-10-18T08:24:19.053302+00:00
907,5169286973,78.19,2.08,sell,False,2022-10-18T08:24:19.053302+00:00
908,5169285464,78.19,36.16,sell,False,2022-10-18T08:23:51.978489+00:00
909,5169283058,78.22,40.53,buy,False,2022-10-18T08:23:19.702046+00:00
910,5169283014,78.22,40.45,buy,False,2022-10-18T08:23:18.742593+00:00
911,5169282910,78.22,44.17,buy,False,2022-10-18T08:23:18.209247+00:00
912,5169282894,78.23,37.18,sell,False,2022-10-18T08:23:18.119437+00:00
913,5169279335,78.26,40.92,buy,False,2022-10-18T08:22:22.734133+00:00
914,5169279322,78.26,44.3,buy,False,2022-10-18T08:22:22.156676+00:00
915,5169279272,78.26,43.77,buy,False,2022-10-18T08:22:21.503438+00:00
916,5169279247,78.26,48.03,buy,False,2022-10-18T08:22:20.951617+00:00
917,5169206370,78.51,38.74,buy,False,2022-10-18T08:02:22.874759+00:00
918,5169206126,78.51,41.36,buy,False,2022-10-18T08:02:17.919750+00:00
919,5169205749,78.52,34.71,sell,False,2022-10-18T08:02:15.291365+00:00
920,5169199142,78.57,44.24,buy,False,2022-10-18T08:01:04.711479+00:00
921,5169198246,78.57,40.04,buy,False,2022-10-18T08:00:57.230371+00:00
922,5169198057,78.57,39.91,buy,False,2022-10-18T08:00:54.992098+00:00
923,5169197557,78.56,2.07,buy,False,2022-10-18T08:00:52.431391+00:00
924,5169197447,78.57,40.39,buy,False,2022-10-18T08:00:50.386709+00:00
925,5169197420,78.57,46.31,buy,False,2022-10-18T08:00:49.855743+00:00
926,5169197418,78.6,37.92,sell,False,2022-10-18T08:00:49.805478+00:00
927,5168914931,78.06,44.72,sell,False,2022-10-18T06:42:35.032530+00:00
928,5168914731,78.06,42.09,sell,False,2022-10-18T06:42:33.663861+00:00
929,5168914698,78.06,40.63,sell,False,2022-10-18T06:42:33.121435+00:00
930,5168914679,78.06,40.63,sell,False,2022-10-18T06:42:32.593867+00:00
931,5168914676,78.04,25.48,buy,False,2022-10-18T06:42:32.512429+00:00
932,5168746309,77.88,42.45,sell,False,2022-10-18T05:56:32.334785+00:00
933,5168746182,77.88,43.35,sell,False,2022-10-18T05:56:28.143277+00:00
934,5168745976,77.88,44.5,sell,False,2022-10-18T05:56:23.639450+00:00
935,5168745886,77.88,45.03,sell,False,2022-10-18T05:56:21.828686+00:00
936,5168745861,77.88,40.45,sell,False,2022-10-18T05:56:21.221992+00:00
937,5168745851,77.88,39.38,sell,False,2022-10-18T05:56:20.681870+00:00
938,5168745849,77.85,29.38,buy,False,2022-10-18T05:56:20.602736+00:00
939,5168738274,77.82,45.95,sell,False,2022-10-18T05:53:40.442556+00:00
940,5168738161,77.82,40.51,sell,False,2022-10-18T05:53:36.527881+00:00
941,5168737803,77.82,58.73,sell,False,2022-10-18T05:53:31.185443+00:00
942,5168737399,77.82,64.06,sell,False,2022-10-18T05:53:25.146037+00:00
943,5168737190,77.82,63.89,sell,False,2022-10-18T05:53:22.764512+00:00
944,5168737164,77.82,61.51,sell,False,2022-10-18T05:53:22.228590+00:00
945,5168737151,77.76,31.27,buy,False,2022-10-18T05:53:21.964211+00:00
946,5168254702,77.04,5.49,sell,False,2022-10-18T03:21:39.636581+00:00
947,5168254701,77.05,2.07,sell,False,2022-10-18T03:21:39.636581+00:00
948,5166787190,76.77,0.04,sell,False,2022-10-17T21:13:00.339262+00:00
949,5165104979,76.52,0.6,buy,False,2022-10-17T14:21:16.968195+00:00
950,5165103367,76.43,0.27,sell,False,2022-10-17T14:20:52.383435+00:00
951,5163843070,73.49,10.0,buy,False,2022-10-17T09:55:39.754444+00:00
952,5163843035,73.49,37.95,buy,False,2022-10-17T09:55:39.123669+00:00
953,5163842735,73.5,23.05,sell,False,2022-10-17T09:55:29.950421+00:00
954,5163840714,73.55,39.93,buy,False,2022-10-17T09:54:39.920966+00:00
955,5163840612,73.55,39.88,buy,False,2022-10-17T09:54:36.295026+00:00
956,5163840498,73.55,39.3,buy,False,2022-10-17T09:54:32.538431+00:00
957,5163840472,73.55,40.76,buy,False,2022-10-17T09:54:31.744026+00:00
958,5163840445,73.55,39.73,buy,False,2022-10-17T09:54:31.216348+00:00
959,5163840415,73.55,41.82,buy,False,2022-10-17T09:54:30.683948+00:00
960,5163840411,73.57,24.87,sell,False,2022-10-17T09:54:30.617531+00:00
961,5163454415,73.03,267.58,sell,False,2022-10-17T07:59:03.320751+00:00
962,5163454414,73.01,70.07,buy,False,2022-10-17T07:59:03.250865+00:00
963,5159818781,72.09,0.2,sell,False,2022-10-16T13:06:02.324042+00:00
964,5147044426,74.94,0.27,buy,False,2022-10-14T07:40:52.910736+00:00
965,5143406270,75.36,0.6,buy,False,2022-10-13T19:10:37.119324+00:00
966,5142204032,74.5,9.53,buy,False,2022-10-13T16:10:41.347480+00:00
967,5141681314,74.83,2.14,buy,False,2022-10-13T15:20:29.134319+00:00
968,5139524766,72.7,28.68,sell,False,2022-10-13T12:31:55.286704+00:00
969,5139524765,72.71,2.07,sell,False,2022-10-13T12:31:55.286704+00:00
970,5136633874,73.67,0.07,sell,False,2022-10-13T06:41:13.710021+00:00
971,5134163638,75.15,21.05,buy,False,2022-10-12T19:30:53.652334+00:00
972,5134163637,75.14,1.97,buy,False,2022-10-12T19:30:53.652334+00:00
973,5134163241,75.15,129.42,buy,False,2022-10-12T19:30:45.041478+00:00
974,5134163218,75.15,79.56,buy,False,2022-10-12T19:30:44.489795+00:00
975,5134163213,75.22,25.11,sell,False,2022-10-12T19:30:44.421965+00:00
976,5134161972,75.21,40.14,sell,False,2022-10-12T19:30:17.314852+00:00
977,5134160837,75.26,24.86,sell,False,2022-10-12T19:29:52.202559+00:00
978,5134105424,75.31,32.75,buy,False,2022-10-12T19:10:56.761788+00:00
979,5132707065,76.07,0.06,sell,False,2022-10-12T13:44:56.676775+00:00
980,5132664034,75.78,0.55,buy,False,2022-10-12T13:38:12.826317+00:00
981,5132640614,75.05,0.55,buy,False,2022-10-12T13:35:26.084978+00:00
982,5132389678,74.32,0.1,buy,False,2022-10-12T12:45:34.496747+00:00
983,5132247515,73.68,37.18,sell,False,2022-10-12T12:32:09.402052+00:00
984,5130982501,74.23,41.98,sell,False,2022-10-12T07:01:38.888630+00:00
985,5130982123,74.23,69.33,sell,False,2022-10-12T07:01:32.895885+00:00
986,5130982122,74.24,2.07,sell,False,2022-10-12T07:01:32.895885+00:00
987,5130981733,74.23,56.2,sell,False,2022-10-12T07:01:27.803231+00:00
988,5130981675,74.23,48.48,sell,False,2022-10-12T07:01:26.274849+00:00
989,5130981652,74.23,49.24,sell,False,2022-10-12T07:01:25.748221+00:00
990,5130981622,74.23,54.9,sell,False,2022-10-12T07:01:25.205254+00:00
991,5127390236,73.82,0.89,buy,False,2022-10-11T15:35:50.548178+00:00
992,5126903107,70.72,0.24,sell,False,2022-10-11T14:06:46.274936+00:00
993,5126781105,70.95,0.24,sell,False,2022-10-11T13:58:46.549413+00:00
994,5126774921,71.01,0.15,sell,False,2022-10-11T13:58:06.736078+00:00
995,5126774920,71.01,0.15,sell,False,2022-10-11T13:58:06.736078+00:00
996,5126771857,71.08,0.16,sell,False,2022-10-11T13:57:26.820075+00:00
997,5126747009,71.23,0.01,sell,False,2022-10-11T13:52:26.996452+00:00
998,5125809574,71.67,0.06,buy,False,2022-10-11T10:20:25.690622+00:00
999,5125809573,71.66,0.08,buy,False,2022-10-11T10:20:25.690622+00:00
1000,5125809249,71.13,1.6,sell,False,2022-10-11T10:20:19.613123+00:00
1001,5125631172,71.79,0.15,sell,False,2022-10-11T09:28:03.977508+00:00
1002,5125631171,71.79,0.15,sell,False,2022-10-11T09:28:03.977508+00:00
1003,5125514187,71.93,0.16,sell,False,2022-10-11T08:53:09.776167+00:00
1004,5121316426,72.8,3.0,buy,False,2022-10-10T16:53:25.247864+00:00
1005,5121272327,72.54,0.14,sell,False,2022-10-10T16:45:09.597861+00:00
1006,5121272326,72.54,0.14,sell,False,2022-10-10T16:45:09.597861+00:00
1007,5121267605,72.75,1.0,sell,False,2022-10-10T16:43:46.278593+00:00
1008,5121245925,72.75,0.15,sell,False,2022-10-10T16:38:29.660782+00:00
1009,5121159243,72.82,0.01,sell,False,2022-10-10T16:23:57.923619+00:00
1010,5120961050,72.98,1.61,sell,False,2022-10-10T15:45:49.798240+00:00
1011,5120961016,72.98,1.2,sell,False,2022-10-10T15:45:49.246884+00:00
1012,5120959462,72.98,1.37,sell,False,2022-10-10T15:45:24.469441+00:00
1013,5120879063,73.28,0.14,sell,False,2022-10-10T15:22:12.685590+00:00
1014,5120879062,73.28,0.14,sell,False,2022-10-10T15:22:12.685590+00:00
1015,5120732869,73.55,0.15,sell,False,2022-10-10T14:51:50.032567+00:00
1016,5120609736,74.35,0.01,sell,False,2022-10-10T14:30:25.386056+00:00
1017,5120582543,74.32,0.14,sell,False,2022-10-10T14:25:12.863356+00:00
1018,5120560784,74.49,0.06,sell,False,2022-10-10T14:18:34.222021+00:00
1019,5120484249,74.99,0.01,sell,False,2022-10-10T14:00:16.569028+00:00
1020,5120473830,74.92,0.01,sell,False,2022-10-10T13:57:32.109309+00:00
1021,5120472257,75.04,0.14,buy,False,2022-10-10T13:57:08.037370+00:00
1022,5120471992,74.95,0.01,sell,False,2022-10-10T13:57:01.436151+00:00
1023,5120463953,74.83,0.01,sell,False,2022-10-10T13:55:04.424035+00:00
1024,5120455183,74.86,0.01,sell,False,2022-10-10T13:53:37.369908+00:00
1025,5120443389,74.96,0.01,sell,False,2022-10-10T13:51:05.767418+00:00
1026,5120436991,75.02,0.01,sell,False,2022-10-10T13:49:25.199355+00:00
1027,5120422000,74.66,0.01,sell,False,2022-10-10T13:46:01.919233+00:00
1028,5120390405,74.29,0.01,sell,False,2022-10-10T13:39:18.358141+00:00
1029,5120379006,74.29,0.01,sell,False,2022-10-10T13:37:05.001008+00:00
1030,5120368858,74.51,0.01,sell,False,2022-10-10T13:35:59.321549+00:00
1031,5120338781,75.48,0.01,sell,False,2022-10-10T13:32:14.615839+00:00
1032,5120312937,76.63,0.01,sell,False,2022-10-10T13:25:30.682363+00:00
1033,5120307126,76.56,0.01,sell,False,2022-10-10T13:23:28.930151+00:00
1034,5119263558,76.09,0.01,sell,False,2022-10-10T08:40:02.657998+00:00
1035,5119203695,76.48,0.01,sell,False,2022-10-10T08:33:31.976623+00:00
1036,5117213154,76.49,0.01,sell,False,2022-10-09T22:26:05.472108+00:00
1037,5110749522,76.78,3.25,buy,False,2022-10-07T20:52:56.946577+00:00
1038,5110629400,76.14,0.08,sell,False,2022-10-07T20:15:44.990253+00:00
1039,5110618849,76.27,0.5,sell,False,2022-10-07T20:11:52.166682+00:00
1040,5109840188,76.7,7.55,buy,False,2022-10-07T17:00:32.619501+00:00
1041,5108999460,76.99,26.91,buy,False,2022-10-07T14:18:13.765697+00:00
1042,5108444701,77.28,0.01,buy,False,2022-10-07T13:00:49.382838+00:00
1043,5108444700,77.27,0.07,buy,False,2022-10-07T13:00:49.382838+00:00
1044,5108444495,77.27,0.08,buy,False,2022-10-07T13:00:48.922826+00:00
1045,5106151509,78.34,0.08,sell,False,2022-10-07T03:07:11.519344+00:00
1046,5103917676,78.35,0.07,sell,False,2022-10-06T17:07:05.069583+00:00
1047,5103410933,77.86,0.07,buy,False,2022-10-06T15:19:31.996247+00:00
1048,5102428898,75.51,0.08,sell,False,2022-10-06T13:12:43.970478+00:00
1049,5097928212,77.3,2.0,sell,False,2022-10-05T18:19:31.847627+00:00
1050,5097802965,77.37,0.02,buy,False,2022-10-05T17:53:56.565837+00:00
1051,5097158822,76.29,0.01,buy,False,2022-10-05T16:07:05.918941+00:00
1052,5097151140,76.07,0.01,buy,False,2022-10-05T16:05:17.236332+00:00
1053,5097121195,75.99,0.01,buy,False,2022-10-05T16:00:03.827250+00:00
1054,5097093758,75.82,0.01,buy,False,2022-10-05T15:54:04.785949+00:00
1055,5097025221,75.78,0.01,buy,False,2022-10-05T15:40:53.809229+00:00
1056,5096987812,75.61,0.01,buy,False,2022-10-05T15:36:17.380066+00:00
1057,5096927530,75.69,0.01,buy,False,2022-10-05T15:26:46.124593+00:00
1058,5096898051,75.57,0.01,buy,False,2022-10-05T15:22:07.621029+00:00
1059,5096881761,75.48,0.01,buy,False,2022-10-05T15:18:46.786709+00:00
1060,5096853020,75.34,0.01,buy,False,2022-10-05T15:12:42.126210+00:00
1061,5096800000,75.18,0.01,buy,False,2022-10-05T15:01:34.143671+00:00
1062,5096762410,75.2,0.01,buy,False,2022-10-05T14:53:46.152272+00:00
1063,5096734335,75.46,0.01,buy,False,2022-10-05T14:48:00.112361+00:00
1064,5096694503,75.37,0.01,buy,False,2022-10-05T14:42:19.967648+00:00
1065,5096668442,75.26,0.01,buy,False,2022-10-05T14:38:00.550380+00:00
1066,5096503743,75.93,0.01,buy,False,2022-10-05T14:12:15.777758+00:00
1067,5096486835,75.84,0.01,buy,False,2022-10-05T14:09:22.564288+00:00
1068,5096479770,75.66,0.01,buy,False,2022-10-05T14:07:47.425209+00:00
1069,5096377644,76.02,0.01,buy,False,2022-10-05T13:51:06.382462+00:00
1070,5096356278,76.2,0.01,buy,False,2022-10-05T13:48:06.644265+00:00
1071,5096348773,75.99,0.01,buy,False,2022-10-05T13:47:09.659164+00:00
1072,5096271656,76.2,0.01,buy,False,2022-10-05T13:39:06.892826+00:00
1073,5096224636,76.2,0.01,buy,False,2022-10-05T13:32:09.207508+00:00
1074,5095881191,76.92,0.01,buy,False,2022-10-05T12:27:48.401194+00:00
1075,5095881190,76.83,0.01,buy,False,2022-10-05T12:27:48.401194+00:00
1076,5095822262,76.92,0.06,buy,False,2022-10-05T12:15:33.567150+00:00
1077,5095822261,76.82,0.01,buy,False,2022-10-05T12:15:33.567150+00:00
1078,5095297488,76.89,0.01,buy,False,2022-10-05T10:01:54.981976+00:00
1079,5095143938,76.89,0.01,buy,False,2022-10-05T09:13:33.266995+00:00
1080,5092411549,77.06,0.01,sell,False,2022-10-04T20:40:48.009160+00:00
1081,5092383035,77.72,0.01,buy,False,2022-10-04T20:35:19.771757+00:00
1082,5092204925,77.51,0.01,buy,False,2022-10-04T19:59:44.698270+00:00
1083,5092175561,77.44,0.01,buy,False,2022-10-04T19:54:54.498472+00:00
1084,5092144832,77.35,0.01,buy,False,2022-10-04T19:51:17.422788+00:00
1085,5092075857,77.39,0.01,buy,False,2022-10-04T19:33:26.099577+00:00
1086,5092006704,77.42,0.01,buy,False,2022-10-04T19:14:52.665000+00:00
1087,5091974983,77.43,0.01,buy,False,2022-10-04T19:08:43.429413+00:00
1088,5091910209,77.8,0.01,buy,False,2022-10-04T18:52:57.049562+00:00
1089,5091869053,77.62,0.01,buy,False,2022-10-04T18:45:03.220436+00:00
1090,5091850820,77.66,0.01,buy,False,2022-10-04T18:38:16.859277+00:00
1091,5091773683,77.75,0.01,buy,False,2022-10-04T18:16:04.223398+00:00
1092,5091753213,77.57,0.01,buy,False,2022-10-04T18:10:51.736866+00:00
1093,5091640991,77.6,0.01,buy,False,2022-10-04T17:48:32.251267+00:00
1094,5091610559,77.42,0.01,buy,False,2022-10-04T17:41:28.441082+00:00
1095,5091604185,77.34,0.01,buy,False,2022-10-04T17:39:56.165202+00:00
1096,5091580083,77.3,0.01,buy,False,2022-10-04T17:33:35.326005+00:00
1097,5091566541,77.19,0.01,buy,False,2022-10-04T17:31:01.378921+00:00
1098,5091549815,77.1,0.01,buy,False,2022-10-04T17:26:58.772524+00:00
1099,5091532330,76.91,0.01,buy,False,2022-10-04T17:24:03.271362+00:00
1100,5091194948,78.11,0.01,buy,False,2022-10-04T16:28:03.521575+00:00
1101,5091165298,77.97,0.01,buy,False,2022-10-04T16:22:18.831214+00:00
1102,5091084221,78.33,0.02,buy,False,2022-10-04T16:11:35.359147+00:00
1103,5090392073,77.89,0.54,buy,False,2022-10-04T14:03:36.154166+00:00
1104,5090145208,76.45,0.06,sell,False,2022-10-04T13:32:12.327462+00:00
1105,5089681670,75.69,45.94,buy,False,2022-10-04T11:46:01.723028+00:00
1106,5089681660,75.69,122.83,buy,False,2022-10-04T11:46:01.173746+00:00
1107,5089671412,75.74,144.73,buy,False,2022-10-04T11:42:35.441567+00:00
1108,5089671406,75.76,65.39,sell,False,2022-10-04T11:42:35.237850+00:00
1109,5089655257,76.1,14.0,buy,False,2022-10-04T11:37:46.307132+00:00
1110,5089369050,75.97,0.34,buy,False,2022-10-04T10:16:44.193624+00:00
1111,5089362662,75.67,0.81,buy,False,2022-10-04T10:14:37.915455+00:00
1112,5089132252,75.63,103.25,buy,False,2022-10-04T09:12:31.651147+00:00
1113,5089132221,75.64,118.75,sell,False,2022-10-04T09:12:31.441123+00:00
1114,5089063329,75.67,0.53,buy,False,2022-10-04T08:56:19.865960+00:00
1115,5088960243,75.44,3.0,sell,False,2022-10-04T08:34:06.801374+00:00
1116,5088812382,75.49,17.99,buy,False,2022-10-04T08:12:33.923187+00:00
1117,5088811820,75.49,132.84,buy,False,2022-10-04T08:12:27.424477+00:00
1118,5088811803,75.5,71.17,sell,False,2022-10-04T08:12:27.168063+00:00
1119,5088718317,75.58,138.46,buy,False,2022-10-04T08:03:49.088754+00:00
1120,5088718290,75.57,2.03,buy,False,2022-10-04T08:03:48.545082+00:00
1121,5088717701,75.58,122.19,buy,False,2022-10-04T08:03:41.614865+00:00
1122,5088717696,75.6,87.93,sell,False,2022-10-04T08:03:41.427079+00:00
1123,5088652796,75.01,132.24,sell,False,2022-10-04T07:52:33.250453+00:00
1124,5088652791,75.01,134.71,sell,False,2022-10-04T07:52:32.664127+00:00
1125,5088634787,74.92,135.86,sell,False,2022-10-04T07:48:12.571937+00:00
1126,5088634759,74.93,2.03,sell,False,2022-10-04T07:48:12.014738+00:00
1127,5088634216,74.92,136.62,sell,False,2022-10-04T07:48:04.556268+00:00
1128,5088634205,74.91,84.41,buy,False,2022-10-04T07:48:04.378288+00:00
1129,5088434305,74.69,322.28,sell,False,2022-10-04T07:11:32.190716+00:00
1130,5088434298,74.68,225.35,buy,False,2022-10-04T07:11:31.998829+00:00
1131,5084407038,72.24,0.23,sell,False,2022-10-03T13:57:27.748340+00:00
1132,5084404752,72.31,0.15,sell,False,2022-10-03T13:57:11.913602+00:00
1133,5084403269,72.49,0.23,sell,False,2022-10-03T13:56:55.587168+00:00
1134,5084401601,72.65,0.17,buy,False,2022-10-03T13:56:35.673479+00:00
1135,5079109038,73.99,1.0,buy,False,2022-10-02T13:05:02.624250+00:00
1136,5079107105,73.91,1.0,buy,False,2022-10-02T13:04:26.559265+00:00
1137,5077101784,73.91,0.01,buy,False,2022-10-02T01:28:48.911970+00:00
1138,5072624734,74.01,4.62,buy,False,2022-09-30T21:41:29.306866+00:00
1139,5072154035,73.7,0.75,sell,False,2022-09-30T19:57:36.799872+00:00
1140,5070856623,75.49,0.34,buy,False,2022-09-30T15:46:21.086501+00:00
1141,5069316540,74.19,15.8,sell,False,2022-09-30T12:33:01.533794+00:00
1142,5063643809,74.28,34.3,buy,False,2022-09-29T15:06:24.342156+00:00
1143,5062863160,74.33,14.4,sell,False,2022-09-29T13:38:14.458976+00:00
1144,5062862002,74.57,2.01,buy,False,2022-09-29T13:37:53.080975+00:00
1145,5062753301,75.28,1.14,sell,False,2022-09-29T13:17:11.933798+00:00
1146,5062753254,75.28,2.02,buy,False,2022-09-29T13:17:11.747095+00:00
1147,5062692113,74.33,166.44,sell,False,2022-09-29T13:03:36.604227+00:00
1148,5062692062,74.33,119.16,sell,False,2022-09-29T13:03:36.046529+00:00
1149,5061951963,75.17,57.18,sell,False,2022-09-29T10:46:09.405582+00:00
1150,5061951958,75.17,242.82,buy,False,2022-09-29T10:46:09.234376+00:00
1151,5061844497,75.1,65.88,sell,False,2022-09-29T10:11:58.832477+00:00
1152,5061844488,75.1,0.14,sell,False,2022-09-29T10:11:58.771384+00:00
1153,5061844480,75.1,0.21,sell,False,2022-09-29T10:11:58.728908+00:00
1154,5061844470,75.09,233.77,buy,False,2022-09-29T10:11:58.648550+00:00
1155,5061766854,74.99,0.02,sell,False,2022-09-29T09:52:41.015701+00:00
1156,5061754867,74.99,0.02,sell,False,2022-09-29T09:50:00.514797+00:00
1157,5061749954,74.99,0.03,sell,False,2022-09-29T09:49:00.437320+00:00
1158,5061729976,74.99,0.04,sell,False,2022-09-29T09:44:20.670502+00:00
1159,5061727596,75.32,0.04,sell,False,2022-09-29T09:43:53.525019+00:00
1160,5061640957,74.78,0.01,sell,False,2022-09-29T09:22:35.320172+00:00
1161,5061640955,74.78,0.01,sell,False,2022-09-29T09:22:35.212654+00:00
1162,5061640673,74.78,0.01,sell,False,2022-09-29T09:22:28.601035+00:00
1163,5061640671,74.78,0.01,sell,False,2022-09-29T09:22:28.551191+00:00
1164,5061634817,74.78,0.01,sell,False,2022-09-29T09:20:31.581687+00:00
1165,5061634814,74.78,0.01,sell,False,2022-09-29T09:20:31.504001+00:00
1166,5061632980,74.78,0.01,sell,False,2022-09-29T09:19:58.169044+00:00
1167,5061632979,74.78,0.01,sell,False,2022-09-29T09:19:58.168172+00:00
1168,5061626746,74.9,0.01,sell,False,2022-09-29T09:17:57.708626+00:00
1169,5061626744,74.9,0.01,sell,False,2022-09-29T09:17:57.638801+00:00
1170,5061625990,75.02,0.03,sell,False,2022-09-29T09:17:44.271223+00:00
1171,5061625989,75.02,0.03,sell,False,2022-09-29T09:17:44.270534+00:00
1172,5061625331,75.23,0.05,sell,False,2022-09-29T09:17:37.619447+00:00
1173,5061625330,75.23,0.05,sell,False,2022-09-29T09:17:37.618995+00:00
1174,5061249544,75.07,173.04,buy,False,2022-09-29T07:39:35.450015+00:00
1175,5061249533,75.1,65.37,sell,False,2022-09-29T07:39:35.248685+00:00
1176,5061245235,75.11,0.01,buy,False,2022-09-29T07:38:46.136044+00:00
1177,5061245234,75.11,0.01,buy,False,2022-09-29T07:38:46.135523+00:00
1178,5061245222,75.11,0.01,buy,False,2022-09-29T07:38:45.795943+00:00
1179,5061245218,75.11,0.01,buy,False,2022-09-29T07:38:45.716945+00:00
1180,5061245191,75.11,0.01,buy,False,2022-09-29T07:38:44.819906+00:00
1181,5061245189,75.11,0.01,buy,False,2022-09-29T07:38:44.768804+00:00
1182,5061245150,75.11,0.01,buy,False,2022-09-29T07:38:43.773250+00:00
1183,5061245149,75.11,0.01,buy,False,2022-09-29T07:38:43.772360+00:00
1184,5061245081,75.11,0.01,buy,False,2022-09-29T07:38:42.809056+00:00
1185,5061245077,75.11,0.01,buy,False,2022-09-29T07:38:42.709625+00:00
1186,5061245040,75.11,0.02,buy,False,2022-09-29T07:38:41.717731+00:00
1187,5061245039,75.11,0.01,buy,False,2022-09-29T07:38:41.717031+00:00
1188,5061244986,75.11,0.01,buy,False,2022-09-29T07:38:40.788082+00:00
1189,5061244984,75.11,0.03,buy,False,2022-09-29T07:38:40.745404+00:00
1190,5061244962,75.11,0.01,buy,False,2022-09-29T07:38:40.456451+00:00
1191,5061244935,75.11,0.01,buy,False,2022-09-29T07:38:39.699989+00:00
1192,5061244901,75.11,0.01,buy,False,2022-09-29T07:38:39.087513+00:00
1193,5061244889,75.11,0.02,buy,False,2022-09-29T07:38:38.670262+00:00
1194,5061244833,75.11,0.02,buy,False,2022-09-29T07:38:37.650828+00:00
1195,5061244759,75.11,0.02,buy,False,2022-09-29T07:38:36.676074+00:00
1196,5061244754,75.11,113.21,sell,False,2022-09-29T07:38:36.445803+00:00
1197,5061244753,75.13,2.02,sell,False,2022-09-29T07:38:36.445803+00:00
1198,5061210681,75.23,118.71,buy,False,2022-09-29T07:31:04.643768+00:00
1199,5061210680,75.25,118.51,sell,False,2022-09-29T07:31:04.593032+00:00
1200,5061209051,75.3,0.01,buy,False,2022-09-29T07:30:33.382169+00:00
1201,5061209050,75.3,0.01,buy,False,2022-09-29T07:30:33.381711+00:00
1202,5061208974,75.3,0.01,buy,False,2022-09-29T07:30:32.928363+00:00
1203,5061208950,75.3,0.01,buy,False,2022-09-29T07:30:32.769925+00:00
1204,5061208921,75.3,0.01,buy,False,2022-09-29T07:30:32.457322+00:00
1205,5061208919,75.3,0.01,buy,False,2022-09-29T07:30:32.376362+00:00
1206,5061208892,75.3,0.01,buy,False,2022-09-29T07:30:31.766336+00:00
1207,5061208891,75.3,0.01,buy,False,2022-09-29T07:30:31.740955+00:00
1208,5061208866,75.3,0.01,buy,False,2022-09-29T07:30:31.415448+00:00
1209,5061208859,75.3,0.02,buy,False,2022-09-29T07:30:31.338299+00:00
1210,5061208814,75.3,0.01,buy,False,2022-09-29T07:30:30.738971+00:00
1211,5061208813,75.3,0.02,buy,False,2022-09-29T07:30:30.738485+00:00
1212,5061208793,75.3,0.01,buy,False,2022-09-29T07:30:30.318956+00:00
1213,5061208792,75.3,0.03,buy,False,2022-09-29T07:30:30.318397+00:00
1214,5061208761,75.3,0.05,buy,False,2022-09-29T07:30:29.710261+00:00
1215,5061208757,75.3,0.02,buy,False,2022-09-29T07:30:29.683468+00:00
1216,5061208722,75.3,0.01,buy,False,2022-09-29T07:30:29.256425+00:00
1217,5061208721,75.3,0.01,buy,False,2022-09-29T07:30:29.255615+00:00
1218,5061208698,75.3,0.01,buy,False,2022-09-29T07:30:28.704303+00:00
1219,5061208693,75.3,0.01,buy,False,2022-09-29T07:30:28.672172+00:00
1220,5061208669,75.3,0.01,buy,False,2022-09-29T07:30:28.367036+00:00
1221,5061208661,75.3,0.01,buy,False,2022-09-29T07:30:28.238788+00:00
1222,5061208636,75.3,0.01,buy,False,2022-09-29T07:30:27.782090+00:00
1223,5061208632,75.3,0.01,buy,False,2022-09-29T07:30:27.685031+00:00
1224,5061208612,75.3,0.01,buy,False,2022-09-29T07:30:27.252220+00:00
1225,5061208611,75.3,0.02,buy,False,2022-09-29T07:30:27.224964+00:00
1226,5061208575,75.3,0.02,buy,False,2022-09-29T07:30:26.397299+00:00
1227,5061208571,75.3,0.01,buy,False,2022-09-29T07:30:26.366724+00:00
1228,5061208565,75.3,0.01,buy,False,2022-09-29T07:30:25.997344+00:00
1229,5061208563,75.3,0.03,buy,False,2022-09-29T07:30:25.974706+00:00
1230,5061208555,75.3,139.69,buy,False,2022-09-29T07:30:25.844172+00:00
1231,5061208541,75.3,0.05,buy,False,2022-09-29T07:30:25.517218+00:00
1232,5061208539,75.3,0.02,buy,False,2022-09-29T07:30:25.462128+00:00
1233,5061208534,75.3,135.13,buy,False,2022-09-29T07:30:25.306958+00:00
1234,5060564653,76.06,13.86,buy,False,2022-09-29T04:48:12.660482+00:00
1235,5059848227,76.02,1.0,buy,False,2022-09-29T01:34:57.056785+00:00
1236,5059847368,76.02,1.0,buy,False,2022-09-29T01:34:53.313432+00:00
1237,5058451863,75.83,0.04,sell,False,2022-09-28T20:07:33.637409+00:00
1238,5057006160,75.59,0.6,buy,False,2022-09-28T15:35:37.042129+00:00
1239,5049253091,73.1,43.65,sell,False,2022-09-27T17:13:44.934201+00:00
1240,5048421188,73.31,0.99,sell,False,2022-09-27T16:17:46.282380+00:00
1241,5046470733,74.88,14.15,buy,False,2022-09-27T11:21:46.934724+00:00
1242,5046469626,74.88,156.83,buy,False,2022-09-27T11:21:30.018573+00:00
1243,5046469038,74.88,159.07,buy,False,2022-09-27T11:21:18.332698+00:00
1244,5046469037,74.87,2.03,buy,False,2022-09-27T11:21:18.332698+00:00
1245,5046468200,74.88,112.8,buy,False,2022-09-27T11:21:10.252318+00:00
1246,5046468116,74.88,121.15,buy,False,2022-09-27T11:21:09.688677+00:00
1247,5045266221,73.96,127.65,sell,False,2022-09-27T06:51:26.300915+00:00
1248,5045266204,73.96,135.27,sell,False,2022-09-27T06:51:25.748401+00:00
1249,5044951229,73.75,118.81,sell,False,2022-09-27T05:45:57.357434+00:00
1250,5044951214,73.76,2.03,sell,False,2022-09-27T05:45:56.700442+00:00
1251,5044951047,73.75,113.38,sell,False,2022-09-27T05:45:52.766737+00:00
1252,5044950704,73.74,69.51,buy,False,2022-09-27T05:45:50.884495+00:00
1253,5042343538,73.56,0.04,buy,False,2022-09-26T20:46:46.280392+00:00
1254,5041166300,74.29,2.89,buy,False,2022-09-26T16:37:12.722840+00:00
1255,5035337791,74.68,1.66,buy,False,2022-09-25T23:56:01.690401+00:00
1256,5034609493,74.3,0.27,sell,False,2022-09-25T21:54:24.444665+00:00
1257,5034364684,74.82,0.27,buy,False,2022-09-25T21:02:20.207701+00:00
1258,5022581583,73.67,0.14,sell,False,2022-09-23T18:30:41.379967+00:00
1259,5021162736,74.21,99.36,sell,False,2022-09-23T14:54:54.659741+00:00
1260,5020207250,74.05,0.06,buy,False,2022-09-23T13:09:04.865267+00:00
1261,5020059573,73.1,0.15,sell,False,2022-09-23T12:44:53.444204+00:00
1262,5019194534,73.73,0.22,sell,False,2022-09-23T10:37:11.828322+00:00
1263,5018860847,73.87,0.14,sell,False,2022-09-23T09:35:28.634793+00:00
1264,5018859246,73.97,0.22,sell,False,2022-09-23T09:35:23.166085+00:00
1265,5018725974,74.31,0.05,sell,False,2022-09-23T09:09:04.389790+00:00
1266,5018436455,74.59,0.14,buy,False,2022-09-23T08:25:37.126957+00:00
1267,5015559145,74.88,0.19,buy,False,2022-09-22T22:42:06.132473+00:00
1268,5014637388,75.6,0.25,buy,False,2022-09-22T19:37:43.794358+00:00
1269,5014260822,75.17,20.01,buy,False,2022-09-22T18:36:30.906706+00:00
1270,5014249604,75.17,12.64,buy,False,2022-09-22T18:35:12.849349+00:00
1271,5012554809,74.63,6.95,sell,False,2022-09-22T13:46:35.850255+00:00
1272,5012530092,74.49,0.25,sell,False,2022-09-22T13:44:18.394973+00:00
1273,5012527881,74.73,2.0,buy,False,2022-09-22T13:44:04.878521+00:00
1274,5012470755,75.16,0.21,sell,False,2022-09-22T13:38:59.563044+00:00
1275,5007870709,75.58,0.1,sell,False,2022-09-21T22:21:19.619814+00:00
1276,5007793387,76.13,0.03,buy,False,2022-09-21T22:16:31.189725+00:00
1277,5007793386,76.12,0.47,buy,False,2022-09-21T22:16:31.189725+00:00
1278,5006472748,76.28,0.1,buy,False,2022-09-21T19:52:54.591314+00:00
1279,5005082195,77.19,0.13,buy,False,2022-09-21T18:34:40.958831+00:00
1280,5004650659,76.35,0.14,buy,False,2022-09-21T18:12:37.230722+00:00
1281,5004476864,75.17,0.42,sell,False,2022-09-21T18:06:42.249942+00:00
1282,5004476863,75.42,0.21,sell,False,2022-09-21T18:06:42.249942+00:00
1283,5004459279,76.0,0.03,sell,False,2022-09-21T18:06:14.614956+00:00
1284,5004384444,76.37,0.23,sell,False,2022-09-21T18:04:47.414468+00:00
1285,5004377742,76.45,2.89,sell,False,2022-09-21T18:04:38.784922+00:00
1286,5004373320,76.56,0.14,sell,False,2022-09-21T18:04:34.252465+00:00
1287,5003791214,76.56,0.06,sell,False,2022-09-21T17:39:57.389511+00:00
1288,5003563580,76.82,0.2,sell,False,2022-09-21T17:13:58.866154+00:00
1289,5000748026,76.94,0.05,sell,False,2022-09-21T08:00:28.460800+00:00
1290,5000748025,77.1,0.03,sell,False,2022-09-21T08:00:28.460800+00:00
1291,4997120548,77.01,0.12,buy,False,2022-09-20T18:02:24.886893+00:00
1292,4991219902,78.62,0.27,buy,False,2022-09-19T22:35:16.169945+00:00
1293,4989478350,77.75,0.07,sell,False,2022-09-19T17:07:51.853617+00:00
1294,4986295634,78.54,0.03,sell,False,2022-09-19T08:00:01.320744+00:00
1295,4967880863,78.42,0.08,sell,False,2022-09-16T13:08:22.154947+00:00
1296,4966991961,78.37,0.01,sell,False,2022-09-16T09:48:42.400695+00:00
1297,4966672511,79.37,0.07,buy,False,2022-09-16T08:45:48.582318+00:00
1298,4961616306,79.99,0.07,buy,False,2022-09-15T15:23:58.473056+00:00
1299,4960242237,79.69,2.5,buy,False,2022-09-15T13:11:13.250948+00:00
1300,4951396302,78.83,0.25,buy,False,2022-09-14T14:23:10.317377+00:00
1301,4951259142,78.59,0.08,buy,False,2022-09-14T14:00:27.911580+00:00
1302,4943346378,78.86,2.53,buy,False,2022-09-13T15:20:30.487341+00:00
1303,4942906163,79.67,458.33,sell,False,2022-09-13T14:36:37.103751+00:00
1304,4942258203,79.38,0.63,buy,False,2022-09-13T13:35:52.211918+00:00
1305,4942247985,79.5,9.8,sell,False,2022-09-13T13:35:02.962292+00:00
1306,4942118509,81.01,5.0,buy,False,2022-09-13T13:26:09.523695+00:00
1307,4941379617,81.69,0.09,buy,False,2022-09-13T12:46:01.759368+00:00
1308,4937818439,83.99,0.09,sell,False,2022-09-13T03:16:00.109559+00:00
1309,4935891495,84.43,1.17,buy,False,2022-09-12T20:59:31.818217+00:00
1310,4934498416,83.25,10.12,buy,False,2022-09-12T16:27:07.738902+00:00
1311,4933681568,83.02,5.0,buy,False,2022-09-12T15:09:04.581016+00:00
1312,4933435761,83.85,4.0,buy,False,2022-09-12T14:36:37.735213+00:00
1313,4933093214,83.92,0.18,sell,False,2022-09-12T13:45:38.726073+00:00
1314,4933072230,83.87,0.04,sell,False,2022-09-12T13:42:25.091043+00:00
1315,4933072173,83.87,0.05,sell,False,2022-09-12T13:42:24.673684+00:00
1316,4933062053,83.75,0.01,sell,False,2022-09-12T13:41:11.210941+00:00
1317,4933061984,83.7,0.01,sell,False,2022-09-12T13:41:10.684912+00:00
1318,4933061920,83.7,0.01,sell,False,2022-09-12T13:41:10.292414+00:00
1319,4933061794,83.7,0.01,sell,False,2022-09-12T13:41:09.867162+00:00
1320,4933061768,83.7,0.01,sell,False,2022-09-12T13:41:09.540145+00:00
1321,4933061735,83.7,0.01,sell,False,2022-09-12T13:41:09.120920+00:00
1322,4933061673,83.7,0.01,sell,False,2022-09-12T13:41:08.710702+00:00
1323,4933061588,83.7,0.01,sell,False,2022-09-12T13:41:08.170827+00:00
1324,4933061495,83.62,0.01,sell,False,2022-09-12T13:41:07.835987+00:00
1325,4933061438,83.62,0.02,sell,False,2022-09-12T13:41:07.511217+00:00
1326,4933061352,83.62,0.02,sell,False,2022-09-12T13:41:06.731076+00:00
1327,4933061121,83.62,0.03,sell,False,2022-09-12T13:41:05.983922+00:00
1328,4933061073,83.62,0.04,sell,False,2022-09-12T13:41:05.510759+00:00
1329,4933060961,83.54,0.05,sell,False,2022-09-12T13:41:04.656634+00:00
1330,4932987356,83.16,0.01,sell,False,2022-09-12T13:33:46.424375+00:00
1331,4932987195,83.16,0.01,sell,False,2022-09-12T13:33:45.572118+00:00
1332,4932987146,83.16,0.01,sell,False,2022-09-12T13:33:45.220150+00:00
1333,4932987066,83.16,0.01,sell,False,2022-09-12T13:33:44.596138+00:00
1334,4932986138,83.15,0.01,sell,False,2022-09-12T13:33:38.821005+00:00
1335,4932986091,83.15,0.01,sell,False,2022-09-12T13:33:38.111073+00:00
1336,4932986041,83.15,0.01,sell,False,2022-09-12T13:33:37.704316+00:00
1337,4932985996,83.15,0.01,sell,False,2022-09-12T13:33:37.110878+00:00
1338,4932985963,83.15,0.01,sell,False,2022-09-12T13:33:36.430565+00:00
1339,4932985864,83.15,0.02,sell,False,2022-09-12T13:33:36.116897+00:00
1340,4932985784,83.15,0.02,sell,False,2022-09-12T13:33:35.540470+00:00
1341,4932985730,83.14,0.03,sell,False,2022-09-12T13:33:35.166140+00:00
1342,4932985711,83.14,0.04,sell,False,2022-09-12T13:33:34.691176+00:00
1343,4932985679,83.14,0.05,sell,False,2022-09-12T13:33:34.086859+00:00
1344,4932740891,83.2,0.01,sell,False,2022-09-12T12:49:58.498809+00:00
1345,4932740870,83.2,0.01,sell,False,2022-09-12T12:49:58.120147+00:00
1346,4932740767,83.2,0.01,sell,False,2022-09-12T12:49:57.119750+00:00
1347,4932740725,83.2,0.01,sell,False,2022-09-12T12:49:56.720523+00:00
1348,4932740666,83.2,0.01,sell,False,2022-09-12T12:49:56.245548+00:00
1349,4932740622,83.2,0.01,sell,False,2022-09-12T12:49:55.922052+00:00
1350,4932740601,83.2,0.01,sell,False,2022-09-12T12:49:55.395473+00:00
1351,4932740397,83.11,0.01,sell,False,2022-09-12T12:49:53.966729+00:00
1352,4932726695,83.14,0.01,sell,False,2022-09-12T12:47:59.855911+00:00
1353,4932726526,83.14,0.02,sell,False,2022-09-12T12:47:59.035440+00:00
1354,4932726187,83.12,0.02,sell,False,2022-09-12T12:47:53.955321+00:00
1355,4932726169,83.12,0.03,sell,False,2022-09-12T12:47:53.455075+00:00
1356,4932726150,83.12,0.04,sell,False,2022-09-12T12:47:53.083835+00:00
1357,4932726071,83.12,0.05,sell,False,2022-09-12T12:47:52.324577+00:00
1358,4932439962,83.43,0.04,sell,False,2022-09-12T12:02:23.300917+00:00
1359,4932402910,83.41,0.01,sell,False,2022-09-12T11:55:46.799960+00:00
1360,4932402864,83.37,0.01,sell,False,2022-09-12T11:55:45.847290+00:00
1361,4932402816,83.37,0.01,sell,False,2022-09-12T11:55:44.819255+00:00
1362,4932402779,83.37,0.01,sell,False,2022-09-12T11:55:44.294565+00:00
1363,4932402744,83.37,0.01,sell,False,2022-09-12T11:55:43.793522+00:00
1364,4932402711,83.37,0.01,sell,False,2022-09-12T11:55:43.294086+00:00
1365,4932402678,83.37,0.01,sell,False,2022-09-12T11:55:42.494554+00:00
1366,4932402641,83.37,0.01,sell,False,2022-09-12T11:55:41.813999+00:00
1367,4932402596,83.37,0.01,sell,False,2022-09-12T11:55:41.140485+00:00
1368,4932402556,83.37,0.02,sell,False,2022-09-12T11:55:40.737119+00:00
1369,4932402521,83.37,0.02,sell,False,2022-09-12T11:55:40.137437+00:00
1370,4932402493,83.37,0.03,sell,False,2022-09-12T11:55:39.710459+00:00
1371,4932402449,83.37,0.04,sell,False,2022-09-12T11:55:39.085998+00:00
1372,4932402433,83.37,0.05,sell,False,2022-09-12T11:55:38.665408+00:00
1373,4931332303,83.15,0.01,sell,False,2022-09-12T09:24:02.097350+00:00
1374,4931332194,83.15,0.01,sell,False,2022-09-12T09:24:01.016592+00:00
1375,4931332148,83.15,0.01,sell,False,2022-09-12T09:24:00.025378+00:00
1376,4931332099,83.15,0.01,sell,False,2022-09-12T09:23:59.368894+00:00
1377,4931332061,83.15,0.01,sell,False,2022-09-12T09:23:58.866256+00:00
1378,4931331921,83.15,0.01,sell,False,2022-09-12T09:23:56.665652+00:00
1379,4931331829,83.15,0.01,sell,False,2022-09-12T09:23:55.609512+00:00
1380,4931331690,83.15,0.01,sell,False,2022-09-12T09:23:54.576538+00:00
1381,4931331576,83.15,0.01,sell,False,2022-09-12T09:23:53.664216+00:00
1382,4931331432,83.15,0.02,sell,False,2022-09-12T09:23:52.536913+00:00
1383,4931331361,83.15,0.02,sell,False,2022-09-12T09:23:51.757274+00:00
1384,4931331070,83.12,0.03,sell,False,2022-09-12T09:23:46.384224+00:00
1385,4931330941,83.12,0.04,sell,False,2022-09-12T09:23:45.434575+00:00
1386,4931330913,83.12,0.05,sell,False,2022-09-12T09:23:45.130368+00:00
1387,4931072935,82.82,0.01,sell,False,2022-09-12T08:44:15.604535+00:00
1388,4931072837,82.91,0.01,sell,False,2022-09-12T08:44:14.618749+00:00
1389,4931072775,82.91,0.01,sell,False,2022-09-12T08:44:14.134447+00:00
1390,4931072691,82.91,0.01,sell,False,2022-09-12T08:44:13.560239+00:00
1391,4931072629,82.91,0.01,sell,False,2022-09-12T08:44:13.016613+00:00
1392,4931072586,82.91,0.01,sell,False,2022-09-12T08:44:12.515660+00:00
1393,4931072136,82.91,0.01,sell,False,2022-09-12T08:44:12.060140+00:00
1394,4931071690,82.91,0.01,sell,False,2022-09-12T08:44:09.344005+00:00
1395,4931071617,82.91,0.01,sell,False,2022-09-12T08:44:09.010148+00:00
1396,4931071387,82.91,0.02,sell,False,2022-09-12T08:44:07.859478+00:00
1397,4931071347,82.91,0.02,sell,False,2022-09-12T08:44:07.458594+00:00
1398,4931071273,82.9,0.03,sell,False,2022-09-12T08:44:06.874186+00:00
1399,4931071142,82.9,0.04,sell,False,2022-09-12T08:44:05.941370+00:00
1400,4931070949,82.9,0.05,sell,False,2022-09-12T08:44:05.310930+00:00
1401,4914023412,82.57,0.01,buy,False,2022-09-09T18:05:59.361659+00:00
1402,4914023397,82.57,0.01,buy,False,2022-09-09T18:05:58.886604+00:00
1403,4914023325,82.57,0.01,buy,False,2022-09-09T18:05:57.935816+00:00
1404,4914023238,82.57,0.01,buy,False,2022-09-09T18:05:56.809563+00:00
1405,4914023011,82.57,0.01,buy,False,2022-09-09T18:05:55.803977+00:00
1406,4914022824,82.57,0.01,buy,False,2022-09-09T18:05:54.804496+00:00
1407,4914022619,82.57,0.01,buy,False,2022-09-09T18:05:53.754976+00:00
1408,4914022553,82.57,0.01,buy,False,2022-09-09T18:05:52.726136+00:00
1409,4914022437,82.57,0.01,buy,False,2022-09-09T18:05:51.725462+00:00
1410,4914022150,82.57,0.01,buy,False,2022-09-09T18:05:50.676779+00:00
1411,4914022023,82.57,0.01,buy,False,2022-09-09T18:05:49.802689+00:00
1412,4914021825,82.57,0.01,buy,False,2022-09-09T18:05:48.648710+00:00
1413,4914021692,82.57,0.01,buy,False,2022-09-09T18:05:47.645484+00:00
