,id,price,size,side,liquidation,time
0,5399033508,180.0,0.025,buy,False,2022-11-10T05:05:56.573880+00:00
1,5399033507,150.0,0.6,buy,False,2022-11-10T05:05:56.573880+00:00
2,5398909718,180.0,4.95,buy,False,2022-11-10T04:44:25.364847+00:00
3,5398893548,169.9,10.0,buy,False,2022-11-10T04:40:51.555345+00:00
4,5398893281,164.9,10.0,buy,False,2022-11-10T04:40:47.814772+00:00
5,5398890739,148.0,12.525,buy,False,2022-11-10T04:40:10.214334+00:00
6,5398890738,139.845,2.675,buy,False,2022-11-10T04:40:10.214334+00:00
7,5398890737,139.845,0.7,buy,False,2022-11-10T04:40:10.214334+00:00
8,5398800348,130.0,8.6,buy,False,2022-11-10T04:21:58.498762+00:00
9,5398794089,129.0,1.0,buy,False,2022-11-10T04:20:20.450484+00:00
10,5397887686,130.0,6.4,buy,False,2022-11-10T02:00:39.296155+00:00
11,5397887685,120.0,0.875,buy,False,2022-11-10T02:00:39.296155+00:00
12,5397834604,120.0,14.125,buy,False,2022-11-10T01:54:43.172708+00:00
13,5397834603,119.995,0.225,buy,False,2022-11-10T01:54:43.172708+00:00
14,5397207305,100.0,20.775,sell,False,2022-11-10T00:43:07.935974+00:00
15,5396703059,100.0,0.2,sell,False,2022-11-09T23:56:49.108169+00:00
16,5396697581,100.0,6.7,sell,False,2022-11-09T23:56:16.659062+00:00
17,5396693835,100.0,1.8,sell,False,2022-11-09T23:55:54.169288+00:00
18,5396596707,99.0,1.0,sell,False,2022-11-09T23:46:45.868031+00:00
19,5396596706,99.0,1.0,sell,False,2022-11-09T23:46:45.868031+00:00
20,5396596705,99.0,1.0,sell,False,2022-11-09T23:46:45.868031+00:00
21,5396596704,99.0,0.15,sell,False,2022-11-09T23:46:45.868031+00:00
22,5396590204,99.0,0.775,sell,False,2022-11-09T23:46:19.423451+00:00
23,5396267622,99.0,0.075,sell,False,2022-11-09T23:19:05.292305+00:00
24,5396267621,99.0,0.15,sell,False,2022-11-09T23:19:05.292305+00:00
25,5395670575,99.005,0.225,sell,False,2022-11-09T22:31:39.499832+00:00
26,5395667080,116.6,0.15,buy,False,2022-11-09T22:31:23.302643+00:00
27,5395667079,110.17,3.3,buy,False,2022-11-09T22:31:23.302643+00:00
28,5395645653,110.0,12.5,buy,False,2022-11-09T22:29:35.342872+00:00
29,5395588782,102.535,1.45,buy,False,2022-11-09T22:24:26.962893+00:00
30,5395588781,101.57,1.475,buy,False,2022-11-09T22:24:26.962893+00:00
31,5395588780,99.1,1.525,buy,False,2022-11-09T22:24:26.962893+00:00
32,5395588779,99.095,74.775,buy,False,2022-11-09T22:24:26.962893+00:00
33,5395465293,99.095,1.0,buy,False,2022-11-09T22:13:50.481400+00:00
34,5395397434,99.095,24.225,buy,False,2022-11-09T22:08:40.959316+00:00
35,5395295511,99.0,0.85,sell,False,2022-11-09T22:02:37.506175+00:00
36,5394274838,94.0,95.675,buy,False,2022-11-09T21:03:59.331273+00:00
37,5394274323,94.0,1.0,buy,False,2022-11-09T21:03:56.093002+00:00
38,5394274169,94.0,1.0,buy,False,2022-11-09T21:03:55.220249+00:00
39,5394273874,94.0,1.0,buy,False,2022-11-09T21:03:54.041991+00:00
40,5394272713,94.0,1.0,buy,False,2022-11-09T21:03:50.175355+00:00
41,5394270891,94.0,0.325,buy,False,2022-11-09T21:03:42.690059+00:00
42,5394270890,93.995,0.675,buy,False,2022-11-09T21:03:42.690059+00:00
43,5394270686,93.995,1.0,buy,False,2022-11-09T21:03:41.657651+00:00
44,5394270387,93.995,1.0,buy,False,2022-11-09T21:03:39.982725+00:00
45,5392743045,95.0,1.0,buy,False,2022-11-09T18:59:15.078775+00:00
46,5391705268,95.415,0.125,sell,False,2022-11-09T17:57:02.091381+00:00
47,5389661836,96.155,12.525,sell,False,2022-11-09T15:42:25.020925+00:00
48,5388227715,97.635,1.15,sell,False,2022-11-09T13:52:15.645787+00:00
49,5386745054,97.235,0.45,sell,False,2022-11-09T12:12:00.557083+00:00
50,5385940874,96.81,4.35,sell,False,2022-11-09T11:10:38.717276+00:00
51,5385940873,97.195,25.2,sell,False,2022-11-09T11:10:38.717276+00:00
52,5385862416,97.195,9.85,sell,False,2022-11-09T11:03:22.405748+00:00
53,5385862415,97.2,2.675,sell,False,2022-11-09T11:03:22.405748+00:00
54,5382982222,100.155,14.275,buy,False,2022-11-09T08:06:51.592194+00:00
55,5382982221,99.71,8.875,buy,False,2022-11-09T08:06:51.592194+00:00
56,5382982220,99.705,1.9,buy,False,2022-11-09T08:06:51.592194+00:00
57,5382295083,97.77,1.9,sell,False,2022-11-09T07:13:07.332210+00:00
58,5382295082,98.155,8.6,sell,False,2022-11-09T07:13:07.332210+00:00
59,5381979764,90.72,0.6,sell,False,2022-11-09T06:46:25.518377+00:00
60,5381752370,98.085,9.875,sell,False,2022-11-09T06:26:48.385635+00:00
61,5381579066,97.945,14.475,sell,False,2022-11-09T06:11:50.349947+00:00
62,5380177945,97.99,1.675,sell,False,2022-11-09T04:16:46.065073+00:00
63,5380030566,99.57,0.6,buy,False,2022-11-09T04:02:12.437509+00:00
64,5379425161,98.265,0.45,sell,False,2022-11-09T03:07:50.619195+00:00
65,5378976003,99.78,6.175,buy,False,2022-11-09T02:27:45.237178+00:00
66,5378976002,99.775,2.575,buy,False,2022-11-09T02:27:45.237178+00:00
67,5377375213,97.84,22.05,sell,False,2022-11-08T23:58:42.615114+00:00
68,5375459942,97.58,0.475,sell,False,2022-11-08T21:42:01.936891+00:00
69,5373451449,98.025,0.25,sell,False,2022-11-08T20:02:41.560146+00:00
70,5373033545,97.215,0.4,sell,False,2022-11-08T19:48:14.546813+00:00
71,5372249376,96.395,0.25,sell,False,2022-11-08T19:31:35.737003+00:00
72,5371533012,98.085,0.175,sell,False,2022-11-08T19:16:55.374894+00:00
73,5371168180,98.28,0.175,buy,False,2022-11-08T19:05:10.680667+00:00
74,5370291764,97.39,2.125,sell,False,2022-11-08T18:36:32.194196+00:00
75,5369749616,97.435,7.675,sell,False,2022-11-08T18:22:36.225752+00:00
76,5369442868,98.285,15.25,sell,False,2022-11-08T18:17:34.657746+00:00
77,5369202684,98.61,0.325,sell,False,2022-11-08T18:11:26.775449+00:00
78,5369202683,99.385,0.125,sell,False,2022-11-08T18:11:26.775449+00:00
79,5368791407,99.87,0.1,sell,False,2022-11-08T18:05:33.598981+00:00
80,5368182507,100.775,0.325,sell,False,2022-11-08T17:48:57.120906+00:00
81,5367047259,101.35,0.1,buy,False,2022-11-08T17:05:26.820023+00:00
82,5367044000,101.195,0.85,sell,False,2022-11-08T17:05:22.097821+00:00
83,5367014776,100.255,0.1,buy,False,2022-11-08T17:04:23.799783+00:00
84,5366864543,90.0,0.5,sell,False,2022-11-08T16:58:51.829462+00:00
85,5366864542,90.04,0.275,sell,False,2022-11-08T16:58:51.829462+00:00
86,5366864541,90.235,0.15,sell,False,2022-11-08T16:58:51.829462+00:00
87,5366864540,90.235,0.15,sell,False,2022-11-08T16:58:51.829462+00:00
88,5366864539,90.635,0.45,sell,False,2022-11-08T16:58:51.829462+00:00
89,5366864538,90.64,0.1,sell,False,2022-11-08T16:58:51.829462+00:00
90,5366372934,100.81,142.25,buy,False,2022-11-08T16:38:34.579709+00:00
91,5366372925,100.81,264.8,sell,False,2022-11-08T16:38:34.499828+00:00
92,5366372924,101.035,14.125,sell,False,2022-11-08T16:38:34.499828+00:00
93,5366241156,100.145,0.95,buy,False,2022-11-08T16:34:17.014661+00:00
94,5365811576,99.2,0.45,buy,False,2022-11-08T16:22:28.020360+00:00
95,5364139102,96.305,1.0,buy,False,2022-11-08T15:19:19.492283+00:00
96,5363659094,94.4,28.7,buy,False,2022-11-08T14:50:29.396155+00:00
97,5363658790,94.4,19.6,buy,False,2022-11-08T14:50:28.842995+00:00
98,5363658092,94.4,17.675,buy,False,2022-11-08T14:50:28.303331+00:00
99,5363643307,94.3,34.55,buy,False,2022-11-08T14:49:45.980066+00:00
100,5363643127,94.3,54.25,buy,False,2022-11-08T14:49:45.445901+00:00
101,5363639853,94.3,4.05,buy,False,2022-11-08T14:49:35.904477+00:00
102,5363639559,94.3,19.925,buy,False,2022-11-08T14:49:35.372307+00:00
103,5363638243,94.3,15.95,buy,False,2022-11-08T14:49:31.930280+00:00
104,5363620067,94.1,7.25,buy,False,2022-11-08T14:48:53.225800+00:00
105,5363620050,94.15,11.0,sell,False,2022-11-08T14:48:53.153667+00:00
106,5363605912,94.145,8.125,sell,False,2022-11-08T14:48:18.877160+00:00
107,5359602401,95.235,4.95,buy,False,2022-11-08T08:15:08.034895+00:00
108,5355904975,95.0,19.25,buy,False,2022-11-08T04:29:43.429346+00:00
109,5355904945,95.105,11.9,sell,False,2022-11-08T04:29:43.343333+00:00
110,5355798965,95.13,10.025,sell,False,2022-11-08T04:24:45.939624+00:00
111,5353120645,99.195,0.1,buy,False,2022-11-08T02:47:11.110564+00:00
112,5352877134,95.335,0.85,sell,False,2022-11-08T02:06:27.919012+00:00
113,5345310772,97.0,0.5,buy,False,2022-11-07T11:44:54.035847+00:00
114,5345182701,96.585,0.425,sell,False,2022-11-07T11:26:13.182160+00:00
115,5343142713,95.575,3.325,sell,False,2022-11-07T07:35:39.886765+00:00
116,5339726247,94.605,19.65,sell,False,2022-11-07T00:06:45.850690+00:00
117,5339726246,95.005,47.675,sell,False,2022-11-07T00:06:45.850690+00:00
118,5339726245,95.01,0.975,sell,False,2022-11-07T00:06:45.850690+00:00
119,5339726244,95.555,31.7,sell,False,2022-11-07T00:06:45.850690+00:00
120,5322853021,96.005,1.025,sell,False,2022-11-05T05:45:17.794984+00:00
121,5318665712,95.945,0.025,sell,False,2022-11-04T19:56:58.669633+00:00
122,5317501272,94.51,0.675,sell,False,2022-11-04T17:22:04.209570+00:00
123,5311330602,92.105,0.425,sell,False,2022-11-04T08:03:17.148756+00:00
124,5309445198,92.375,0.125,buy,False,2022-11-04T04:12:33.197879+00:00
125,5307728379,91.785,1.0,sell,False,2022-11-04T00:32:58.383924+00:00
126,5305920670,92.54,1.0,buy,False,2022-11-03T20:06:57.345046+00:00
127,5303472647,91.9,2.075,sell,False,2022-11-03T14:07:38.936648+00:00
128,5303472573,91.9,16.05,sell,False,2022-11-03T14:07:38.369528+00:00
129,5303472539,91.9,17.65,sell,False,2022-11-03T14:07:37.816010+00:00
130,5303472419,91.9,15.95,sell,False,2022-11-03T14:07:37.101747+00:00
131,5303396994,91.56,0.1,sell,False,2022-11-03T14:01:01.232610+00:00
132,5303392474,91.63,0.15,sell,False,2022-11-03T14:00:48.522023+00:00
133,5303392473,91.63,0.15,sell,False,2022-11-03T14:00:48.522023+00:00
134,5303241510,92.055,0.125,sell,False,2022-11-03T13:45:14.813845+00:00
135,5303185082,92.49,0.15,sell,False,2022-11-03T13:39:42.050398+00:00
136,5303113660,92.98,0.15,sell,False,2022-11-03T13:32:51.641784+00:00
137,5303113659,92.98,0.15,sell,False,2022-11-03T13:32:51.641784+00:00
138,5303112754,93.065,0.125,sell,False,2022-11-03T13:32:49.089082+00:00
139,5303031242,93.685,0.125,sell,False,2022-11-03T13:22:29.845329+00:00
140,5302714729,93.98,1.05,sell,False,2022-11-03T12:40:31.986666+00:00
141,5302629820,94.345,0.85,buy,False,2022-11-03T12:30:42.922998+00:00
142,5302627828,94.045,0.125,sell,False,2022-11-03T12:30:35.726450+00:00
143,5301044394,94.955,0.125,buy,False,2022-11-03T09:03:40.432863+00:00
144,5300136060,94.195,0.1,sell,False,2022-11-03T06:28:47.214850+00:00
145,5300136059,94.29,1.05,sell,False,2022-11-03T06:28:47.214850+00:00
146,5300136058,94.29,0.15,sell,False,2022-11-03T06:28:47.214850+00:00
147,5300136057,94.29,0.15,sell,False,2022-11-03T06:28:47.214850+00:00
148,5300136056,94.4,0.55,sell,False,2022-11-03T06:28:47.214850+00:00
149,5300096534,94.995,2.0,buy,False,2022-11-03T06:20:00.523343+00:00
150,5299268748,94.995,0.525,buy,False,2022-11-03T04:02:59.250161+00:00
151,5297289641,95.175,0.3,buy,False,2022-11-02T22:43:29.774562+00:00
152,5296043677,94.72,10.5,buy,False,2022-11-02T19:57:39.103879+00:00
153,5295813398,94.525,0.1,sell,False,2022-11-02T19:36:03.908718+00:00
154,5295808479,94.85,0.125,sell,False,2022-11-02T19:35:44.781581+00:00
155,5295806051,95.0,2.0,sell,False,2022-11-02T19:35:32.976339+00:00
156,5295716433,95.56,0.125,sell,False,2022-11-02T19:30:32.674895+00:00
157,5295716432,95.56,0.125,sell,False,2022-11-02T19:30:32.674895+00:00
158,5295712517,95.655,0.1,sell,False,2022-11-02T19:30:17.710629+00:00
159,5295543793,95.975,0.125,sell,False,2022-11-02T19:24:26.388016+00:00
160,5295531788,96.095,0.075,sell,False,2022-11-02T19:23:56.988644+00:00
161,5295456067,96.545,0.65,sell,False,2022-11-02T19:19:51.007359+00:00
162,5295446455,96.8,1.525,sell,False,2022-11-02T19:19:08.659379+00:00
163,5295446454,96.8,0.125,sell,False,2022-11-02T19:19:08.659379+00:00
164,5295446453,96.8,0.125,sell,False,2022-11-02T19:19:08.659379+00:00
165,5295416513,97.07,0.125,sell,False,2022-11-02T19:17:10.073819+00:00
166,5294728712,99.34,1.275,buy,False,2022-11-02T18:43:19.533937+00:00
167,5294447361,99.1,1.05,buy,False,2022-11-02T18:37:11.358936+00:00
168,5293264413,98.15,15.275,sell,False,2022-11-02T17:54:55.917683+00:00
169,5293130864,98.02,2.025,sell,False,2022-11-02T17:30:14.109311+00:00
170,5293130593,98.025,2.6,sell,False,2022-11-02T17:30:12.047278+00:00
171,5292851841,97.8,1.0,sell,False,2022-11-02T16:48:33.906335+00:00
172,5292471924,98.125,0.9,sell,False,2022-11-02T15:34:22.614832+00:00
173,5292471892,98.125,15.775,sell,False,2022-11-02T15:34:21.967978+00:00
174,5292471864,98.125,17.75,sell,False,2022-11-02T15:34:21.311022+00:00
175,5292471722,98.125,14.0,buy,False,2022-11-02T15:34:17.055052+00:00
176,5292417823,97.75,0.1,buy,False,2022-11-02T15:19:34.471352+00:00
177,5292400478,98.0,0.125,sell,False,2022-11-02T15:16:26.196625+00:00
178,5292400477,98.0,0.125,sell,False,2022-11-02T15:16:26.196625+00:00
179,5292400476,98.0,0.1,sell,False,2022-11-02T15:16:26.196625+00:00
180,5292399202,98.13,0.125,sell,False,2022-11-02T15:16:16.952272+00:00
181,5292263934,98.96,0.525,sell,False,2022-11-02T14:48:33.539479+00:00
182,5292242476,99.0,0.775,sell,False,2022-11-02T14:45:27.080002+00:00
183,5292240951,99.065,0.225,sell,False,2022-11-02T14:45:17.791706+00:00
184,5292223017,99.16,0.125,sell,False,2022-11-02T14:42:36.717915+00:00
185,5292223016,99.16,0.125,sell,False,2022-11-02T14:42:36.717915+00:00
186,5292223015,99.165,0.125,sell,False,2022-11-02T14:42:36.717915+00:00
187,5292128096,100.125,0.1,buy,False,2022-11-02T14:25:12.293171+00:00
188,5292065076,99.83,4.0,sell,False,2022-11-02T14:14:32.474541+00:00
189,5292063144,100.095,0.05,sell,False,2022-11-02T14:14:20.447897+00:00
190,5292060216,100.295,0.125,sell,False,2022-11-02T14:14:06.354839+00:00
191,5292060215,100.295,0.125,sell,False,2022-11-02T14:14:06.354839+00:00
192,5291924771,101.1,2.45,sell,False,2022-11-02T13:50:04.921329+00:00
193,5291908640,101.375,0.425,sell,False,2022-11-02T13:46:58.392989+00:00
194,5291908604,101.39,0.125,sell,False,2022-11-02T13:46:57.738255+00:00
195,5291908603,101.39,0.125,sell,False,2022-11-02T13:46:57.738255+00:00
196,5291899616,102.1,2.45,sell,False,2022-11-02T13:45:27.714277+00:00
197,5291863992,102.45,1.95,sell,False,2022-11-02T13:39:04.519979+00:00
198,5291835866,102.64,2.75,sell,False,2022-11-02T13:35:02.003419+00:00
199,5291746304,103.28,0.1,sell,False,2022-11-02T13:19:48.926668+00:00
200,5291672126,105.325,0.1,buy,False,2022-11-02T13:05:17.799044+00:00
201,5291665792,104.57,0.075,buy,False,2022-11-02T13:04:15.137694+00:00
202,5291513668,102.64,0.15,sell,False,2022-11-02T12:30:25.086919+00:00
203,5290724752,103.445,0.1,buy,False,2022-11-02T10:06:43.065575+00:00
204,5290686993,103.44,0.05,buy,False,2022-11-02T10:04:24.972659+00:00
205,5290245213,102.455,0.1,sell,False,2022-11-02T09:23:18.494462+00:00
206,5290245212,102.455,0.1,sell,False,2022-11-02T09:23:18.494462+00:00
207,5290185802,103.0,0.075,sell,False,2022-11-02T09:12:38.995315+00:00
208,5290116297,103.45,0.1,buy,False,2022-11-02T09:03:12.622444+00:00
209,5290116273,103.45,0.1,buy,False,2022-11-02T09:03:12.386972+00:00
210,5289909552,103.785,0.35,sell,False,2022-11-02T08:34:13.491538+00:00
211,5289735727,107.305,100.0,buy,False,2022-11-02T08:00:01.641286+00:00
212,5285820516,108.1,73.35,sell,False,2022-11-01T21:12:55.972040+00:00
213,5285820510,107.815,24.575,buy,False,2022-11-01T21:12:55.898645+00:00
214,5285820509,107.81,2.075,buy,False,2022-11-01T21:12:55.898645+00:00
215,5285564071,108.345,0.25,buy,False,2022-11-01T20:15:42.881830+00:00
216,5285529610,106.2,0.3,sell,False,2022-11-01T20:06:46.205278+00:00
217,5284557306,109.0,14.375,buy,False,2022-11-01T16:40:25.384988+00:00
218,5284556590,109.0,15.6,buy,False,2022-11-01T16:40:21.172784+00:00
219,5284556573,109.0,16.3,buy,False,2022-11-01T16:40:20.640552+00:00
220,5283686375,109.9,0.025,buy,False,2022-11-01T14:15:28.109304+00:00
221,5283303899,111.67,0.325,buy,False,2022-11-01T13:44:37.689362+00:00
222,5281789772,109.03,0.6,buy,False,2022-11-01T10:03:56.184695+00:00
223,5281789771,108.405,0.075,buy,False,2022-11-01T10:03:56.184695+00:00
224,5278818483,107.45,0.025,buy,False,2022-11-01T02:06:12.978657+00:00
225,5277096230,107.63,0.025,buy,False,2022-10-31T21:19:06.518461+00:00
226,5277090870,107.63,0.025,buy,False,2022-10-31T21:17:53.385372+00:00
227,5276665231,107.14,0.925,sell,False,2022-10-31T19:56:12.759773+00:00
228,5276425864,107.375,2.35,sell,False,2022-10-31T19:11:45.246759+00:00
229,5276425719,107.37,7.65,sell,False,2022-10-31T19:11:43.850266+00:00
230,5276425327,107.37,19.775,sell,False,2022-10-31T19:11:40.645314+00:00
231,5276425131,107.37,16.55,sell,False,2022-10-31T19:11:39.964016+00:00
232,5276425068,107.37,19.775,sell,False,2022-10-31T19:11:39.409288+00:00
233,5276425025,107.37,17.025,sell,False,2022-10-31T19:11:38.860788+00:00
234,5276424977,107.37,20.075,sell,False,2022-10-31T19:11:38.167133+00:00
235,5276424939,107.37,20.125,sell,False,2022-10-31T19:11:37.451577+00:00
236,5276396307,107.235,0.325,buy,False,2022-10-31T19:07:45.482035+00:00
237,5276395597,107.235,0.1,buy,False,2022-10-31T19:07:40.211970+00:00
238,5276259059,107.485,0.2,buy,False,2022-10-31T18:45:30.132866+00:00
239,5276258849,107.485,0.025,buy,False,2022-10-31T18:45:27.084903+00:00
240,5276007262,108.01,0.925,sell,False,2022-10-31T18:06:08.833485+00:00
241,5275951818,108.55,36.95,buy,False,2022-10-31T17:56:40.670664+00:00
242,5275951817,108.19,9.325,buy,False,2022-10-31T17:56:40.670664+00:00
243,5275615363,108.595,0.1,buy,False,2022-10-31T17:06:18.346437+00:00
244,5275441403,108.21,0.9,sell,False,2022-10-31T16:43:15.246273+00:00
245,5275430661,108.31,0.9,sell,False,2022-10-31T16:42:26.722304+00:00
246,5274376647,107.595,2.775,sell,False,2022-10-31T14:55:27.950575+00:00
247,5274106641,108.11,0.05,sell,False,2022-10-31T14:35:42.912539+00:00
248,5273989165,108.615,0.25,sell,False,2022-10-31T14:27:01.976208+00:00
249,5273205372,109.25,0.075,buy,False,2022-10-31T13:46:38.247929+00:00
250,5273043780,110.785,1.0,sell,False,2022-10-31T13:32:57.980663+00:00
251,5251208435,114.61,1.0,sell,False,2022-10-29T08:14:51.939305+00:00
252,5250979458,115.66,1.0,buy,False,2022-10-29T07:45:34.449930+00:00
253,5246087015,113.29,0.175,sell,False,2022-10-28T16:24:21.204563+00:00
254,5244707134,112.29,0.075,buy,False,2022-10-28T13:35:02.986767+00:00
255,5244622995,111.27,0.025,sell,False,2022-10-28T13:30:45.341482+00:00
256,5242821438,110.47,0.525,sell,False,2022-10-28T08:54:33.978203+00:00
257,5241016702,111.275,0.1,sell,False,2022-10-28T03:12:21.778571+00:00
258,5238793709,111.835,0.025,buy,False,2022-10-27T20:56:18.170817+00:00
259,5238142108,111.08,0.1,buy,False,2022-10-27T20:11:13.950807+00:00
260,5238057999,110.975,0.1,sell,False,2022-10-27T20:04:40.550522+00:00
261,5238054983,111.03,0.2,sell,False,2022-10-27T20:04:33.323732+00:00
262,5236606635,113.17,0.1,buy,False,2022-10-27T16:06:41.544693+00:00
263,5233782090,114.855,0.2,sell,False,2022-10-27T10:17:20.191051+00:00
264,5229740995,116.125,0.2,buy,False,2022-10-26T23:23:55.039278+00:00
265,5221412403,116.82,0.05,sell,False,2022-10-26T03:41:29.491475+00:00
266,5215412237,118.525,0.1,sell,False,2022-10-25T16:18:33.350547+00:00
267,5214904670,117.53,0.1,buy,False,2022-10-25T15:37:40.652313+00:00
268,5214904086,117.215,0.1,sell,False,2022-10-25T15:37:33.322062+00:00
269,5214027312,115.095,0.1,buy,False,2022-10-25T14:02:15.042320+00:00
270,5208810837,116.51,0.075,buy,False,2022-10-24T16:18:47.778746+00:00
271,5208211551,113.66,1.025,buy,False,2022-10-24T14:31:18.918338+00:00
272,5208122484,113.44,0.175,sell,False,2022-10-24T14:24:04.020649+00:00
273,5208090839,113.51,3.5,sell,False,2022-10-24T14:21:17.282082+00:00
274,5207798578,115.855,0.125,sell,False,2022-10-24T13:52:22.787478+00:00
275,5207611220,118.27,0.125,sell,False,2022-10-24T13:32:20.297005+00:00
276,5204110223,121.05,0.15,buy,False,2022-10-24T00:04:32.825289+00:00
277,5196443546,120.69,0.825,buy,False,2022-10-22T13:57:42.485790+00:00
278,5193370301,120.61,0.2,buy,False,2022-10-21T21:49:41.603860+00:00
279,5187794086,116.52,0.025,sell,False,2022-10-21T03:22:00.439146+00:00
280,5186932272,116.71,0.125,buy,False,2022-10-21T00:04:56.520332+00:00
281,5186613101,116.35,0.025,sell,False,2022-10-20T22:45:56.902388+00:00
282,5184320422,120.065,1.825,sell,False,2022-10-20T15:03:15.176859+00:00
283,5181231032,115.63,0.075,sell,False,2022-10-20T02:09:41.945603+00:00
284,5179084773,116.24,1.025,sell,False,2022-10-19T19:05:50.483377+00:00
285,5178578557,116.535,0.975,buy,False,2022-10-19T17:03:45.162980+00:00
286,5177216343,116.71,0.025,sell,False,2022-10-19T12:51:20.311027+00:00
287,5170220970,120.605,0.025,sell,False,2022-10-18T12:13:12.561925+00:00
288,5169922296,120.05,0.05,buy,False,2022-10-18T10:41:15.685283+00:00
289,5169922021,119.43,0.1,buy,False,2022-10-18T10:41:11.492475+00:00
290,5169757597,119.43,0.075,buy,False,2022-10-18T09:57:30.685493+00:00
291,5169195373,119.025,0.775,buy,False,2022-10-18T08:00:15.614803+00:00
292,5168325745,118.095,3.475,buy,False,2022-10-18T03:42:06.832654+00:00
293,5167319051,118.095,0.15,buy,False,2022-10-18T00:08:22.605752+00:00
294,5166492557,116.68,0.625,buy,False,2022-10-17T19:44:24.843041+00:00
295,5164372284,110.945,0.025,sell,False,2022-10-17T12:05:54.771003+00:00
296,5153469657,108.98,0.1,sell,False,2022-10-15T04:01:28.912078+00:00
297,5152331361,109.845,0.15,buy,False,2022-10-15T00:10:33.724211+00:00
298,5151891885,110.105,4.775,buy,False,2022-10-14T22:16:20.658428+00:00
299,5150005043,111.38,0.1,buy,False,2022-10-14T15:57:45.778870+00:00
300,5149193622,111.92,0.075,sell,False,2022-10-14T14:14:46.087421+00:00
301,5148768253,114.78,4.6,buy,False,2022-10-14T13:31:25.860464+00:00
302,5147883382,112.855,0.025,sell,False,2022-10-14T11:00:34.513577+00:00
303,5146875691,113.5,0.2,sell,False,2022-10-14T07:19:21.775680+00:00
304,5139622942,109.435,0.025,sell,False,2022-10-13T12:33:34.042357+00:00
305,5139587918,108.58,0.325,sell,False,2022-10-13T12:32:51.369990+00:00
306,5138392777,112.565,0.425,sell,False,2022-10-13T10:40:30.281964+00:00
307,5134574338,113.345,0.05,buy,False,2022-10-12T22:04:26.900602+00:00
308,5134574337,113.34,0.05,buy,False,2022-10-12T22:04:26.900602+00:00
309,5133309811,111.11,0.075,buy,False,2022-10-12T16:07:02.702943+00:00
310,5129422641,107.26,0.125,buy,False,2022-10-12T00:05:23.734693+00:00
311,5127473658,108.725,0.175,buy,False,2022-10-11T15:50:30.465102+00:00
312,5127118334,105.65,0.075,buy,False,2022-10-11T14:40:58.259280+00:00
313,5127064137,103.965,0.1,sell,False,2022-10-11T14:30:47.129651+00:00
314,5127007266,104.505,0.1,buy,False,2022-10-11T14:20:08.175135+00:00
315,5126983219,104.72,0.1,buy,False,2022-10-11T14:17:08.636019+00:00
316,5126980167,104.97,0.1,buy,False,2022-10-11T14:16:37.263007+00:00
317,5126893164,104.025,2.225,sell,True,2022-10-11T14:05:35.305332+00:00
318,5124285164,111.295,0.125,buy,False,2022-10-11T03:05:32.022364+00:00
319,5123351364,111.34,0.125,buy,False,2022-10-11T00:11:33.970994+00:00
320,5121873503,110.72,9.1,buy,False,2022-10-10T19:03:41.819903+00:00
321,5120173897,108.93,0.9,buy,False,2022-10-10T12:44:37.101734+00:00
322,5119968464,109.12,4.6,buy,False,2022-10-10T11:40:04.587516+00:00
323,5117956341,108.925,0.4,buy,False,2022-10-10T02:16:40.045808+00:00
324,5117953126,108.865,25.875,buy,False,2022-10-10T02:15:53.538964+00:00
325,5117953125,108.63,14.125,buy,False,2022-10-10T02:15:53.538964+00:00
326,5117509932,108.595,0.125,buy,False,2022-10-10T00:04:54.698724+00:00
327,5114416316,109.18,0.025,buy,False,2022-10-09T00:10:46.406823+00:00
328,5112688396,103.865,0.05,sell,False,2022-10-08T11:16:00.301424+00:00
329,5112314543,108.4,0.025,sell,False,2022-10-08T07:56:34.375470+00:00
330,5110750793,108.885,2.275,buy,False,2022-10-07T20:53:28.270154+00:00
331,5109513886,108.13,0.075,sell,False,2022-10-07T16:11:18.525849+00:00
332,5109476753,108.855,0.175,buy,False,2022-10-07T16:02:34.657748+00:00
333,5108845700,107.715,2.025,buy,False,2022-10-07T13:54:09.457485+00:00
334,5108730176,109.0,2.1,sell,False,2022-10-07T13:35:19.470417+00:00
335,5102549740,112.66,0.025,sell,False,2022-10-06T13:34:05.265645+00:00
336,5102548068,112.775,1.225,buy,False,2022-10-06T13:33:46.317340+00:00
337,5101602698,111.67,0.025,buy,False,2022-10-06T09:45:49.844989+00:00
338,5099887336,112.25,2.025,sell,False,2022-10-06T02:01:49.448214+00:00
339,5097909530,109.885,4.4,sell,False,2022-10-05T18:15:34.436814+00:00
340,5097394616,109.825,0.15,buy,False,2022-10-05T16:37:55.267417+00:00
341,5094744346,111.77,0.025,sell,False,2022-10-05T08:00:01.810916+00:00
342,5093204462,111.95,0.125,buy,False,2022-10-05T00:11:29.095378+00:00
343,5091286854,110.49,0.025,sell,False,2022-10-04T16:46:15.605636+00:00
344,5090282341,110.42,0.025,sell,False,2022-10-04T13:51:33.888151+00:00
345,5085237613,103.97,0.025,sell,False,2022-10-03T16:16:43.347979+00:00
346,5084279814,104.85,6.125,sell,False,2022-10-03T13:37:12.716932+00:00
347,5084267529,104.59,0.025,sell,False,2022-10-03T13:35:09.038677+00:00
348,5081959018,104.745,0.075,buy,False,2022-10-03T01:47:13.200950+00:00
349,5080784252,104.995,0.025,sell,False,2022-10-02T22:07:37.131724+00:00
350,5074355132,105.79,0.075,buy,False,2022-10-01T08:11:11.251066+00:00
351,5074268786,105.79,0.025,buy,False,2022-10-01T07:37:14.492446+00:00
352,5070968980,107.555,0.025,sell,False,2022-09-30T16:01:19.157371+00:00
353,5070061495,107.915,5.125,buy,False,2022-09-30T14:16:05.700401+00:00
354,5069624629,106.58,0.025,sell,False,2022-09-30T13:16:58.149010+00:00
355,5067805388,106.87,0.1,sell,False,2022-09-30T07:16:14.341086+00:00
356,5064686078,105.585,6.1,sell,False,2022-09-29T18:14:27.364905+00:00
357,5064641232,105.39,0.1,sell,False,2022-09-29T18:05:36.170280+00:00
358,5064596663,105.715,0.1,sell,False,2022-09-29T18:00:36.685170+00:00
359,5064571225,105.58,0.1,sell,False,2022-09-29T17:55:33.938791+00:00
360,5064543777,106.085,0.1,sell,False,2022-09-29T17:50:23.379724+00:00
361,5064526697,106.095,0.1,sell,False,2022-09-29T17:45:19.131158+00:00
362,5064509392,106.23,0.1,sell,False,2022-09-29T17:40:15.412638+00:00
363,5064492988,106.355,0.1,sell,False,2022-09-29T17:35:32.492794+00:00
364,5064474537,106.13,0.1,sell,False,2022-09-29T17:30:25.488882+00:00
365,5064453397,106.2,0.1,sell,False,2022-09-29T17:25:29.968944+00:00
366,5064435461,106.525,0.1,sell,False,2022-09-29T17:20:43.997634+00:00
367,5064409591,106.58,0.1,sell,False,2022-09-29T17:15:12.466515+00:00
368,5064382432,106.47,0.1,sell,False,2022-09-29T17:10:20.423583+00:00
369,5064331016,106.785,0.1,sell,False,2022-09-29T17:00:31.731098+00:00
370,5064299596,107.24,0.1,sell,False,2022-09-29T16:55:12.401877+00:00
371,5064263914,107.155,0.1,sell,False,2022-09-29T16:50:05.198827+00:00
372,5064216945,107.42,0.1,sell,False,2022-09-29T16:45:13.878673+00:00
373,5064161832,107.32,0.075,sell,False,2022-09-29T16:40:30.775143+00:00
374,5064161831,107.41,0.025,sell,False,2022-09-29T16:40:30.775143+00:00
375,5064113559,107.675,0.1,sell,False,2022-09-29T16:35:34.600069+00:00
376,5064085124,107.435,0.1,sell,False,2022-09-29T16:30:41.152735+00:00
377,5064055296,107.435,0.1,sell,False,2022-09-29T16:25:18.751327+00:00
378,5064032428,107.565,0.1,sell,False,2022-09-29T16:20:20.371020+00:00
379,5064004753,107.53,0.1,sell,False,2022-09-29T16:15:18.506576+00:00
380,5063979887,107.83,0.1,sell,False,2022-09-29T16:10:33.589222+00:00
381,5063951523,108.14,0.1,sell,False,2022-09-29T16:05:18.265709+00:00
382,5063923566,108.735,0.1,sell,False,2022-09-29T16:00:13.345217+00:00
383,5063906289,107.99,0.1,sell,False,2022-09-29T15:55:35.183621+00:00
384,5063876951,107.47,0.1,sell,False,2022-09-29T15:50:12.539863+00:00
385,5063861383,107.63,0.1,sell,False,2022-09-29T15:45:45.393858+00:00
386,5063837021,107.11,0.1,sell,False,2022-09-29T15:40:13.734066+00:00
387,5063817424,107.21,0.1,sell,False,2022-09-29T15:35:13.432294+00:00
388,5063792723,106.975,0.1,sell,False,2022-09-29T15:30:13.045381+00:00
389,5063769358,106.995,0.1,sell,False,2022-09-29T15:25:18.013285+00:00
390,5063744406,107.295,0.1,sell,False,2022-09-29T15:20:25.651692+00:00
391,5063709670,107.54,0.1,sell,False,2022-09-29T15:15:45.537886+00:00
392,5063674832,108.11,0.1,sell,False,2022-09-29T15:10:18.623409+00:00
393,5063604434,107.765,0.1,sell,False,2022-09-29T15:00:35.046590+00:00
394,5063570137,107.59,0.1,sell,False,2022-09-29T14:55:46.924115+00:00
395,5063516848,107.34,0.1,sell,False,2022-09-29T14:50:13.415325+00:00
396,5063477924,107.115,0.1,sell,False,2022-09-29T14:45:14.399475+00:00
397,5063410725,107.35,0.1,sell,False,2022-09-29T14:40:17.484810+00:00
398,5063377204,107.275,0.1,sell,False,2022-09-29T14:35:20.022937+00:00
399,5063344512,107.04,0.1,sell,False,2022-09-29T14:30:17.026741+00:00
400,5063312608,107.16,0.1,sell,False,2022-09-29T14:25:16.638990+00:00
401,5063274568,107.155,0.1,sell,False,2022-09-29T14:20:27.217005+00:00
402,5063230343,106.86,0.1,sell,False,2022-09-29T14:15:14.292357+00:00
403,5063196575,107.3,0.1,sell,False,2022-09-29T14:10:29.048658+00:00
404,5063104997,107.315,0.1,sell,False,2022-09-29T14:00:37.141673+00:00
405,5063067136,107.655,0.1,sell,False,2022-09-29T13:55:27.253040+00:00
406,5063021516,106.705,0.1,sell,False,2022-09-29T13:50:29.948517+00:00
407,5062953183,106.23,0.1,sell,False,2022-09-29T13:45:15.269336+00:00
408,5062874249,107.025,1.35,sell,False,2022-09-29T13:40:29.284563+00:00
409,5062871747,107.035,0.1,sell,False,2022-09-29T13:40:07.131613+00:00
410,5062846512,107.69,0.1,sell,False,2022-09-29T13:35:17.459467+00:00
411,5062818170,107.855,0.1,sell,False,2022-09-29T13:30:50.907024+00:00
412,5062796874,108.1,0.1,sell,False,2022-09-29T13:25:36.067821+00:00
413,5062773022,108.64,0.1,sell,False,2022-09-29T13:20:26.386854+00:00
414,5062745992,108.67,0.1,sell,False,2022-09-29T13:15:11.201632+00:00
415,5062727438,108.425,0.1,sell,False,2022-09-29T13:10:11.167044+00:00
416,5062700937,108.38,0.1,sell,False,2022-09-29T13:05:43.011336+00:00
417,5062677491,108.54,0.1,sell,False,2022-09-29T13:00:25.479691+00:00
418,5062654792,108.73,0.1,sell,False,2022-09-29T12:55:24.464775+00:00
419,5062629954,108.44,0.1,sell,False,2022-09-29T12:50:03.818586+00:00
420,5062603450,108.58,0.1,sell,False,2022-09-29T12:45:25.611370+00:00
421,5062570104,108.88,0.1,sell,False,2022-09-29T12:40:28.595081+00:00
422,5062505968,107.995,0.1,sell,False,2022-09-29T12:35:29.431167+00:00
423,5062437555,108.4,0.1,sell,False,2022-09-29T12:30:43.479631+00:00
424,5062404157,108.89,0.1,sell,False,2022-09-29T12:25:35.570259+00:00
425,5062384661,108.89,0.1,sell,False,2022-09-29T12:21:07.669477+00:00
426,5062358128,108.775,0.1,sell,False,2022-09-29T12:15:35.815287+00:00
427,5062317706,108.89,0.1,sell,False,2022-09-29T12:10:06.219167+00:00
428,5062296817,108.81,0.1,sell,False,2022-09-29T12:05:53.917916+00:00
429,5062270937,108.69,0.1,sell,False,2022-09-29T12:00:35.360034+00:00
430,5062251032,108.72,0.1,sell,False,2022-09-29T11:55:24.379225+00:00
431,5062235525,109.27,0.1,sell,False,2022-09-29T11:50:39.822096+00:00
432,5062213165,109.27,0.1,sell,False,2022-09-29T11:45:41.461268+00:00
433,5062192081,109.09,0.1,sell,False,2022-09-29T11:40:18.278758+00:00
434,5062173450,109.27,0.1,sell,False,2022-09-29T11:35:44.662636+00:00
435,5062152791,109.27,0.1,sell,False,2022-09-29T11:30:28.929398+00:00
436,5062133952,109.47,0.1,sell,False,2022-09-29T11:25:28.252487+00:00
437,5062104605,109.09,0.1,sell,False,2022-09-29T11:20:21.026354+00:00
438,5062074984,108.495,0.1,sell,False,2022-09-29T11:15:30.653811+00:00
439,5062054492,108.985,0.1,sell,False,2022-09-29T11:10:46.372297+00:00
440,5062006509,109.23,0.1,sell,False,2022-09-29T11:00:18.923571+00:00
441,5061987741,108.31,0.1,sell,False,2022-09-29T10:55:34.209897+00:00
442,5061965577,108.31,0.1,sell,False,2022-09-29T10:50:12.157769+00:00
443,5061949430,108.46,0.1,sell,False,2022-09-29T10:45:20.846839+00:00
444,5061937079,109.17,0.1,sell,False,2022-09-29T10:40:42.688531+00:00
445,5061921369,109.145,0.1,sell,False,2022-09-29T10:35:10.193424+00:00
446,5061906624,109.085,0.1,sell,False,2022-09-29T10:30:21.363097+00:00
447,5061890331,108.805,0.1,sell,False,2022-09-29T10:25:37.411889+00:00
448,5061872191,108.335,0.1,sell,False,2022-09-29T10:20:05.999564+00:00
449,5061858050,108.03,0.1,sell,False,2022-09-29T10:15:32.775401+00:00
450,5061837568,108.03,0.1,sell,False,2022-09-29T10:10:15.590820+00:00
451,5061820082,108.19,0.1,sell,False,2022-09-29T10:05:30.287111+00:00
452,5061794550,109.415,0.1,sell,False,2022-09-29T10:00:13.310867+00:00
453,5061775563,109.755,0.1,sell,False,2022-09-29T09:55:12.352451+00:00
454,5061755257,109.58,0.1,sell,False,2022-09-29T09:50:04.824512+00:00
455,5061735780,108.97,0.1,sell,False,2022-09-29T09:45:22.275195+00:00
456,5061707097,109.42,0.1,sell,False,2022-09-29T09:40:11.838730+00:00
457,5061691544,109.42,0.1,sell,False,2022-09-29T09:35:31.298268+00:00
458,5061669400,109.405,0.1,sell,False,2022-09-29T09:30:23.380467+00:00
459,5061649242,109.35,0.1,sell,False,2022-09-29T09:25:24.004954+00:00
460,5061633710,109.335,0.1,sell,False,2022-09-29T09:20:09.207460+00:00
461,5061616482,109.43,0.1,sell,False,2022-09-29T09:15:29.752201+00:00
462,5061596385,107.985,0.1,sell,False,2022-09-29T09:10:04.603288+00:00
463,5061593278,109.33,0.4,buy,False,2022-09-29T09:09:03.006285+00:00
464,5061576601,108.045,0.1,sell,False,2022-09-29T09:05:17.885442+00:00
465,5061552013,108.815,0.1,sell,False,2022-09-29T09:00:14.066529+00:00
466,5061536245,108.38,0.1,sell,False,2022-09-29T08:55:43.179638+00:00
467,5061519706,108.38,0.1,sell,False,2022-09-29T08:50:14.491575+00:00
468,5061501206,108.315,0.1,sell,False,2022-09-29T08:45:25.548544+00:00
469,5061476860,107.93,0.1,sell,False,2022-09-29T08:40:13.400878+00:00
470,5061454035,108.025,0.1,sell,False,2022-09-29T08:35:12.921796+00:00
471,5061433719,108.025,0.1,sell,False,2022-09-29T08:30:26.913752+00:00
472,5061416765,108.025,0.1,sell,False,2022-09-29T08:25:25.849175+00:00
473,5061401634,108.025,0.1,sell,False,2022-09-29T08:20:13.572837+00:00
474,5061383706,108.365,0.1,sell,False,2022-09-29T08:15:16.203401+00:00
475,5061367546,108.025,0.1,sell,False,2022-09-29T08:10:15.665086+00:00
476,5061348755,107.69,0.1,sell,False,2022-09-29T08:05:13.005730+00:00
477,5061326225,107.35,0.1,sell,False,2022-09-29T08:00:34.223150+00:00
478,5061301362,108.905,0.1,sell,False,2022-09-29T07:55:05.909057+00:00
479,5061283990,109.27,0.1,sell,False,2022-09-29T07:50:18.221244+00:00
480,5061268126,109.215,0.1,sell,False,2022-09-29T07:45:15.356624+00:00
481,5061253303,108.965,0.1,sell,False,2022-09-29T07:40:24.704191+00:00
482,5061232411,109.18,0.1,sell,False,2022-09-29T07:35:28.962838+00:00
483,5061209421,109.285,0.1,sell,False,2022-09-29T07:30:37.996405+00:00
484,5061190860,109.43,0.1,sell,False,2022-09-29T07:25:15.895217+00:00
485,5061172284,109.44,0.1,sell,False,2022-09-29T07:20:17.007628+00:00
486,5061153964,109.52,0.1,sell,False,2022-09-29T07:15:40.006985+00:00
487,5061125517,109.27,0.1,sell,False,2022-09-29T07:10:08.219577+00:00
488,5061085334,109.33,0.1,sell,False,2022-09-29T07:05:11.964489+00:00
489,5061054357,109.635,0.1,sell,False,2022-09-29T07:00:27.100871+00:00
490,5061033982,109.91,0.1,sell,False,2022-09-29T06:55:26.706758+00:00
491,5061021822,109.925,0.1,sell,False,2022-09-29T06:50:18.681348+00:00
492,5061006880,110.03,0.1,sell,False,2022-09-29T06:45:29.582054+00:00
493,5060988424,109.875,0.1,sell,False,2022-09-29T06:40:27.787711+00:00
494,5060969794,109.705,0.1,sell,False,2022-09-29T06:35:06.460146+00:00
495,5060952142,109.785,0.1,sell,False,2022-09-29T06:30:31.445677+00:00
496,5060928478,109.82,0.1,sell,False,2022-09-29T06:25:18.045231+00:00
497,5060903828,109.595,0.1,sell,False,2022-09-29T06:20:12.032163+00:00
498,5060874745,109.73,0.1,sell,False,2022-09-29T06:15:25.636014+00:00
499,5060848439,109.655,0.1,sell,False,2022-09-29T06:10:29.900314+00:00
500,5060806637,109.975,0.1,sell,False,2022-09-29T06:00:14.553879+00:00
501,5060790147,110.18,0.1,sell,False,2022-09-29T05:55:26.864777+00:00
502,5060770193,110.22,0.1,sell,False,2022-09-29T05:50:10.806130+00:00
503,5060748460,110.09,0.1,sell,False,2022-09-29T05:45:33.218944+00:00
504,5060720449,110.33,0.1,sell,False,2022-09-29T05:40:28.063053+00:00
505,5060703933,110.15,0.1,sell,False,2022-09-29T05:35:27.071930+00:00
506,5060682523,110.26,0.1,sell,False,2022-09-29T05:30:16.887966+00:00
507,5060671562,110.495,0.1,sell,False,2022-09-29T05:25:09.594150+00:00
508,5060659792,110.49,0.1,sell,False,2022-09-29T05:20:15.613925+00:00
509,5060646797,110.465,0.1,sell,False,2022-09-29T05:15:47.032602+00:00
510,5060632782,110.545,0.1,sell,False,2022-09-29T05:10:20.873090+00:00
511,5060602918,110.56,0.1,sell,False,2022-09-29T05:00:22.115931+00:00
512,5060588565,110.585,0.1,sell,False,2022-09-29T04:55:19.520996+00:00
513,5060571127,110.615,0.1,sell,False,2022-09-29T04:50:41.800659+00:00
514,5060541855,110.61,0.1,sell,False,2022-09-29T04:40:29.705472+00:00
515,5060524885,110.605,0.1,sell,False,2022-09-29T04:35:13.807085+00:00
516,5060508549,110.585,0.1,sell,False,2022-09-29T04:30:45.126711+00:00
517,5060492539,110.6,0.1,sell,False,2022-09-29T04:25:12.802622+00:00
518,5060474664,110.525,0.1,sell,False,2022-09-29T04:20:12.003843+00:00
519,5060460396,110.485,0.1,sell,False,2022-09-29T04:15:12.522035+00:00
520,5060448979,110.47,0.1,sell,False,2022-09-29T04:10:21.463268+00:00
521,5060435256,110.485,0.1,sell,False,2022-09-29T04:05:20.277293+00:00
522,5060418602,110.495,0.1,sell,False,2022-09-29T04:00:32.676019+00:00
523,5060402300,110.535,0.1,sell,False,2022-09-29T03:55:17.422968+00:00
524,5060382350,110.495,0.1,sell,False,2022-09-29T03:50:13.377267+00:00
525,5060364027,110.44,0.075,sell,False,2022-09-29T03:45:17.919745+00:00
526,5060364026,110.44,0.025,sell,False,2022-09-29T03:45:17.919745+00:00
527,5060344272,110.38,0.1,sell,False,2022-09-29T03:40:23.699678+00:00
528,5060326894,110.35,0.1,sell,False,2022-09-29T03:35:08.789353+00:00
529,5060309773,110.41,0.1,sell,False,2022-09-29T03:30:14.699251+00:00
530,5060295179,110.395,0.1,sell,False,2022-09-29T03:25:06.774201+00:00
531,5060281518,110.385,0.1,sell,False,2022-09-29T03:20:35.495747+00:00
532,5060267079,110.365,0.1,sell,False,2022-09-29T03:15:11.797588+00:00
533,5060251152,110.35,0.1,sell,False,2022-09-29T03:10:13.032709+00:00
534,5060213578,110.3,0.1,sell,False,2022-09-29T03:00:23.230623+00:00
535,5060197935,110.32,0.1,sell,False,2022-09-29T02:55:24.705306+00:00
536,5060185878,110.33,0.2,sell,False,2022-09-29T02:51:58.497575+00:00
537,5060183152,110.33,0.1,sell,False,2022-09-29T02:50:44.130528+00:00
538,5060167373,110.305,0.1,sell,False,2022-09-29T02:45:40.561992+00:00
539,5060149887,110.28,0.1,sell,False,2022-09-29T02:40:10.111250+00:00
540,5060136400,110.33,0.1,sell,False,2022-09-29T02:35:15.620711+00:00
541,5060118580,110.285,0.1,sell,False,2022-09-29T02:30:28.211911+00:00
542,5060099394,110.25,0.1,sell,False,2022-09-29T02:25:10.162623+00:00
543,5060076118,110.34,0.1,sell,False,2022-09-29T02:20:17.585290+00:00
544,5060048371,110.27,0.1,sell,False,2022-09-29T02:15:29.085429+00:00
545,5060020818,110.035,0.1,sell,False,2022-09-29T02:10:20.000285+00:00
546,5059986900,110.395,0.1,sell,False,2022-09-29T02:05:46.273516+00:00
547,5059948129,110.4,0.1,sell,False,2022-09-29T02:00:37.020798+00:00
548,5059926601,110.445,0.1,sell,False,2022-09-29T01:55:36.582359+00:00
549,5059907313,110.55,0.1,sell,False,2022-09-29T01:50:29.375398+00:00
550,5059893917,110.525,0.1,sell,False,2022-09-29T01:45:49.273637+00:00
551,5059876051,110.525,0.1,sell,False,2022-09-29T01:40:41.632814+00:00
552,5059852865,110.52,0.1,sell,False,2022-09-29T01:35:20.193035+00:00
553,5059822996,111.16,0.025,buy,False,2022-09-29T01:30:58.611006+00:00
554,5059821890,110.885,0.075,buy,False,2022-09-29T01:30:45.248599+00:00
555,5059820493,110.245,0.1,sell,False,2022-09-29T01:30:25.015897+00:00
556,5059802174,110.49,0.1,sell,False,2022-09-29T01:25:33.178521+00:00
557,5059780895,110.455,0.1,sell,False,2022-09-29T01:20:26.426035+00:00
558,5059756596,110.525,0.1,sell,False,2022-09-29T01:15:29.039717+00:00
559,5059739285,110.31,0.1,sell,False,2022-09-29T01:10:24.266455+00:00
560,5059720487,110.505,0.1,sell,False,2022-09-29T01:05:26.377600+00:00
561,5059700447,110.5,0.1,sell,False,2022-09-29T01:00:35.200292+00:00
562,5059679079,110.5,0.1,sell,False,2022-09-29T00:55:14.868386+00:00
563,5059656249,110.495,0.1,sell,False,2022-09-29T00:50:33.446474+00:00
564,5059618417,110.36,0.1,sell,False,2022-09-29T00:45:55.055642+00:00
565,5059586570,110.605,0.1,sell,False,2022-09-29T00:40:18.906851+00:00
566,5059561568,110.405,0.1,sell,False,2022-09-29T00:35:09.681929+00:00
567,5059541862,110.64,0.1,sell,False,2022-09-29T00:30:18.424673+00:00
568,5059520559,110.545,0.1,sell,False,2022-09-29T00:25:10.588357+00:00
569,5059498154,110.595,0.1,sell,False,2022-09-29T00:20:23.883868+00:00
570,5059472357,110.535,0.1,sell,False,2022-09-29T00:15:26.900598+00:00
571,5059448327,110.595,0.1,sell,False,2022-09-29T00:10:30.381839+00:00
572,5059421092,110.62,0.1,sell,False,2022-09-29T00:05:09.190239+00:00
573,5059389889,110.465,0.1,sell,False,2022-09-29T00:00:17.519421+00:00
574,5059374352,110.445,0.1,sell,False,2022-09-28T23:55:20.972574+00:00
575,5059357679,110.485,0.1,sell,False,2022-09-28T23:50:19.136097+00:00
576,5059334669,110.425,0.1,sell,False,2022-09-28T23:45:23.396470+00:00
577,5059318857,110.42,0.1,sell,False,2022-09-28T23:40:26.929432+00:00
578,5059292616,110.46,0.1,sell,False,2022-09-28T23:35:26.014473+00:00
579,5059276691,110.49,0.1,sell,False,2022-09-28T23:30:34.590994+00:00
580,5059263324,110.465,0.1,sell,False,2022-09-28T23:25:24.385364+00:00
581,5059249266,110.505,0.1,sell,False,2022-09-28T23:20:32.732894+00:00
582,5059235589,110.515,0.1,sell,False,2022-09-28T23:15:47.375845+00:00
583,5059216131,110.49,0.1,sell,False,2022-09-28T23:10:21.019158+00:00
584,5059198854,110.44,0.1,sell,False,2022-09-28T23:05:44.524869+00:00
585,5059181125,110.46,0.1,sell,False,2022-09-28T23:00:12.758843+00:00
586,5059165836,110.425,0.1,sell,False,2022-09-28T22:55:30.441229+00:00
587,5059143365,110.225,0.1,sell,False,2022-09-28T22:50:21.601582+00:00
588,5059104724,110.58,0.1,sell,False,2022-09-28T22:45:39.973088+00:00
589,5059086168,110.69,0.1,sell,False,2022-09-28T22:40:13.465411+00:00
590,5059068628,110.675,0.1,sell,False,2022-09-28T22:35:15.901434+00:00
591,5059052029,110.68,0.1,sell,False,2022-09-28T22:30:45.602254+00:00
592,5059025482,110.64,0.1,sell,False,2022-09-28T22:25:24.148055+00:00
593,5059008480,110.645,0.1,sell,False,2022-09-28T22:20:15.164568+00:00
594,5058990503,110.675,0.1,sell,False,2022-09-28T22:15:20.065170+00:00
595,5058972217,110.685,0.1,sell,False,2022-09-28T22:10:16.025001+00:00
596,5058952003,110.61,0.1,sell,False,2022-09-28T22:05:15.420629+00:00
597,5058930050,110.6,0.1,sell,False,2022-09-28T22:00:44.968823+00:00
598,5058912233,110.29,0.1,sell,False,2022-09-28T21:55:34.033303+00:00
599,5058895204,110.0,0.1,sell,False,2022-09-28T21:50:28.891380+00:00
600,5058866679,110.315,0.1,sell,False,2022-09-28T21:45:17.886741+00:00
601,5058848931,110.315,0.1,sell,False,2022-09-28T21:40:23.274071+00:00
602,5058834599,110.315,0.1,sell,False,2022-09-28T21:35:21.006397+00:00
603,5058815903,110.4,0.1,sell,False,2022-09-28T21:30:40.764906+00:00
604,5058791138,110.315,0.1,sell,False,2022-09-28T21:25:31.894617+00:00
605,5058771663,109.68,0.1,sell,False,2022-09-28T21:20:13.920045+00:00
606,5058757799,109.68,0.1,sell,False,2022-09-28T21:15:29.323843+00:00
607,5058741376,109.68,0.1,sell,False,2022-09-28T21:10:07.971274+00:00
608,5058724022,110.055,0.1,sell,False,2022-09-28T21:05:07.027255+00:00
609,5058706608,109.99,0.1,sell,False,2022-09-28T21:00:39.801917+00:00
610,5058684659,109.99,0.1,sell,False,2022-09-28T20:55:04.494381+00:00
611,5058665319,109.99,0.1,sell,False,2022-09-28T20:50:33.878092+00:00
612,5058633890,110.57,0.1,sell,False,2022-09-28T20:45:42.969592+00:00
613,5058606824,110.595,0.1,sell,False,2022-09-28T20:40:20.296618+00:00
614,5058588693,110.595,0.1,sell,False,2022-09-28T20:35:36.257330+00:00
615,5058566200,110.575,0.1,sell,False,2022-09-28T20:30:18.400005+00:00
616,5058548468,110.375,0.1,sell,False,2022-09-28T20:25:13.907526+00:00
617,5058528595,110.47,0.1,sell,False,2022-09-28T20:20:17.360495+00:00
618,5058508480,110.45,0.1,sell,False,2022-09-28T20:15:42.588436+00:00
619,5058460754,110.69,0.1,sell,False,2022-09-28T20:10:10.372835+00:00
620,5058444497,110.625,0.1,sell,False,2022-09-28T20:05:27.006688+00:00
621,5058421530,110.345,0.1,sell,False,2022-09-28T20:00:30.401109+00:00
622,5058399292,110.735,0.1,sell,False,2022-09-28T19:55:22.354408+00:00
623,5058377270,111.095,0.1,sell,False,2022-09-28T19:50:29.981043+00:00
624,5058340977,110.93,0.1,sell,False,2022-09-28T19:45:47.147491+00:00
625,5058319288,110.905,0.1,sell,False,2022-09-28T19:40:44.422810+00:00
626,5058303710,110.585,0.1,sell,False,2022-09-28T19:35:38.354574+00:00
627,5058284500,110.77,0.1,sell,False,2022-09-28T19:30:44.221026+00:00
628,5058264367,110.51,0.1,sell,False,2022-09-28T19:25:06.576591+00:00
629,5058244719,110.39,0.1,sell,False,2022-09-28T19:20:07.265297+00:00
630,5058219246,110.54,0.1,sell,False,2022-09-28T19:15:14.449187+00:00
631,5058198243,110.17,0.1,sell,False,2022-09-28T19:10:14.432435+00:00
632,5058178159,110.405,0.85,buy,False,2022-09-28T19:06:23.487584+00:00
633,5058170040,110.345,0.1,sell,False,2022-09-28T19:05:22.217749+00:00
634,5058144753,109.79,0.1,sell,False,2022-09-28T19:00:20.499348+00:00
635,5058126879,110.015,0.1,sell,False,2022-09-28T18:55:30.725484+00:00
636,5058108817,110.06,0.1,sell,False,2022-09-28T18:50:40.508970+00:00
637,5058085435,109.74,0.1,sell,False,2022-09-28T18:45:20.919445+00:00
638,5058052993,110.185,0.1,sell,False,2022-09-28T18:40:07.952172+00:00
639,5058021005,110.19,0.1,sell,False,2022-09-28T18:35:23.235764+00:00
640,5057992386,110.095,0.1,sell,False,2022-09-28T18:30:33.511683+00:00
641,5057969922,109.695,0.1,sell,False,2022-09-28T18:25:07.526411+00:00
642,5057952368,109.86,0.1,sell,False,2022-09-28T18:20:17.414989+00:00
643,5057934231,109.79,0.1,sell,False,2022-09-28T18:15:30.788528+00:00
644,5057913566,109.89,0.1,sell,False,2022-09-28T18:10:31.564619+00:00
645,5057891961,109.825,0.1,sell,False,2022-09-28T18:05:36.944048+00:00
646,5057859909,109.635,0.1,sell,False,2022-09-28T18:00:36.948140+00:00
647,5057828318,109.75,0.1,sell,False,2022-09-28T17:55:09.847539+00:00
648,5057800218,109.515,0.1,sell,False,2022-09-28T17:50:45.454169+00:00
649,5057721075,109.615,0.1,sell,False,2022-09-28T17:45:26.410117+00:00
650,5057693133,109.68,0.1,sell,False,2022-09-28T17:40:05.427881+00:00
651,5057664700,109.77,0.1,sell,False,2022-09-28T17:35:36.605491+00:00
652,5057645248,109.47,0.1,sell,False,2022-09-28T17:30:38.612073+00:00
653,5057623023,109.755,0.1,sell,False,2022-09-28T17:25:22.291122+00:00
654,5057605033,109.735,0.1,sell,False,2022-09-28T17:20:17.469658+00:00
655,5057587901,109.435,0.1,sell,False,2022-09-28T17:15:32.679631+00:00
656,5057571763,109.76,0.1,sell,False,2022-09-28T17:10:42.503007+00:00
657,5057546520,109.61,0.1,sell,False,2022-09-28T17:05:21.365603+00:00
658,5057518687,109.435,0.1,sell,False,2022-09-28T17:00:24.967981+00:00
659,5057498148,109.025,0.1,sell,False,2022-09-28T16:55:05.839006+00:00
660,5057475096,109.29,0.1,sell,False,2022-09-28T16:50:09.990025+00:00
661,5057465873,109.05,0.025,sell,False,2022-09-28T16:47:47.004798+00:00
662,5057454770,109.3,0.1,sell,False,2022-09-28T16:45:13.659278+00:00
663,5057435124,108.805,0.1,sell,False,2022-09-28T16:40:42.092738+00:00
664,5057409300,108.89,0.1,sell,False,2022-09-28T16:35:19.706881+00:00
665,5057380412,109.03,0.1,sell,False,2022-09-28T16:30:29.629601+00:00
666,5057344373,108.9,0.1,sell,False,2022-09-28T16:25:23.781883+00:00
667,5057311565,109.535,0.1,sell,False,2022-09-28T16:20:22.637272+00:00
668,5057275504,109.005,0.1,sell,False,2022-09-28T16:15:34.489528+00:00
669,5057243835,108.8,0.075,sell,False,2022-09-28T16:10:10.820482+00:00
670,5057243834,108.8,0.025,sell,False,2022-09-28T16:10:10.820482+00:00
671,5057211822,108.935,0.1,sell,False,2022-09-28T16:05:38.753229+00:00
672,5057148551,109.165,0.025,sell,False,2022-09-28T16:00:30.739839+00:00
673,5057148550,109.195,0.075,sell,False,2022-09-28T16:00:30.739839+00:00
674,5057113992,109.26,0.1,sell,False,2022-09-28T15:55:28.091690+00:00
675,5057085377,109.105,0.1,sell,False,2022-09-28T15:50:21.997763+00:00
676,5057058504,108.805,0.1,sell,False,2022-09-28T15:45:17.435055+00:00
677,5057036256,108.9,0.1,sell,False,2022-09-28T15:40:29.495832+00:00
678,5057005836,108.46,0.1,sell,False,2022-09-28T15:35:33.231385+00:00
679,5056968525,108.545,0.1,sell,False,2022-09-28T15:30:40.997423+00:00
680,5056938542,109.25,0.1,sell,False,2022-09-28T15:25:40.624667+00:00
681,5056904390,108.22,0.1,sell,False,2022-09-28T15:20:21.998045+00:00
682,5056874526,108.765,0.1,sell,False,2022-09-28T15:15:12.782231+00:00
683,5056843543,108.59,0.1,sell,False,2022-09-28T15:10:13.607848+00:00
684,5056814018,108.95,0.1,sell,False,2022-09-28T15:05:20.439020+00:00
685,5056777872,108.575,0.1,sell,False,2022-09-28T15:00:36.908631+00:00
686,5056738253,108.845,0.45,buy,False,2022-09-28T14:54:45.528002+00:00
687,5055605939,105.59,2.675,sell,False,2022-09-28T12:11:11.672204+00:00
688,5054317917,104.21,0.075,sell,True,2022-09-28T09:08:03.811960+00:00
689,5054159439,105.0,1.375,sell,False,2022-09-28T08:28:04.753147+00:00
690,5053719331,105.405,0.1,sell,False,2022-09-28T07:05:09.172281+00:00
691,5053709177,105.515,0.1,sell,False,2022-09-28T07:02:58.998691+00:00
692,5053691874,105.4,2.8,sell,False,2022-09-28T07:00:14.337381+00:00
693,5053660162,105.58,2.8,sell,False,2022-09-28T06:55:13.246879+00:00
694,5053653611,105.38,2.775,sell,False,2022-09-28T06:53:16.721615+00:00
695,5053653610,105.515,0.025,sell,False,2022-09-28T06:53:16.721615+00:00
696,5051369996,107.195,0.125,buy,False,2022-09-28T00:05:22.863345+00:00
697,5048039640,106.535,0.025,sell,False,2022-09-27T15:40:51.114341+00:00
698,5047702322,108.145,0.75,buy,False,2022-09-27T14:45:14.948020+00:00
699,5047248552,107.18,0.425,buy,False,2022-09-27T13:39:07.931405+00:00
700,5044085502,103.56,0.025,sell,False,2022-09-27T03:05:46.333907+00:00
701,5040870498,103.825,0.025,sell,False,2022-09-26T15:45:13.632841+00:00
702,5040380334,105.0,1.0,sell,False,2022-09-26T14:28:28.269529+00:00
703,5040276503,104.765,0.175,sell,False,2022-09-26T14:15:00.294665+00:00
704,5038344786,101.675,0.025,sell,False,2022-09-26T09:36:17.278220+00:00
705,5031329109,102.425,0.025,buy,False,2022-09-25T08:00:48.069100+00:00
706,5025303154,102.43,1.0,buy,False,2022-09-24T02:46:00.270044+00:00
707,5024214740,102.8,2.225,buy,False,2022-09-23T22:57:10.811807+00:00
708,5021516553,100.91,0.025,sell,False,2022-09-23T15:46:19.831847+00:00
709,5021352056,101.12,2.275,buy,False,2022-09-23T15:23:37.790955+00:00
710,5021151313,100.05,0.15,sell,False,2022-09-23T14:53:02.297845+00:00
711,5021150117,100.07,0.125,sell,False,2022-09-23T14:52:47.871861+00:00
712,5021040806,100.53,0.125,sell,False,2022-09-23T14:36:43.270373+00:00
713,5021040023,100.59,0.125,sell,False,2022-09-23T14:36:34.114785+00:00
714,5020896708,101.56,2.25,buy,False,2022-09-23T14:19:53.417238+00:00
715,5019440180,101.365,0.125,sell,False,2022-09-23T11:14:37.930890+00:00
716,5019404901,101.525,0.125,sell,False,2022-09-23T11:10:03.075907+00:00
717,5019400219,101.63,0.125,sell,False,2022-09-23T11:09:41.009350+00:00
718,5019396620,101.84,0.125,sell,False,2022-09-23T11:08:59.367818+00:00
719,5019309503,102.085,0.1,sell,False,2022-09-23T10:57:52.014877+00:00
720,5018889889,102.62,0.125,sell,False,2022-09-23T09:38:04.338144+00:00
721,5018877142,102.67,0.075,sell,False,2022-09-23T09:36:48.769127+00:00
722,5018874457,102.7,0.1,sell,False,2022-09-23T09:36:33.708714+00:00
723,5018872555,102.955,0.125,sell,False,2022-09-23T09:36:20.062751+00:00
724,5018851401,103.05,0.125,sell,False,2022-09-23T09:35:04.297381+00:00
725,5018300267,103.445,0.025,sell,False,2022-09-23T08:02:09.971700+00:00
726,5016594646,103.9,2.8,buy,False,2022-09-23T02:30:55.458798+00:00
727,5014823176,104.525,0.05,buy,False,2022-09-22T19:57:57.697733+00:00
728,5014319446,103.69,0.1,buy,False,2022-09-22T18:45:36.313481+00:00
729,5014132539,103.84,0.125,sell,False,2022-09-22T18:13:22.924545+00:00
730,5014021761,104.105,0.1,buy,False,2022-09-22T17:49:35.073792+00:00
731,5013853950,104.225,0.125,sell,False,2022-09-22T17:14:48.323129+00:00
732,5013827721,104.345,0.125,sell,False,2022-09-22T17:08:06.958500+00:00
733,5013796263,105.0,0.025,sell,False,2022-09-22T17:01:19.825431+00:00
734,5013793361,105.025,0.125,sell,False,2022-09-22T17:00:47.663046+00:00
735,5013646636,105.365,0.1,sell,False,2022-09-22T16:35:31.789168+00:00
736,5013533287,105.695,0.125,sell,False,2022-09-22T16:17:32.635706+00:00
737,5013450342,106.175,0.1,sell,False,2022-09-22T16:06:33.653916+00:00
738,5013423800,106.47,0.1,sell,False,2022-09-22T16:02:04.913976+00:00
739,5013403766,106.83,0.025,sell,False,2022-09-22T15:59:11.099568+00:00
740,5012974981,107.005,0.125,sell,False,2022-09-22T14:50:48.823400+00:00
741,5012970609,107.5,0.1,buy,False,2022-09-22T14:50:07.974272+00:00
742,5012962287,107.29,0.1,sell,False,2022-09-22T14:48:06.868883+00:00
743,5012848261,108.325,0.1,buy,False,2022-09-22T14:27:42.962059+00:00
744,5012753033,107.9,1.0,sell,False,2022-09-22T14:10:53.013901+00:00
745,5012740626,108.28,0.125,sell,False,2022-09-22T14:09:28.228653+00:00
746,5012622585,109.645,0.05,buy,False,2022-09-22T13:55:02.675549+00:00
747,5012621554,109.515,0.1,sell,False,2022-09-22T13:54:55.468424+00:00
748,5012596768,109.89,0.025,buy,False,2022-09-22T13:52:02.683354+00:00
749,5012555672,110.71,0.1,sell,False,2022-09-22T13:46:42.166069+00:00
750,5012495892,111.875,0.1,sell,False,2022-09-22T13:41:20.468461+00:00
751,5012436250,113.19,0.025,sell,False,2022-09-22T13:35:01.203667+00:00
752,5009756831,113.995,5.55,buy,False,2022-09-22T04:46:21.560791+00:00
753,5009756830,113.625,27.225,buy,False,2022-09-22T04:46:21.560791+00:00
754,5009753789,113.205,42.8,sell,False,2022-09-22T04:45:42.093256+00:00
755,5005389986,118.715,0.075,buy,False,2022-09-21T18:45:14.835780+00:00
756,5003045616,113.995,0.025,sell,False,2022-09-21T15:34:18.802852+00:00
757,5002600873,112.96,0.1,buy,False,2022-09-21T14:26:09.684230+00:00
758,5002600861,112.96,0.1,buy,False,2022-09-21T14:26:09.607981+00:00
759,5002579543,112.955,1.0,sell,False,2022-09-21T14:22:00.783563+00:00
760,5002453777,115.435,0.075,buy,False,2022-09-21T13:56:19.047231+00:00
761,5002451426,115.505,0.05,sell,False,2022-09-21T13:55:59.626638+00:00
762,5002387033,116.445,0.7,sell,False,2022-09-21T13:44:15.880099+00:00
763,5002386981,116.445,7.95,sell,False,2022-09-21T13:44:15.397275+00:00
764,5002328769,116.77,0.025,sell,False,2022-09-21T13:34:40.371887+00:00
765,4996283191,121.875,0.025,buy,False,2022-09-20T16:00:17.573789+00:00
766,4996080570,121.465,0.025,sell,False,2022-09-20T15:33:35.965536+00:00
767,4995885390,120.82,0.075,sell,False,2022-09-20T15:05:53.385862+00:00
768,4995632820,119.69,0.025,sell,False,2022-09-20T14:33:12.654988+00:00
769,4993591479,118.89,0.025,sell,False,2022-09-20T08:04:29.489760+00:00
770,4991813794,119.095,0.025,sell,False,2022-09-20T00:38:07.608314+00:00
771,4991812176,119.49,0.2,buy,False,2022-09-20T00:37:37.531538+00:00
772,4991811327,119.095,0.2,sell,False,2022-09-20T00:37:21.715046+00:00
773,4991810339,119.095,0.05,sell,False,2022-09-20T00:37:08.995179+00:00
774,4990110669,119.375,300.2,buy,False,2022-09-19T19:03:47.716753+00:00
775,4989087604,118.6,300.0,sell,False,2022-09-19T15:53:13.133872+00:00
776,4988055437,118.89,0.075,buy,False,2022-09-19T13:45:44.748866+00:00
777,4986567849,117.6,0.1,buy,False,2022-09-19T09:01:08.135345+00:00
778,4986295690,118.675,0.025,sell,False,2022-09-19T08:00:01.797099+00:00
779,4970258145,118.685,0.825,buy,False,2022-09-16T18:35:40.320392+00:00
780,4970095152,118.315,0.025,sell,False,2022-09-16T18:12:29.466676+00:00
781,4969051982,119.21,0.025,buy,False,2022-09-16T15:45:47.710439+00:00
782,4966386102,124.165,0.025,sell,False,2022-09-16T08:00:07.064126+00:00
783,4965755279,124.59,1.0,buy,False,2022-09-16T05:13:02.496926+00:00
784,4964550503,121.745,0.05,sell,False,2022-09-16T00:40:08.097917+00:00
785,4961867930,127.12,0.025,sell,False,2022-09-15T15:50:21.091705+00:00
786,4961835103,127.5,5.0,buy,False,2022-09-15T15:45:46.233332+00:00
787,4960824688,127.475,19.725,sell,False,2022-09-15T14:35:02.439657+00:00
788,4960778715,127.205,19.7,sell,False,2022-09-15T14:34:07.141047+00:00
789,4960440670,128.265,0.05,buy,False,2022-09-15T13:40:51.597494+00:00
790,4960439411,127.78,0.05,buy,False,2022-09-15T13:40:46.554179+00:00
791,4959420984,126.89,0.025,sell,False,2022-09-15T10:36:06.269550+00:00
792,4958536025,127.08,15.85,buy,False,2022-09-15T08:19:36.843342+00:00
793,4956359915,127.125,23.575,buy,False,2022-09-15T05:02:32.334747+00:00
794,4952451601,124.75,10.0,sell,False,2022-09-14T17:48:13.208124+00:00
795,4951791178,123.595,0.025,sell,False,2022-09-14T15:34:31.458110+00:00
796,4950324354,121.61,0.025,sell,False,2022-09-14T11:58:55.419591+00:00
797,4945985677,121.3,0.175,sell,False,2022-09-13T21:54:25.312019+00:00
798,4943704041,122.325,0.025,buy,False,2022-09-13T16:03:43.397021+00:00
799,4943676127,122.2,0.025,buy,False,2022-09-13T16:01:02.167670+00:00
800,4943360471,121.065,1.65,buy,False,2022-09-13T15:22:23.316253+00:00
801,4943212115,121.635,0.075,sell,False,2022-09-13T15:02:42.005392+00:00
802,4941255236,121.355,39.425,sell,False,2022-09-13T12:40:11.338363+00:00
803,4941254953,121.355,54.425,sell,False,2022-09-13T12:40:10.563480+00:00
804,4941251080,121.355,46.85,sell,False,2022-09-13T12:40:01.419425+00:00
805,4941251079,121.36,2.425,sell,False,2022-09-13T12:40:01.419425+00:00
806,4941249965,121.355,51.825,sell,False,2022-09-13T12:39:58.437750+00:00
807,4941249363,121.355,54.675,sell,False,2022-09-13T12:39:56.941578+00:00
808,4940983265,121.76,1.4,sell,False,2022-09-13T12:32:46.850292+00:00
809,4940800920,124.755,0.025,sell,False,2022-09-13T12:30:41.203249+00:00
810,4937841271,125.4,0.175,buy,False,2022-09-13T03:21:31.985166+00:00
811,4935356051,124.545,1.0,buy,False,2022-09-12T18:56:59.710023+00:00
812,4935137431,124.625,0.975,sell,False,2022-09-12T18:08:58.557541+00:00
813,4933922399,126.055,0.025,sell,False,2022-09-12T15:38:26.187740+00:00
814,4933687459,125.605,78.1,buy,False,2022-09-12T15:09:58.491436+00:00
815,4933687458,125.605,2.2,buy,False,2022-09-12T15:09:58.490966+00:00
816,4928763264,124.24,1.0,buy,False,2022-09-12T01:53:01.104804+00:00
817,4926160306,123.165,0.025,sell,False,2022-09-11T17:30:52.425737+00:00
818,4922248876,124.15,0.2,buy,False,2022-09-11T00:26:49.416648+00:00
819,4916281363,123.045,0.025,sell,False,2022-09-10T01:31:21.224599+00:00
820,4916229599,124.16,0.175,buy,False,2022-09-10T01:19:08.884240+00:00
821,4912083177,120.91,0.075,sell,False,2022-09-09T13:35:21.616872+00:00
822,4912081025,121.545,0.05,buy,False,2022-09-09T13:35:09.848654+00:00
823,4912079571,120.79,0.05,buy,False,2022-09-09T13:35:03.844437+00:00
824,4912079570,120.785,5.4,buy,False,2022-09-09T13:35:03.844437+00:00
825,4909955059,120.17,0.7,buy,False,2022-09-09T08:56:01.974552+00:00
826,4904556628,118.28,0.025,sell,False,2022-09-08T15:28:07.643730+00:00
827,4903859961,118.815,0.7,buy,False,2022-09-08T14:00:00.100840+00:00
828,4903785957,117.61,2.425,buy,False,2022-09-08T13:51:27.835016+00:00
829,4903602156,115.88,7.075,buy,False,2022-09-08T13:38:38.010755+00:00
830,4902767192,116.15,0.025,sell,False,2022-09-08T11:58:16.013875+00:00
831,4901002644,116.66,5.825,buy,False,2022-09-08T05:32:58.349523+00:00
832,4897181603,114.9,30.65,sell,False,2022-09-07T16:15:19.161415+00:00
833,4897181106,114.9,45.75,sell,False,2022-09-07T16:15:14.585031+00:00
834,4897181030,114.9,46.1,sell,False,2022-09-07T16:15:14.010392+00:00
835,4897180446,114.9,51.55,sell,False,2022-09-07T16:15:05.738188+00:00
836,4897020846,114.8,0.025,sell,False,2022-09-07T15:44:23.765336+00:00
837,4888994905,113.945,0.025,buy,False,2022-09-06T16:00:01.111852+00:00
838,4888696871,113.01,0.075,sell,False,2022-09-06T15:02:02.439934+00:00
839,4888333030,111.05,5.475,sell,False,2022-09-06T14:13:25.853443+00:00
840,4888098528,113.135,0.15,sell,False,2022-09-06T13:52:28.211514+00:00
841,4888010921,113.91,0.025,sell,False,2022-09-06T13:39:48.647514+00:00
842,4884546567,114.795,0.125,buy,False,2022-09-06T01:28:50.702448+00:00
843,4881155556,113.595,0.025,sell,False,2022-09-05T12:59:12.331851+00:00
844,4872174020,114.755,0.025,buy,False,2022-09-03T13:03:18.760678+00:00
845,4871992259,113.585,0.15,sell,False,2022-09-03T11:58:49.750423+00:00
846,4871992258,113.585,0.025,sell,False,2022-09-03T11:58:49.750423+00:00
847,4871990229,114.47,0.125,buy,False,2022-09-03T11:58:09.101271+00:00
848,4871989652,114.47,0.125,buy,False,2022-09-03T11:57:49.086068+00:00
849,4867560575,115.465,0.025,sell,False,2022-09-02T16:20:33.499399+00:00
850,4866750626,113.425,45.5,buy,False,2022-09-02T13:45:46.592825+00:00
851,4866750411,113.425,53.425,buy,False,2022-09-02T13:45:46.042365+00:00
852,4866750365,113.425,0.525,sell,False,2022-09-02T13:45:45.690559+00:00
853,4866716536,113.755,0.025,sell,False,2022-09-02T13:41:16.165317+00:00
854,4864639441,114.445,49.85,buy,False,2022-09-02T06:29:41.301221+00:00
855,4864638953,114.44,49.075,buy,False,2022-09-02T06:29:26.992807+00:00
856,4860920243,109.075,0.025,sell,False,2022-09-01T15:25:41.934075+00:00
857,4860571269,109.44,0.125,sell,False,2022-09-01T14:47:14.241569+00:00
858,4860520188,109.645,0.125,sell,False,2022-09-01T14:39:21.959654+00:00
859,4858724017,112.125,0.025,sell,False,2022-09-01T08:57:27.592132+00:00
860,4854952116,113.205,0.1,buy,False,2022-08-31T17:43:36.373209+00:00
861,4854836634,113.58,0.075,sell,False,2022-08-31T17:19:43.599958+00:00
862,4854060216,112.795,0.075,sell,False,2022-08-31T15:06:05.851204+00:00
863,4845970708,111.05,5.425,sell,False,2022-08-30T14:46:20.863631+00:00
864,4845442197,114.21,0.075,sell,False,2022-08-30T13:56:21.278936+00:00
865,4845113738,115.13,0.15,buy,False,2022-08-30T12:54:20.838128+00:00
866,4844896818,115.685,0.025,buy,False,2022-08-30T12:22:13.042458+00:00
867,4844782590,115.185,1.0,sell,False,2022-08-30T11:54:20.028102+00:00
868,4844270473,116.385,0.125,buy,False,2022-08-30T09:47:02.108938+00:00
869,4844261697,116.385,0.15,buy,False,2022-08-30T09:44:22.150690+00:00
870,4844259607,116.385,0.15,buy,False,2022-08-30T09:43:48.658739+00:00
871,4844245462,116.385,0.175,buy,False,2022-08-30T09:38:35.497864+00:00
872,4844241814,116.385,0.2,buy,False,2022-08-30T09:37:35.524893+00:00
873,4844227120,116.385,0.225,buy,False,2022-08-30T09:33:08.974600+00:00
874,4844222760,116.385,0.25,buy,False,2022-08-30T09:32:02.136242+00:00
875,4844218585,116.385,0.275,buy,False,2022-08-30T09:31:02.613253+00:00
876,4844217138,116.385,0.3,buy,False,2022-08-30T09:30:22.693578+00:00
877,4844215449,116.385,0.35,buy,False,2022-08-30T09:29:42.648760+00:00
878,4844214512,116.385,0.375,buy,False,2022-08-30T09:29:22.568109+00:00
879,4844187220,115.48,0.025,buy,False,2022-08-30T09:21:11.959405+00:00
880,4844187113,115.48,0.025,buy,False,2022-08-30T09:21:10.977185+00:00
881,4844186903,115.48,0.025,buy,False,2022-08-30T09:21:09.901110+00:00
882,4844186898,115.48,0.025,buy,False,2022-08-30T09:21:09.442904+00:00
883,4844186889,115.48,0.025,buy,False,2022-08-30T09:21:08.893806+00:00
884,4844186868,115.48,0.025,buy,False,2022-08-30T09:21:07.867337+00:00
885,4844186860,115.48,0.025,buy,False,2022-08-30T09:21:07.372368+00:00
886,4844186837,115.48,0.025,buy,False,2022-08-30T09:21:06.346021+00:00
887,4844186787,115.48,0.025,buy,False,2022-08-30T09:21:05.290405+00:00
888,4844186738,115.48,0.025,buy,False,2022-08-30T09:21:04.294449+00:00
889,4844186693,115.48,0.025,buy,False,2022-08-30T09:21:03.739746+00:00
890,4844186676,115.48,0.025,buy,False,2022-08-30T09:21:02.718015+00:00
891,4844186625,115.48,0.025,buy,False,2022-08-30T09:21:01.787205+00:00
892,4844186439,115.48,0.025,buy,False,2022-08-30T09:21:01.249700+00:00
893,4844186404,115.48,0.025,buy,False,2022-08-30T09:21:00.522884+00:00
894,4844186358,115.48,0.025,buy,False,2022-08-30T09:20:59.596082+00:00
895,4844186333,115.48,0.025,buy,False,2022-08-30T09:20:58.620812+00:00
896,4844186323,115.48,0.025,buy,False,2022-08-30T09:20:58.193798+00:00
897,4844186282,115.48,0.025,buy,False,2022-08-30T09:20:57.094283+00:00
898,4844186254,115.48,0.05,buy,False,2022-08-30T09:20:56.094886+00:00
899,4844186214,115.48,0.05,buy,False,2022-08-30T09:20:55.065937+00:00
900,4844186192,115.48,0.05,buy,False,2022-08-30T09:20:54.539250+00:00
901,4844186179,115.48,0.05,buy,False,2022-08-30T09:20:53.513392+00:00
902,4844186152,115.48,0.075,buy,False,2022-08-30T09:20:52.513440+00:00
903,4844186134,115.48,0.075,buy,False,2022-08-30T09:20:51.964849+00:00
904,4844186093,115.48,0.075,buy,False,2022-08-30T09:20:50.960919+00:00
905,4844186019,115.48,0.075,buy,False,2022-08-30T09:20:49.910415+00:00
906,4844185978,115.48,0.1,buy,False,2022-08-30T09:20:48.886414+00:00
907,4844185959,115.495,0.1,buy,False,2022-08-30T09:20:48.423536+00:00
908,4844185930,115.495,0.125,buy,False,2022-08-30T09:20:47.375322+00:00
909,4844185925,115.495,0.125,buy,False,2022-08-30T09:20:46.823346+00:00
910,4844185908,115.495,0.15,buy,False,2022-08-30T09:20:46.349629+00:00
911,4844185880,115.495,0.15,buy,False,2022-08-30T09:20:45.323581+00:00
912,4844185794,115.495,0.175,buy,False,2022-08-30T09:20:44.341552+00:00
913,4844185712,115.495,0.2,buy,False,2022-08-30T09:20:43.315834+00:00
914,4844185669,115.495,0.225,buy,False,2022-08-30T09:20:42.266256+00:00
915,4844185654,115.495,0.25,buy,False,2022-08-30T09:20:41.840609+00:00
916,4844173848,116.385,0.275,buy,False,2022-08-30T09:17:28.108315+00:00
917,4844145271,116.385,0.3,buy,False,2022-08-30T09:08:27.837517+00:00
918,4844118768,116.385,0.35,buy,False,2022-08-30T09:01:35.275818+00:00
919,4844116800,116.385,0.375,buy,False,2022-08-30T09:01:02.030940+00:00
920,4841458434,114.425,0.025,buy,False,2022-08-29T21:12:08.621499+00:00
921,4841446607,114.425,0.025,buy,False,2022-08-29T21:07:54.546088+00:00
922,4840884512,114.37,0.075,sell,False,2022-08-29T18:23:26.951448+00:00
923,4840092675,114.275,0.125,buy,False,2022-08-29T15:41:24.414932+00:00
924,4837843456,110.8,0.125,sell,False,2022-08-29T08:42:03.798890+00:00
925,4837833158,111.005,0.125,sell,False,2022-08-29T08:38:50.940372+00:00
926,4837804121,111.46,0.075,sell,False,2022-08-29T08:31:51.406738+00:00
927,4832707145,112.81,0.1,buy,False,2022-08-28T12:00:04.178931+00:00
928,4822766575,114.315,0.075,buy,False,2022-08-26T16:42:24.524355+00:00
929,4821257303,114.75,0.125,sell,False,2022-08-26T14:37:38.328238+00:00
930,4821170622,115.37,1.0,sell,False,2022-08-26T14:30:18.967401+00:00
931,4814996650,115.93,0.025,buy,False,2022-08-25T16:31:59.467844+00:00
932,4814481521,117.085,0.025,sell,False,2022-08-25T15:05:25.094868+00:00
933,4814107595,117.38,0.15,buy,False,2022-08-25T13:52:54.262328+00:00
934,4813791461,116.325,0.075,sell,False,2022-08-25T12:44:43.080488+00:00
935,4813598384,116.925,1.0,buy,False,2022-08-25T12:06:54.085363+00:00
936,4812726746,116.98,0.25,buy,False,2022-08-25T08:09:28.733828+00:00
937,4809024761,115.03,0.025,sell,False,2022-08-24T16:19:45.735898+00:00
938,4808230058,114.985,0.375,buy,False,2022-08-24T14:19:06.287843+00:00
939,4805001292,111.785,0.175,buy,False,2022-08-24T01:14:08.152904+00:00
940,4804379676,114.98,0.1,buy,False,2022-08-23T22:52:47.653920+00:00
941,4802346170,113.37,0.25,buy,False,2022-08-23T14:34:28.582035+00:00
942,4800289419,112.87,0.425,buy,False,2022-08-23T08:48:47.565193+00:00
943,4800287555,112.87,0.425,buy,False,2022-08-23T08:48:23.945643+00:00
944,4800243580,113.26,0.175,buy,False,2022-08-23T08:40:58.851195+00:00
945,4799340277,112.035,0.025,buy,False,2022-08-23T06:12:24.941001+00:00
946,4797487882,112.345,0.125,buy,False,2022-08-23T00:08:46.111154+00:00
947,4797274347,112.785,0.025,buy,False,2022-08-22T23:42:33.391702+00:00
948,4795210606,111.98,1.775,buy,False,2022-08-22T16:58:42.874524+00:00
949,4791987129,112.0,0.1,sell,False,2022-08-22T08:26:45.618561+00:00
950,4791986569,112.115,0.1,sell,False,2022-08-22T08:26:37.638883+00:00
951,4791955856,112.325,0.1,sell,False,2022-08-22T08:23:00.700209+00:00
952,4791802764,113.225,0.1,sell,False,2022-08-22T08:08:04.506271+00:00
953,4791741962,113.395,0.1,sell,False,2022-08-22T08:03:58.705686+00:00
954,4791682784,113.605,0.1,sell,False,2022-08-22T08:00:01.634739+00:00
955,4786152346,114.71,0.125,buy,False,2022-08-21T12:00:10.983185+00:00
956,4780556783,114.895,0.05,buy,False,2022-08-20T17:07:43.809577+00:00
957,4776635386,114.725,0.2,buy,False,2022-08-20T01:53:35.193308+00:00
958,4776595925,113.715,2.55,sell,False,2022-08-20T01:44:30.294054+00:00
959,4772913165,114.955,1.0,buy,False,2022-08-19T16:53:08.239062+00:00
960,4772529443,114.415,0.1,sell,False,2022-08-19T16:10:02.213969+00:00
961,4772514415,114.635,0.1,sell,False,2022-08-19T16:07:50.210561+00:00
962,4772498549,114.85,0.1,sell,False,2022-08-19T16:05:47.612806+00:00
963,4772452031,115.385,0.075,buy,False,2022-08-19T15:58:38.383815+00:00
964,4772260235,115.53,0.1,buy,False,2022-08-19T15:22:36.259515+00:00
965,4772199300,115.84,0.1,sell,False,2022-08-19T15:11:57.524233+00:00
966,4772182066,116.055,0.1,sell,False,2022-08-19T15:08:46.373956+00:00
967,4772079461,116.3,0.025,sell,False,2022-08-19T14:51:59.966582+00:00
968,4771800232,116.97,0.1,buy,False,2022-08-19T14:07:09.969971+00:00
969,4771698792,117.23,0.1,sell,False,2022-08-19T13:52:19.990637+00:00
970,4763227162,121.865,1.0,buy,False,2022-08-18T19:11:32.015950+00:00
971,4760838384,121.96,0.3,sell,False,2022-08-18T11:42:04.532307+00:00
972,4760811527,123.025,0.3,buy,False,2022-08-18T11:34:03.381855+00:00
973,4759025873,121.665,0.075,buy,False,2022-08-18T03:53:01.116586+00:00
974,4758992620,121.615,0.025,buy,False,2022-08-18T03:45:22.609216+00:00
975,4757975129,121.555,1.05,buy,False,2022-08-18T00:09:50.522394+00:00
976,4755170454,121.275,10.0,buy,False,2022-08-17T16:05:08.224372+00:00
977,4752669620,121.675,1.0,sell,False,2022-08-17T10:39:41.241809+00:00
978,4750534152,124.635,16.025,buy,False,2022-08-17T05:26:58.464407+00:00
979,4747215667,125.465,0.025,buy,False,2022-08-16T17:43:10.094115+00:00
980,4744478872,126.245,0.1,buy,False,2022-08-16T09:28:19.471731+00:00
981,4742869231,121.245,0.05,sell,False,2022-08-16T03:27:08.356411+00:00
982,4739804484,126.105,0.1,sell,False,2022-08-15T16:20:56.578230+00:00
983,4737737576,124.0,3.025,sell,False,2022-08-15T09:36:59.818558+00:00
984,4733291785,124.17,0.025,sell,False,2022-08-14T21:42:51.772308+00:00
985,4733290124,124.17,0.275,sell,False,2022-08-14T21:42:09.963884+00:00
986,4730457179,125.09,0.125,buy,False,2022-08-14T12:01:01.646805+00:00
987,4730064684,124.15,0.025,sell,False,2022-08-14T10:12:48.059292+00:00
988,4729533652,124.0,1.0,sell,False,2022-08-14T08:11:34.988641+00:00
989,4720011519,124.4,6.0,sell,False,2022-08-12T19:41:46.691977+00:00
990,4719879783,124.75,2.0,sell,False,2022-08-12T19:13:54.351799+00:00
991,4718924990,124.355,0.075,buy,False,2022-08-12T15:39:45.017716+00:00
992,4713420170,121.58,5.0,sell,False,2022-08-11T20:14:43.366970+00:00
993,4712545120,123.88,80.3,buy,False,2022-08-11T17:21:54.650986+00:00
994,4712432969,123.515,1.0,buy,False,2022-08-11T16:58:28.313037+00:00
995,4712112963,122.925,0.45,sell,False,2022-08-11T16:00:52.971682+00:00
996,4711169510,124.9,10.0,buy,False,2022-08-11T14:06:35.975315+00:00
997,4708625338,119.77,1.0,buy,False,2022-08-11T07:12:29.290654+00:00
998,4706162812,119.37,0.125,buy,False,2022-08-11T00:10:40.190476+00:00
999,4704521424,118.97,1.0,buy,False,2022-08-10T18:58:38.233259+00:00
1000,4704145701,119.145,20.0,sell,False,2022-08-10T18:02:05.229602+00:00
1001,4704117052,119.035,2.0,sell,False,2022-08-10T17:55:27.882746+00:00
1002,4694819890,113.87,0.025,buy,False,2022-08-09T14:23:38.070060+00:00
1003,4694812209,113.89,10.0,buy,False,2022-08-09T14:22:49.578820+00:00
1004,4688225832,117.14,18.05,buy,False,2022-08-08T17:16:41.166022+00:00
1005,4687998929,116.39,2.0,sell,False,2022-08-08T16:33:00.287041+00:00
1006,4687502462,117.75,1.25,sell,False,2022-08-08T15:25:05.913116+00:00
1007,4687387142,118.905,0.025,buy,False,2022-08-08T15:11:55.574393+00:00
1008,4686924393,118.685,1.0,buy,False,2022-08-08T13:44:42.704908+00:00
1009,4672251890,117.0,2.65,buy,False,2022-08-05T16:49:46.874879+00:00
1010,4665921337,119.49,0.825,buy,False,2022-08-04T20:02:59.350206+00:00
1011,4665890439,119.445,0.7,buy,False,2022-08-04T19:56:45.330965+00:00
1012,4658237008,113.755,1.0,sell,False,2022-08-03T19:22:09.765470+00:00
1013,4656572320,115.205,1.375,buy,False,2022-08-03T13:58:55.198143+00:00
1014,4656424446,111.695,0.05,sell,False,2022-08-03T13:34:57.666517+00:00
1015,4655255578,108.895,1.925,buy,False,2022-08-03T10:21:30.692180+00:00
1016,4655249572,108.28,3.425,sell,False,2022-08-03T10:19:49.982031+00:00
1017,4655249551,108.28,3.425,sell,False,2022-08-03T10:19:48.756999+00:00
1018,4655250818,108.28,3.075,sell,False,2022-08-03T10:19:43.980304+00:00
1019,4652864110,101.395,0.15,sell,False,2022-08-03T01:31:03.100837+00:00
1020,4652864109,101.9,1.0,sell,False,2022-08-03T01:31:03.100837+00:00
1021,4652860329,112.455,0.025,buy,False,2022-08-03T01:30:12.591465+00:00
1022,4649807185,118.04,1.0,buy,False,2022-08-02T16:45:50.687873+00:00
1023,4649712421,117.95,1.825,buy,False,2022-08-02T16:35:12.537654+00:00
1024,4640855958,111.49,1.0,buy,False,2022-08-01T16:38:54.614211+00:00
1025,4640217422,113.2,135.725,buy,False,2022-08-01T14:59:36.811555+00:00
1026,4640217418,113.2,864.275,sell,False,2022-08-01T14:59:36.722696+00:00
1027,4640210161,113.0,141.025,buy,False,2022-08-01T14:58:42.615440+00:00
1028,4640208876,113.1,816.975,sell,False,2022-08-01T14:58:41.890150+00:00
1029,4640208875,113.325,42.0,sell,False,2022-08-01T14:58:41.890150+00:00
1030,4626616418,111.605,0.125,buy,False,2022-07-30T19:20:12.684436+00:00
1031,4623007002,111.62,0.875,buy,False,2022-07-30T08:48:12.195437+00:00
1032,4622182450,111.605,0.45,buy,False,2022-07-30T05:15:06.014790+00:00
1033,4618783905,110.5,0.575,buy,False,2022-07-29T19:24:57.460394+00:00
1034,4617927595,109.17,1.0,sell,False,2022-07-29T17:05:03.507638+00:00
1035,4617877321,109.225,3.0,sell,False,2022-07-29T16:57:21.194822+00:00
1036,4617749693,108.38,3.0,sell,False,2022-07-29T16:41:32.679259+00:00
1037,4611875210,111.23,0.5,buy,False,2022-07-29T03:12:47.249383+00:00
1038,4603299555,107.21,1.875,buy,False,2022-07-28T08:22:06.993260+00:00
1039,4599651514,107.735,0.025,buy,False,2022-07-27T20:46:31.441138+00:00
1040,4598728134,107.08,3.725,buy,True,2022-07-27T19:07:33.369640+00:00
1041,4596339989,106.08,0.1,sell,False,2022-07-27T15:04:50.662918+00:00
1042,4590838808,102.145,0.1,sell,False,2022-07-26T16:04:18.931280+00:00
1043,4589272737,104.35,3.725,sell,False,2022-07-26T10:25:13.408347+00:00
1044,4587256313,104.455,4.775,sell,False,2022-07-26T00:51:48.186436+00:00
1045,4585407175,104.81,0.025,buy,False,2022-07-25T19:39:22.394044+00:00
1046,4584501344,104.85,8.0,sell,False,2022-07-25T16:13:28.106854+00:00
1047,4584397287,105.255,4.75,buy,False,2022-07-25T15:47:07.123486+00:00
1048,4574150641,104.795,0.7,buy,False,2022-07-23T22:10:54.211501+00:00
1049,4572982399,104.6,0.9,buy,False,2022-07-23T17:31:40.979209+00:00
1050,4571230633,104.605,1.425,buy,False,2022-07-23T11:34:52.748465+00:00
1051,4566494520,103.445,0.65,buy,False,2022-07-22T17:17:13.626468+00:00
1052,4565446128,107.1,0.05,buy,False,2022-07-22T14:42:02.253053+00:00
1053,4564034945,108.365,3.0,buy,False,2022-07-22T10:40:16.889209+00:00
1054,4560266799,108.06,0.15,buy,False,2022-07-21T20:30:05.811397+00:00
1055,4559174296,106.655,2.0,buy,False,2022-07-21T16:59:51.855998+00:00
1056,4558613030,105.855,7.0,sell,False,2022-07-21T15:59:41.762052+00:00
1057,4556006666,107.0,0.3,buy,False,2022-07-21T08:00:11.925792+00:00
1058,4550977919,107.42,0.3,buy,False,2022-07-20T17:15:37.849909+00:00
1059,4549417396,104.415,0.1,buy,False,2022-07-20T13:51:11.922382+00:00
1060,4545996424,103.585,0.45,buy,False,2022-07-20T04:55:08.918253+00:00
1061,4545467796,102.975,0.025,sell,False,2022-07-20T03:05:37.117381+00:00
1062,4545464042,103.58,0.025,buy,False,2022-07-20T03:05:02.084956+00:00
1063,4531620396,99.085,2.625,sell,False,2022-07-18T17:55:03.981781+00:00
1064,4530556523,100.795,4.65,sell,False,2022-07-18T15:40:41.866024+00:00
1065,4528027331,96.94,4.65,buy,False,2022-07-18T08:54:35.420048+00:00
1066,4526665352,94.62,0.1,sell,False,2022-07-18T05:54:10.017818+00:00
1067,4526652569,94.62,4.8,sell,False,2022-07-18T05:51:57.019503+00:00
1068,4526652568,95.0,0.025,sell,False,2022-07-18T05:51:57.019503+00:00
1069,4519272247,95.395,4.925,buy,False,2022-07-17T02:22:04.452988+00:00
1070,4506574916,91.825,0.5,buy,False,2022-07-15T04:20:52.076090+00:00
1071,4504357957,91.345,0.1,buy,False,2022-07-14T19:45:54.779357+00:00
1072,4494698662,95.555,2.225,sell,False,2022-07-13T15:59:13.929580+00:00
1073,4493599487,95.0,1.0,buy,False,2022-07-13T13:50:01.821024+00:00
1074,4479661444,95.4,2.65,sell,False,2022-07-11T18:25:36.883848+00:00
1075,4478984376,85.0,1.2,sell,False,2022-07-11T15:29:43.004180+00:00
1076,4478984375,85.1,1.0,sell,False,2022-07-11T15:29:43.004180+00:00
1077,4478860422,90.1,2.7,sell,True,2022-07-11T15:00:56.550211+00:00
1078,4478860421,90.105,2.45,sell,True,2022-07-11T15:00:56.550211+00:00
1079,4478848209,90.105,0.025,sell,False,2022-07-11T14:59:01.384644+00:00
1080,4472761155,94.385,0.05,sell,False,2022-07-10T13:54:57.345035+00:00
1081,4469874262,97.07,0.75,sell,False,2022-07-10T00:45:46.797153+00:00
1082,4464458588,97.805,0.075,buy,False,2022-07-09T00:06:12.580329+00:00
1083,4464454522,97.805,0.075,buy,False,2022-07-09T00:05:59.191644+00:00
1084,4464443123,97.805,0.075,buy,False,2022-07-09T00:05:39.306586+00:00
1085,4464432580,97.805,0.075,buy,False,2022-07-09T00:05:19.850314+00:00
1086,4464425963,97.805,0.075,buy,False,2022-07-09T00:04:38.576596+00:00
1087,4464424395,97.805,0.075,buy,False,2022-07-09T00:04:12.050898+00:00
1088,4464419174,97.805,0.075,buy,False,2022-07-09T00:03:31.767573+00:00
1089,4464411441,97.805,0.075,buy,False,2022-07-09T00:02:51.352367+00:00
1090,4463379812,97.72,1.0,buy,False,2022-07-08T19:46:41.723483+00:00
1091,4461637428,97.5,4.4,sell,False,2022-07-08T14:42:59.430115+00:00
1092,4461637395,97.5,1.05,buy,False,2022-07-08T14:42:59.241717+00:00
1093,4461637394,97.365,25.825,buy,False,2022-07-08T14:42:59.241717+00:00
1094,4454960098,95.925,5.2,buy,False,2022-07-07T18:08:54.928491+00:00
1095,4454013258,93.8,1.0,sell,False,2022-07-07T15:21:13.503481+00:00
1096,4449028590,93.575,1.05,buy,False,2022-07-06T19:38:37.835732+00:00
1097,4445136246,96.0,0.5,sell,False,2022-07-06T05:35:37.774011+00:00
1098,4440119008,89.0,0.1,sell,False,2022-07-05T13:30:53.881172+00:00
1099,4427081077,91.665,4.85,buy,False,2022-07-03T07:49:32.825445+00:00
1100,4421317589,91.86,0.125,buy,False,2022-07-02T02:59:31.265636+00:00
1101,4409583279,90.415,6.0,buy,False,2022-06-30T16:02:32.454058+00:00
1102,4408530100,90.0,5.0,sell,False,2022-06-30T13:35:50.920599+00:00
1103,4407616283,92.0,0.2,sell,False,2022-06-30T11:04:26.221407+00:00
1104,4390083806,101.59,0.6,sell,False,2022-06-28T06:01:55.569236+00:00
1105,4384219711,105.305,0.5,buy,False,2022-06-27T10:29:04.817906+00:00
1106,4364872761,101.26,45.85,buy,False,2022-06-24T14:06:09.742520+00:00
1107,4364597436,97.51,0.025,buy,False,2022-06-24T13:24:55.065640+00:00
1108,4357930653,94.505,0.025,buy,False,2022-06-23T16:52:34.968136+00:00
1109,4354182122,99.4,25.15,buy,False,2022-06-23T04:55:05.775061+00:00
1110,4349234322,101.74,0.025,buy,False,2022-06-22T14:26:46.518476+00:00
1111,4347495004,100.655,0.025,buy,False,2022-06-22T09:57:27.443131+00:00
1112,4346876790,99.03,45.85,sell,False,2022-06-22T08:06:22.752421+00:00
1113,4346876433,99.265,0.15,sell,False,2022-06-22T08:06:13.867993+00:00
1114,4336359424,99.685,0.05,sell,False,2022-06-21T02:58:14.010563+00:00
1115,4336358123,100.24,0.05,buy,False,2022-06-21T02:58:05.538851+00:00
1116,4336017529,100.815,1.15,buy,False,2022-06-21T01:54:24.522269+00:00
1117,4313050456,99.275,4.725,sell,False,2022-06-18T18:36:20.546384+00:00
1118,4312806965,99.305,35.725,sell,False,2022-06-18T18:12:45.199843+00:00
1119,4311448087,98.865,8.625,sell,False,2022-06-18T14:31:30.216846+00:00
1120,4311448086,99.34,41.575,sell,False,2022-06-18T14:31:30.216846+00:00
1121,4307091800,99.345,3.6,sell,False,2022-06-18T03:04:39.884782+00:00
1122,4306585785,99.34,0.05,sell,False,2022-06-18T01:12:59.119729+00:00
1123,4300924895,93.5,10.0,sell,False,2022-06-17T07:27:32.107393+00:00
1124,4294862716,94.525,0.075,buy,False,2022-06-16T15:12:11.447570+00:00
1125,4293151982,98.815,4.0,buy,False,2022-06-16T12:10:30.493289+00:00
1126,4292652670,98.0,10.0,sell,False,2022-06-16T11:00:23.620662+00:00
1127,4289580827,103.485,0.2,buy,False,2022-06-16T02:34:36.795159+00:00
1128,4288474045,102.33,10.0,buy,False,2022-06-15T23:56:06.754576+00:00
1129,4282331966,99.925,10.0,sell,False,2022-06-15T15:32:43.723336+00:00
1130,4280269127,99.73,1.875,buy,False,2022-06-15T11:53:46.557327+00:00
1131,4274053681,99.255,0.025,sell,False,2022-06-15T01:09:37.786604+00:00
1132,4271618929,97.795,2.9,sell,False,2022-06-14T19:21:31.872801+00:00
1133,4270896487,98.53,1.0,sell,False,2022-06-14T17:39:56.256566+00:00
1134,4270821860,98.825,0.025,buy,False,2022-06-14T17:32:23.769360+00:00
1135,4268594968,98.0,1.0,sell,False,2022-06-14T13:44:44.369132+00:00
1136,4261918903,99.87,0.1,buy,False,2022-06-14T02:37:36.211536+00:00
1137,4261843028,99.87,0.1,buy,False,2022-06-14T02:32:16.705264+00:00
1138,4258028127,99.675,15.0,buy,False,2022-06-13T20:22:30.879256+00:00
1139,4257519805,99.555,0.25,buy,False,2022-06-13T19:18:55.000755+00:00
1140,4255527542,100.495,0.75,buy,False,2022-06-13T16:02:31.051565+00:00
1141,4254231884,100.78,0.975,buy,False,2022-06-13T14:39:19.870362+00:00
1142,4254217365,100.605,6.95,buy,False,2022-06-13T14:37:49.702503+00:00
1143,4253957964,101.5,0.2,sell,False,2022-06-13T14:17:04.152922+00:00
1144,4253281229,102.53,1.0,sell,False,2022-06-13T13:32:25.374281+00:00
1145,4253200529,103.0,0.025,sell,False,2022-06-13T13:27:31.273096+00:00
1146,4249450965,103.93,0.9,sell,False,2022-06-13T08:48:14.597934+00:00
1147,4248978610,104.29,1.0,buy,False,2022-06-13T08:19:25.493138+00:00
1148,4248957585,103.99,1.0,sell,False,2022-06-13T08:18:07.122174+00:00
1149,4248717427,104.9,0.05,sell,True,2022-06-13T08:02:42.479935+00:00
1150,4246279551,109.04,0.025,buy,False,2022-06-13T04:18:22.191102+00:00
1151,4243167522,107.49,0.325,sell,False,2022-06-13T00:09:51.205737+00:00
1152,4238397162,109.67,0.225,buy,False,2022-06-12T12:42:49.533720+00:00
1153,4230720128,108.815,0.05,sell,True,2022-06-11T15:38:51.807930+00:00
1154,4224228032,108.955,1.0,buy,False,2022-06-10T17:33:58.731797+00:00
1155,4223235856,109.765,0.025,buy,False,2022-06-10T15:37:09.922076+00:00
1156,4222454178,115.025,0.875,buy,False,2022-06-10T13:43:57.671851+00:00
1157,4221878907,112.0,2.675,sell,False,2022-06-10T12:51:08.015211+00:00
1158,4221287644,115.55,0.075,sell,False,2022-06-10T12:07:23.244178+00:00
1159,4221190244,116.64,0.075,buy,False,2022-06-10T11:38:00.078448+00:00
1160,4221039294,116.385,40.45,buy,False,2022-06-10T10:50:37.293066+00:00
1161,4217043803,117.0,0.075,sell,False,2022-06-09T18:37:40.103149+00:00
1162,4215741208,119.495,0.125,sell,False,2022-06-09T13:46:41.252464+00:00
1163,4215678904,121.0,0.2,sell,False,2022-06-09T13:39:07.527381+00:00
1164,4214795556,124.335,2.5,buy,False,2022-06-09T10:22:44.609238+00:00
1165,4211506439,123.05,0.025,sell,False,2022-06-08T19:07:43.152638+00:00
1166,4210624622,125.355,0.025,buy,False,2022-06-08T15:58:45.716171+00:00
1167,4210143693,125.285,0.025,sell,False,2022-06-08T14:06:00.295634+00:00
1168,4210093565,125.355,0.025,sell,False,2022-06-08T13:59:03.966407+00:00
1169,4210093293,125.375,0.025,sell,False,2022-06-08T13:58:54.491251+00:00
1170,4210083133,125.19,0.025,sell,False,2022-06-08T13:56:45.896182+00:00
1171,4209948646,124.19,0.4,buy,False,2022-06-08T13:39:48.868377+00:00
1172,4209147141,122.535,4.075,buy,False,2022-06-08T10:19:02.249393+00:00
1173,4208463424,122.75,2.025,buy,False,2022-06-08T07:29:47.664245+00:00
1174,4207910295,122.725,0.025,buy,False,2022-06-08T04:58:24.894775+00:00
1175,4205035847,123.355,10.0,buy,False,2022-06-07T21:27:41.169057+00:00
1176,4202907702,123.1,3.925,buy,False,2022-06-07T14:42:17.575352+00:00
1177,4202814618,122.41,0.275,sell,False,2022-06-07T14:30:14.196249+00:00
1178,4202793410,122.405,0.25,buy,False,2022-06-07T14:24:33.633016+00:00
1179,4195740470,123.38,0.75,sell,False,2022-06-06T14:37:52.399341+00:00
1180,4195051092,122.105,0.05,sell,False,2022-06-06T12:37:15.758479+00:00
1181,4194876590,121.6,45.0,buy,False,2022-06-06T11:55:51.095076+00:00
1182,4194783331,122.45,45.0,buy,False,2022-06-06T11:37:56.249670+00:00
1183,4194619682,122.375,0.025,buy,False,2022-06-06T11:07:09.740750+00:00
1184,4194597211,122.635,0.025,buy,False,2022-06-06T11:03:00.567180+00:00
1185,4185666666,120.405,0.05,buy,False,2022-06-04T18:18:35.750574+00:00
1186,4185659181,119.495,0.025,sell,False,2022-06-04T18:16:04.498144+00:00
1187,4179664732,118.0,0.1,sell,False,2022-06-03T13:38:21.249650+00:00
1188,4174238228,122.37,3.725,buy,False,2022-06-02T16:32:33.186844+00:00
1189,4174202917,122.065,1.0,sell,False,2022-06-02T16:25:41.964697+00:00
1190,4174115200,121.655,0.025,buy,False,2022-06-02T16:08:14.240790+00:00
1191,4166170752,115.565,43.25,buy,False,2022-06-01T17:03:07.139955+00:00
1192,4166073625,115.0,0.1,sell,False,2022-06-01T16:48:51.784620+00:00
1193,4159314716,121.655,1.0,buy,False,2022-05-31T22:02:53.413327+00:00
1194,4156628532,119.265,0.025,sell,False,2022-05-31T14:19:12.046300+00:00
1195,4156110914,120.0,0.1,sell,False,2022-05-31T13:34:18.984679+00:00
1196,4154529831,122.04,0.5,buy,False,2022-05-31T08:29:48.129632+00:00
1197,4153072229,121.125,1.0,buy,False,2022-05-31T04:06:28.294704+00:00
1198,4148038782,122.04,2.0,buy,False,2022-05-30T13:11:45.136915+00:00
1199,4136375755,121.46,1.375,buy,False,2022-05-28T15:38:39.729075+00:00
1200,4136211646,121.46,1.375,buy,False,2022-05-28T15:08:30.564070+00:00
1201,4136207908,120.54,1.45,sell,False,2022-05-28T15:07:15.280369+00:00
1202,4131694296,121.435,0.7,buy,False,2022-05-27T20:42:24.892099+00:00
1203,4131694295,121.39,1.3,buy,False,2022-05-27T20:42:24.892099+00:00
1204,4131690923,121.11,1.0,buy,False,2022-05-27T20:41:36.631561+00:00
1205,4130113893,119.87,0.025,buy,False,2022-05-27T16:50:04.918894+00:00
1206,4129334963,117.26,1.3,sell,False,2022-05-27T15:04:29.010202+00:00
1207,4128357754,115.99,4.425,buy,False,2022-05-27T12:52:25.940239+00:00
1208,4128357054,115.95,34.875,buy,False,2022-05-27T12:52:25.390542+00:00
1209,4126328734,114.68,0.075,buy,False,2022-05-27T07:37:59.326676+00:00
1210,4125796804,114.895,1.45,buy,False,2022-05-27T06:26:44.813318+00:00
1211,4122587388,113.43,6.5,sell,False,2022-05-26T22:37:53.991301+00:00
1212,4116339736,109.6,0.6,sell,False,2022-05-26T08:35:43.316083+00:00
1213,4113157194,110.37,0.05,buy,False,2022-05-25T23:31:26.411131+00:00
1214,4110956655,109.385,18.05,buy,False,2022-05-25T15:58:46.948628+00:00
1215,4110815465,108.625,1.85,buy,False,2022-05-25T15:36:08.047151+00:00
1216,4107228330,107.48,0.975,sell,False,2022-05-25T05:15:18.309591+00:00
1217,4105038628,107.06,1.0,buy,False,2022-05-24T21:27:31.971113+00:00
1218,4103760105,106.04,2.0,buy,False,2022-05-24T17:09:58.011545+00:00
1219,4102191677,106.12,0.6,sell,False,2022-05-24T14:01:32.868088+00:00
1220,4101885488,110.0,0.025,sell,False,2022-05-24T13:37:23.313500+00:00
1221,4093984630,112.38,0.025,sell,False,2022-05-23T13:58:31.326436+00:00
1222,4093984629,112.415,0.1,sell,False,2022-05-23T13:58:31.326436+00:00
1223,4092546280,114.52,1.75,buy,False,2022-05-23T10:22:43.442281+00:00
1224,4090845460,113.275,0.125,sell,False,2022-05-23T04:50:40.010766+00:00
1225,4089142527,113.79,0.15,buy,False,2022-05-22T22:58:46.466572+00:00
1226,4083527939,112.415,0.05,sell,False,2022-05-22T04:27:51.059349+00:00
1227,4078694896,113.54,0.025,buy,False,2022-05-21T12:13:54.317934+00:00
1228,4072882988,111.985,0.425,buy,False,2022-05-20T15:12:36.612582+00:00
1229,4072022363,113.64,4.4,sell,False,2022-05-20T13:35:55.360370+00:00
1230,4071999835,114.09,11.0,sell,False,2022-05-20T13:33:50.122286+00:00
1231,4067803319,115.055,0.625,sell,False,2022-05-20T00:15:57.494790+00:00
1232,4067189439,115.285,0.2,buy,False,2022-05-19T22:18:24.277939+00:00
1233,4065642951,114.55,34.9,sell,False,2022-05-19T16:39:24.173558+00:00
1234,4063551043,107.6,8.8,sell,False,2022-05-19T12:54:36.801398+00:00
1235,4059352975,106.76,0.625,buy,False,2022-05-19T01:16:04.277978+00:00
1236,4058833293,106.555,0.375,sell,False,2022-05-18T23:53:52.589854+00:00
1237,4056807963,108.99,1.6,buy,False,2022-05-18T17:58:03.070985+00:00
1238,4055018071,114.63,0.05,sell,False,2022-05-18T14:29:57.747827+00:00
1239,4054935763,115.2,0.05,sell,False,2022-05-18T14:19:10.416565+00:00
1240,4054882729,115.5,0.075,sell,False,2022-05-18T14:12:43.967796+00:00
1241,4054850587,115.775,0.05,buy,False,2022-05-18T14:08:31.072816+00:00
1242,4054821695,115.2,0.05,buy,False,2022-05-18T14:05:24.749259+00:00
1243,4054748295,114.63,0.05,sell,False,2022-05-18T13:57:52.660758+00:00
1244,4054738167,115.2,0.05,sell,False,2022-05-18T13:56:42.618405+00:00
1245,4054684323,115.775,0.05,sell,False,2022-05-18T13:50:19.577865+00:00
1246,4054568348,116.345,0.05,sell,False,2022-05-18T13:39:41.919681+00:00
1247,4054538284,116.92,0.05,buy,False,2022-05-18T13:36:10.782749+00:00
1248,4054493233,116.345,0.05,buy,False,2022-05-18T13:32:07.801388+00:00
1249,4054486167,115.915,0.1,sell,False,2022-05-18T13:31:30.837705+00:00
1250,4054227072,114.63,8.7,sell,False,2022-05-18T13:01:44.440459+00:00
1251,4054225125,114.63,46.1,sell,False,2022-05-18T13:01:32.918502+00:00
1252,4053391169,117.34,0.075,sell,False,2022-05-18T10:37:09.447341+00:00
1253,4052631714,117.63,0.025,sell,False,2022-05-18T08:00:11.238555+00:00
1254,4052631565,117.675,0.025,sell,False,2022-05-18T08:00:09.918386+00:00
1255,4052631435,117.72,0.025,sell,False,2022-05-18T08:00:09.200773+00:00
1256,4052631367,117.74,0.025,sell,False,2022-05-18T08:00:08.674152+00:00
1257,4052631324,117.765,0.025,sell,False,2022-05-18T08:00:08.125200+00:00
1258,4052631262,117.82,0.025,sell,False,2022-05-18T08:00:07.397836+00:00
1259,4052631041,117.93,0.025,sell,False,2022-05-18T08:00:05.648421+00:00
1260,4052105507,118.495,0.375,buy,False,2022-05-18T06:15:26.244356+00:00
1261,4050067676,117.975,0.025,buy,False,2022-05-17T23:31:39.795679+00:00
1262,4049767931,117.845,0.025,buy,False,2022-05-17T22:30:08.066064+00:00
1263,4049676454,117.71,0.025,buy,False,2022-05-17T22:13:10.383572+00:00
1264,4049529880,117.575,0.025,buy,False,2022-05-17T21:49:35.639615+00:00
1265,4049363317,117.175,0.025,buy,False,2022-05-17T21:03:32.181397+00:00
1266,4049363296,117.44,0.025,buy,False,2022-05-17T21:03:31.929894+00:00
1267,4049363263,117.31,0.025,buy,False,2022-05-17T21:03:31.299378+00:00
1268,4048411881,115.56,0.325,sell,False,2022-05-17T18:26:06.350236+00:00
1269,4046868013,116.015,0.15,buy,False,2022-05-17T14:54:26.054682+00:00
1270,4046791175,115.0,5.0,sell,False,2022-05-17T14:46:05.531204+00:00
1271,4045505873,118.35,0.2,buy,False,2022-05-17T12:00:15.225143+00:00
1272,4043637639,115.79,0.825,buy,False,2022-05-17T05:57:06.812709+00:00
1273,4043637638,115.225,0.025,buy,False,2022-05-17T05:57:06.812709+00:00
1274,4043637637,115.19,0.025,buy,False,2022-05-17T05:57:06.812709+00:00
1275,4043637636,115.17,0.025,buy,False,2022-05-17T05:57:06.812709+00:00
1276,4043637635,115.125,0.025,buy,False,2022-05-17T05:57:06.812709+00:00
1277,4043637634,115.09,0.025,buy,False,2022-05-17T05:57:06.812709+00:00
1278,4043637633,115.06,0.025,buy,False,2022-05-17T05:57:06.812709+00:00
1279,4043637632,115.025,0.025,buy,False,2022-05-17T05:57:06.812709+00:00
1280,4043583626,114.99,0.025,buy,False,2022-05-17T05:45:27.368266+00:00
1281,4043583373,114.96,0.025,buy,False,2022-05-17T05:45:26.766448+00:00
1282,4040727033,114.81,0.1,sell,False,2022-05-16T20:45:05.526999+00:00
1283,4040724968,115.72,0.1,buy,False,2022-05-16T20:44:41.222876+00:00
1284,4040721209,114.93,1.4,sell,False,2022-05-16T20:44:06.090590+00:00
1285,4040327249,115.31,1.0,buy,False,2022-05-16T19:34:11.515793+00:00
1286,4040323823,115.31,1.0,buy,False,2022-05-16T19:33:30.098973+00:00
1287,4038805884,116.045,82.475,buy,False,2022-05-16T16:21:27.771223+00:00
1288,4038745093,116.15,0.2,buy,False,2022-05-16T16:14:21.973487+00:00
1289,4037985423,116.465,0.175,sell,False,2022-05-16T14:42:28.921363+00:00
1290,4037463462,117.695,0.175,sell,False,2022-05-16T13:46:10.072743+00:00
1291,4037358456,118.92,0.175,sell,False,2022-05-16T13:35:46.308605+00:00
1292,4036547771,120.145,0.175,sell,False,2022-05-16T12:00:12.340748+00:00
1293,4032513150,122.625,0.575,sell,False,2022-05-16T01:56:10.310983+00:00
1294,4032513149,122.625,0.325,sell,False,2022-05-16T01:56:10.310983+00:00
1295,4032513148,122.66,0.025,sell,False,2022-05-16T01:56:10.310983+00:00
1296,4032472711,122.665,0.025,sell,False,2022-05-16T01:49:10.833208+00:00
1297,4025942137,122.745,0.025,sell,False,2022-05-15T07:45:01.563799+00:00
1298,4025942136,122.75,0.025,sell,False,2022-05-15T07:45:01.563799+00:00
1299,4025942135,122.755,0.025,sell,False,2022-05-15T07:45:01.563799+00:00
1300,4025942134,122.765,0.025,sell,False,2022-05-15T07:45:01.563799+00:00
1301,4025942133,122.77,0.025,sell,False,2022-05-15T07:45:01.563799+00:00
1302,4024624814,122.775,1.625,sell,False,2022-05-15T04:08:04.350405+00:00
1303,4024624813,122.775,0.025,sell,False,2022-05-15T04:08:04.350405+00:00
1304,4023138534,122.78,0.025,sell,False,2022-05-15T00:06:54.225460+00:00
1305,4022939668,122.785,0.025,sell,False,2022-05-14T23:41:30.324819+00:00
1306,4022012861,122.795,0.025,sell,False,2022-05-14T21:27:49.557931+00:00
1307,4021611572,122.8,0.05,sell,False,2022-05-14T20:15:42.983246+00:00
1308,4021263751,122.805,9.0,buy,False,2022-05-14T19:16:03.133976+00:00
1309,4013819375,122.84,0.3,buy,False,2022-05-14T03:14:23.633240+00:00
1310,4012181079,121.38,0.025,buy,False,2022-05-13T23:29:37.440745+00:00
1311,4012177441,121.3,0.025,buy,False,2022-05-13T23:29:01.583525+00:00
1312,4012177294,121.2,0.025,buy,False,2022-05-13T23:28:59.130980+00:00
1313,4012174792,121.02,0.025,buy,False,2022-05-13T23:28:31.254579+00:00
1314,4011860553,120.93,0.025,buy,False,2022-05-13T22:41:24.689352+00:00
1315,4009173535,119.315,20.675,sell,False,2022-05-13T16:37:16.751825+00:00
1316,4009173534,120.99,44.675,sell,False,2022-05-13T16:37:16.751825+00:00
1317,4009030343,121.37,0.175,sell,False,2022-05-13T16:28:12.347056+00:00
1318,4008424528,122.52,0.425,buy,False,2022-05-13T15:30:09.130865+00:00
1319,4006307834,119.625,0.175,buy,False,2022-05-13T12:00:08.351091+00:00
1320,4002111641,118.895,17.375,sell,False,2022-05-13T04:04:20.522929+00:00
1321,3999659551,117.56,0.025,buy,False,2022-05-12T23:59:48.434659+00:00
1322,3999658253,117.31,0.025,buy,False,2022-05-12T23:59:38.328443+00:00
1323,3999645889,117.06,0.025,buy,False,2022-05-12T23:58:16.855415+00:00
1324,3999563997,116.81,0.025,buy,False,2022-05-12T23:48:48.791562+00:00
1325,3999562752,116.56,0.025,buy,False,2022-05-12T23:48:41.039677+00:00
1326,3999543634,116.305,0.025,buy,False,2022-05-12T23:46:36.664379+00:00
1327,3999088875,116.055,0.025,buy,False,2022-05-12T22:55:26.881922+00:00
1328,3999082416,115.805,0.025,buy,False,2022-05-12T22:54:29.918851+00:00
1329,3998732590,115.555,0.025,buy,False,2022-05-12T22:12:15.857271+00:00
1330,3998501289,115.015,0.4,sell,False,2022-05-12T21:47:11.880019+00:00
1331,3998501288,115.055,0.025,sell,False,2022-05-12T21:47:11.880019+00:00
1332,3998501287,115.305,0.025,sell,False,2022-05-12T21:47:11.880019+00:00
1333,3997616764,120.6,0.25,buy,True,2022-05-12T20:11:02.227577+00:00
1334,3996861729,113.165,1.0,buy,False,2022-05-12T18:52:39.310166+00:00
1335,3995779976,115.82,16.95,sell,False,2022-05-12T17:04:53.446109+00:00
1336,3994772883,116.675,0.425,sell,False,2022-05-12T15:48:14.034534+00:00
1337,3994122768,119.315,0.1,buy,False,2022-05-12T15:03:29.018862+00:00
1338,3994119735,121.655,15.325,buy,False,2022-05-12T15:03:17.482693+00:00
1339,3994119734,121.65,1.875,buy,False,2022-05-12T15:03:17.482693+00:00
1340,3993910661,117.28,1.0,buy,False,2022-05-12T14:51:04.391548+00:00
1341,3992961262,110.0,0.5,sell,True,2022-05-12T13:40:46.384773+00:00
1342,3992961261,110.0,0.075,sell,True,2022-05-12T13:40:46.384773+00:00
1343,3992960469,110.03,0.525,sell,True,2022-05-12T13:40:42.625375+00:00
1344,3992959082,110.48,0.325,sell,True,2022-05-12T13:40:37.074407+00:00
1345,3982426326,116.185,1.725,sell,True,2022-05-12T03:31:13.192776+00:00
1346,3980505671,116.005,5.0,sell,False,2022-05-12T01:08:37.377882+00:00
1347,3977511224,114.055,1.75,sell,False,2022-05-11T21:36:52.045234+00:00
1348,3977511223,114.06,1.875,sell,False,2022-05-11T21:36:52.045234+00:00
1349,3977511222,115.14,0.5,sell,False,2022-05-11T21:36:52.045234+00:00
1350,3975579720,116.73,0.05,sell,False,2022-05-11T19:46:43.836540+00:00
1351,3970333955,121.785,16.4,sell,False,2022-05-11T14:35:43.489439+00:00
1352,3969721077,117.29,8.6,sell,False,2022-05-11T14:11:47.264078+00:00
1353,3968560981,112.685,0.8,sell,True,2022-05-11T13:37:29.216159+00:00
1354,3967072385,113.485,0.45,sell,False,2022-05-11T12:54:54.793572+00:00
1355,3966841480,113.88,0.9,sell,False,2022-05-11T12:50:50.621817+00:00
1356,3966841479,113.95,0.3,sell,False,2022-05-11T12:50:50.621817+00:00
1357,3958192292,115.645,17.275,sell,False,2022-05-11T04:57:06.560983+00:00
1358,3952409560,115.7,0.75,sell,False,2022-05-10T19:45:40.647187+00:00
1359,3952213715,117.0,0.25,sell,False,2022-05-10T19:24:35.487531+00:00
1360,3951615196,117.0,0.2,sell,False,2022-05-10T18:15:42.467773+00:00
1361,3951386183,117.3,0.3,sell,False,2022-05-10T17:43:34.098282+00:00
1362,3950329894,115.875,8.6,sell,False,2022-05-10T15:50:31.186155+00:00
1363,3948793018,116.55,0.4,sell,False,2022-05-10T13:46:59.991850+00:00
1364,3948750840,117.0,4.0,sell,False,2022-05-10T13:44:09.394190+00:00
1365,3948749914,117.025,0.275,sell,False,2022-05-10T13:44:04.300860+00:00
1366,3948646173,119.255,0.375,sell,False,2022-05-10T13:36:08.818044+00:00
1367,3948011364,123.3,202.75,sell,False,2022-05-10T12:36:09.497723+00:00
1368,3947727016,123.225,0.225,buy,False,2022-05-10T12:00:09.883527+00:00
1369,3946387066,124.13,0.125,buy,False,2022-05-10T09:06:03.091169+00:00
1370,3945728736,120.17,0.05,sell,False,2022-05-10T07:44:24.106003+00:00
1371,3945144549,120.16,0.025,buy,False,2022-05-10T06:45:30.322457+00:00
1372,3945144548,120.12,0.025,buy,False,2022-05-10T06:45:30.322457+00:00
1373,3945144547,120.08,0.025,buy,False,2022-05-10T06:45:30.322457+00:00
1374,3945144546,120.08,0.025,buy,False,2022-05-10T06:45:30.322457+00:00
1375,3945144545,120.05,0.025,buy,False,2022-05-10T06:45:30.322457+00:00
1376,3945144544,120.025,0.025,buy,False,2022-05-10T06:45:30.322457+00:00
1377,3945144543,119.995,0.025,buy,False,2022-05-10T06:45:30.322457+00:00
1378,3945144542,119.965,0.025,buy,False,2022-05-10T06:45:30.322457+00:00
1379,3945144541,119.94,0.025,buy,False,2022-05-10T06:45:30.322457+00:00
1380,3942199918,119.83,0.575,sell,False,2022-05-10T02:16:35.782650+00:00
1381,3939264288,120.305,6.35,buy,False,2022-05-09T23:24:01.620444+00:00
1382,3938329676,119.845,0.825,buy,False,2022-05-09T21:52:15.269508+00:00
1383,3936920396,119.745,0.25,sell,False,2022-05-09T19:43:57.663304+00:00
1384,3936911949,120.0,1.0,sell,False,2022-05-09T19:43:16.178449+00:00
1385,3936200319,120.0,1.0,sell,False,2022-05-09T18:50:05.179452+00:00
1386,3935031117,122.255,0.3,buy,False,2022-05-09T17:36:33.328156+00:00
1387,3935026214,121.655,0.325,sell,False,2022-05-09T17:36:08.368555+00:00
