,id,price,size,side,liquidation,time
0,5400893302,128.8,0.31,buy,False,2022-11-10T08:50:15.930689+00:00
1,5400893301,128.13,0.074,buy,False,2022-11-10T08:50:15.930689+00:00
2,5400893300,127.32,0.074,buy,False,2022-11-10T08:50:15.930689+00:00
3,5400893299,126.52,0.074,buy,False,2022-11-10T08:50:15.930689+00:00
4,5400893298,125.71,0.074,buy,False,2022-11-10T08:50:15.930689+00:00
5,5400893297,125.0,0.3,buy,False,2022-11-10T08:50:15.930689+00:00
6,5400893296,124.9,0.02,buy,False,2022-11-10T08:50:15.930689+00:00
7,5400893295,124.9,0.074,buy,False,2022-11-10T08:50:15.930689+00:00
8,5400859642,124.09,0.074,sell,False,2022-11-10T08:46:54.601592+00:00
9,5400850232,125.0,0.12,buy,False,2022-11-10T08:45:53.677919+00:00
10,5400850231,124.9,0.074,buy,False,2022-11-10T08:45:53.677919+00:00
11,5400850230,124.09,0.074,buy,False,2022-11-10T08:45:53.677919+00:00
12,5400850229,123.28,0.074,buy,False,2022-11-10T08:45:53.677919+00:00
13,5400850228,122.47,0.074,buy,False,2022-11-10T08:45:53.677919+00:00
14,5400850227,121.67,0.074,buy,False,2022-11-10T08:45:53.677919+00:00
15,5400850226,121.2,0.42,buy,False,2022-11-10T08:45:53.677919+00:00
16,5400850225,120.86,0.074,buy,False,2022-11-10T08:45:53.677919+00:00
17,5400850224,120.05,0.016,buy,False,2022-11-10T08:45:53.677919+00:00
18,5400847267,120.05,0.058,buy,False,2022-11-10T08:45:40.934358+00:00
19,5400847266,119.24,0.074,buy,False,2022-11-10T08:45:40.934358+00:00
20,5400847265,118.43,0.074,buy,False,2022-11-10T08:45:40.934358+00:00
21,5400847264,117.63,0.074,buy,False,2022-11-10T08:45:40.934358+00:00
22,5400847263,117.4,0.42,buy,False,2022-11-10T08:45:40.934358+00:00
23,5400847262,117.39,0.3,buy,False,2022-11-10T08:45:40.934358+00:00
24,5400765689,117.39,0.605,buy,False,2022-11-10T08:36:30.684078+00:00
25,5400765688,116.82,0.074,buy,False,2022-11-10T08:36:30.684078+00:00
26,5400765687,116.01,0.074,buy,False,2022-11-10T08:36:30.684078+00:00
27,5400765686,115.2,0.074,buy,False,2022-11-10T08:36:30.684078+00:00
28,5400765685,114.39,0.074,buy,False,2022-11-10T08:36:30.684078+00:00
29,5400765684,113.59,0.074,buy,False,2022-11-10T08:36:30.684078+00:00
30,5400765683,113.0,0.025,buy,False,2022-11-10T08:36:30.684078+00:00
31,5400759535,111.97,0.025,sell,False,2022-11-10T08:35:34.112644+00:00
32,5400759534,112.78,0.074,sell,False,2022-11-10T08:35:34.112644+00:00
33,5400719581,113.59,0.042,sell,False,2022-11-10T08:29:50.772628+00:00
34,5400599975,113.59,0.032,sell,False,2022-11-10T08:14:37.838818+00:00
35,5400598328,114.39,1.77,sell,False,2022-11-10T08:14:19.780766+00:00
36,5400589495,114.39,0.074,buy,False,2022-11-10T08:13:13.715626+00:00
37,5400508143,113.59,0.074,sell,False,2022-11-10T08:03:37.700629+00:00
38,5400508142,113.7,0.42,sell,False,2022-11-10T08:03:37.700629+00:00
39,5400508141,114.39,0.021,sell,False,2022-11-10T08:03:37.700629+00:00
40,5400508140,114.39,0.074,sell,False,2022-11-10T08:03:37.700629+00:00
41,5400503416,115.2,0.074,sell,False,2022-11-10T08:03:08.317722+00:00
42,5400503415,116.01,0.05,sell,False,2022-11-10T08:03:08.317722+00:00
43,5400503414,116.82,0.074,sell,False,2022-11-10T08:03:08.317722+00:00
44,5400501059,117.4,0.42,sell,False,2022-11-10T08:02:46.879035+00:00
45,5400501058,117.41,0.001,sell,False,2022-11-10T08:02:46.879035+00:00
46,5400501057,117.63,0.074,sell,False,2022-11-10T08:02:46.879035+00:00
47,5400501056,118.43,0.074,sell,False,2022-11-10T08:02:46.879035+00:00
48,5400501055,119.24,0.074,sell,False,2022-11-10T08:02:46.879035+00:00
49,5400451871,120.05,0.074,sell,False,2022-11-10T07:57:05.715869+00:00
50,5400451870,120.86,0.074,sell,False,2022-11-10T07:57:05.715869+00:00
51,5400451869,121.2,0.42,sell,False,2022-11-10T07:57:05.715869+00:00
52,5400451868,121.21,0.904,sell,False,2022-11-10T07:57:05.715869+00:00
53,5400451867,121.67,0.074,sell,False,2022-11-10T07:57:05.715869+00:00
54,5400451866,122.47,0.074,sell,False,2022-11-10T07:57:05.715869+00:00
55,5400451865,123.28,0.074,sell,False,2022-11-10T07:57:05.715869+00:00
56,5400451864,124.09,0.074,sell,False,2022-11-10T07:57:05.715869+00:00
57,5400451863,125.0,0.031,sell,False,2022-11-10T07:57:05.715869+00:00
58,5400400761,125.0,0.42,buy,False,2022-11-10T07:51:18.646513+00:00
59,5400400760,124.9,0.074,buy,False,2022-11-10T07:51:18.646513+00:00
60,5400400759,124.09,0.074,buy,False,2022-11-10T07:51:18.646513+00:00
61,5400400758,123.28,0.074,buy,False,2022-11-10T07:51:18.646513+00:00
62,5400400757,122.47,0.074,buy,False,2022-11-10T07:51:18.646513+00:00
63,5400400756,121.67,0.074,buy,False,2022-11-10T07:51:18.646513+00:00
64,5400400755,121.2,0.354,buy,False,2022-11-10T07:51:18.646513+00:00
65,5400400754,121.2,0.42,buy,False,2022-11-10T07:51:18.646513+00:00
66,5400400753,121.19,0.905,buy,False,2022-11-10T07:51:18.646513+00:00
67,5400389132,120.86,0.074,buy,False,2022-11-10T07:50:04.380844+00:00
68,5400389131,120.05,0.074,buy,False,2022-11-10T07:50:04.380844+00:00
69,5400389130,119.24,0.074,buy,False,2022-11-10T07:50:04.380844+00:00
70,5400389129,118.43,0.074,buy,False,2022-11-10T07:50:04.380844+00:00
71,5400386442,117.63,0.074,buy,False,2022-11-10T07:49:45.934955+00:00
72,5400366277,116.01,0.024,sell,False,2022-11-10T07:47:03.480190+00:00
73,5400366276,116.82,0.074,sell,False,2022-11-10T07:47:03.480190+00:00
74,5400366275,117.4,0.021,sell,False,2022-11-10T07:47:03.480190+00:00
75,5400366274,117.4,0.082,sell,False,2022-11-10T07:47:03.480190+00:00
76,5400354765,117.4,0.338,sell,False,2022-11-10T07:45:23.762127+00:00
77,5400354764,117.63,0.074,sell,False,2022-11-10T07:45:23.762127+00:00
78,5400354763,118.43,0.074,sell,False,2022-11-10T07:45:23.762127+00:00
79,5400354762,119.24,0.074,sell,False,2022-11-10T07:45:23.762127+00:00
80,5400354761,120.05,0.074,sell,False,2022-11-10T07:45:23.762127+00:00
81,5400354760,120.86,0.074,sell,False,2022-11-10T07:45:23.762127+00:00
82,5400354759,121.2,0.292,sell,False,2022-11-10T07:45:23.762127+00:00
83,5400354164,121.2,0.128,sell,False,2022-11-10T07:45:16.860453+00:00
84,5400354163,121.67,0.074,sell,False,2022-11-10T07:45:16.860453+00:00
85,5400354162,122.47,0.074,sell,False,2022-11-10T07:45:16.860453+00:00
86,5400354161,123.28,0.074,sell,False,2022-11-10T07:45:16.860453+00:00
87,5400354160,124.09,0.074,sell,False,2022-11-10T07:45:16.860453+00:00
88,5400354159,124.9,0.074,sell,False,2022-11-10T07:45:16.860453+00:00
89,5400354158,125.0,0.42,sell,False,2022-11-10T07:45:16.860453+00:00
90,5400354157,125.71,0.074,sell,False,2022-11-10T07:45:16.860453+00:00
91,5400354156,126.52,0.008,sell,False,2022-11-10T07:45:16.860453+00:00
92,5400353355,126.52,0.066,sell,False,2022-11-10T07:45:09.429797+00:00
93,5400353354,127.32,0.074,sell,False,2022-11-10T07:45:09.429797+00:00
94,5400353353,128.13,0.074,sell,False,2022-11-10T07:45:09.429797+00:00
95,5400353352,128.94,0.074,sell,False,2022-11-10T07:45:09.429797+00:00
96,5400353351,129.75,0.074,sell,False,2022-11-10T07:45:09.429797+00:00
97,5400353350,130.56,0.074,sell,False,2022-11-10T07:45:09.429797+00:00
98,5400353349,131.36,0.074,sell,False,2022-11-10T07:45:09.429797+00:00
99,5400353348,132.17,0.074,sell,False,2022-11-10T07:45:09.429797+00:00
100,5400353347,132.98,0.074,sell,False,2022-11-10T07:45:09.429797+00:00
101,5400353346,133.79,0.074,sell,False,2022-11-10T07:45:09.429797+00:00
102,5400353345,134.6,0.074,sell,False,2022-11-10T07:45:09.429797+00:00
103,5400353344,134.61,0.001,sell,False,2022-11-10T07:45:09.429797+00:00
104,5400353343,135.4,0.074,sell,False,2022-11-10T07:45:09.429797+00:00
105,5400353342,136.21,0.074,sell,False,2022-11-10T07:45:09.429797+00:00
106,5400353341,137.02,0.045,sell,False,2022-11-10T07:45:09.429797+00:00
107,5400339559,137.02,0.029,sell,False,2022-11-10T07:43:03.491248+00:00
108,5400339558,137.83,0.074,sell,False,2022-11-10T07:43:03.491248+00:00
109,5400339557,138.64,0.074,sell,False,2022-11-10T07:43:03.491248+00:00
110,5400339556,140.0,0.919,sell,False,2022-11-10T07:43:03.491248+00:00
111,5400339555,140.01,0.904,sell,False,2022-11-10T07:43:03.491248+00:00
112,5400252499,140.0,38.033,buy,False,2022-11-10T07:31:26.216228+00:00
113,5400252498,139.44,0.074,buy,False,2022-11-10T07:31:26.216228+00:00
114,5400252497,138.64,0.02,buy,False,2022-11-10T07:31:26.216228+00:00
115,5400252496,138.64,0.074,buy,False,2022-11-10T07:31:26.216228+00:00
116,5400252243,138.0,0.01,sell,False,2022-11-10T07:31:24.749081+00:00
117,5400249633,137.83,0.074,buy,False,2022-11-10T07:31:02.022295+00:00
118,5400249632,137.0,0.02,buy,False,2022-11-10T07:31:02.022295+00:00
119,5400249631,137.0,3.778,buy,False,2022-11-10T07:31:02.022295+00:00
120,5400216245,137.02,0.074,sell,False,2022-11-10T07:26:35.153015+00:00
121,5400216244,137.83,0.074,sell,False,2022-11-10T07:26:35.153015+00:00
122,5400208934,138.64,0.074,sell,False,2022-11-10T07:26:02.052715+00:00
123,5400193159,140.0,0.673,buy,False,2022-11-10T07:23:57.733383+00:00
124,5400193158,139.44,0.074,buy,False,2022-11-10T07:23:57.733383+00:00
125,5400193157,138.64,0.074,buy,False,2022-11-10T07:23:57.733383+00:00
126,5400193156,137.83,0.074,buy,False,2022-11-10T07:23:57.733383+00:00
127,5400193155,137.02,0.074,buy,False,2022-11-10T07:23:57.733383+00:00
128,5400193154,136.21,0.074,buy,False,2022-11-10T07:23:57.733383+00:00
129,5400193153,135.4,0.074,buy,False,2022-11-10T07:23:57.733383+00:00
130,5400193152,134.6,0.074,buy,False,2022-11-10T07:23:57.733383+00:00
131,5400193151,133.79,0.074,buy,False,2022-11-10T07:23:57.733383+00:00
132,5400193150,132.98,0.074,buy,False,2022-11-10T07:23:57.733383+00:00
133,5400193149,132.17,0.074,buy,False,2022-11-10T07:23:57.733383+00:00
134,5400193148,131.36,0.074,buy,False,2022-11-10T07:23:57.733383+00:00
135,5400193147,130.56,0.074,buy,False,2022-11-10T07:23:57.733383+00:00
136,5400193146,129.75,0.074,buy,False,2022-11-10T07:23:57.733383+00:00
137,5400193145,128.94,0.074,buy,False,2022-11-10T07:23:57.733383+00:00
138,5400193144,128.8,0.42,buy,False,2022-11-10T07:23:57.733383+00:00
139,5400193143,128.13,0.074,buy,False,2022-11-10T07:23:57.733383+00:00
140,5400193142,127.32,0.074,buy,False,2022-11-10T07:23:57.733383+00:00
141,5400193141,126.52,0.074,buy,False,2022-11-10T07:23:57.733383+00:00
142,5400193140,125.71,0.074,buy,False,2022-11-10T07:23:57.733383+00:00
143,5400193139,125.01,1.013,buy,False,2022-11-10T07:23:57.733383+00:00
144,5400193138,125.0,0.42,buy,False,2022-11-10T07:23:57.733383+00:00
145,5400193137,124.9,0.074,buy,False,2022-11-10T07:23:57.733383+00:00
146,5400193136,124.09,0.074,buy,False,2022-11-10T07:23:57.733383+00:00
147,5400193135,123.28,0.074,buy,False,2022-11-10T07:23:57.733383+00:00
148,5400193134,122.47,0.074,buy,False,2022-11-10T07:23:57.733383+00:00
149,5400193133,121.67,0.074,buy,False,2022-11-10T07:23:57.733383+00:00
150,5400193132,120.86,0.074,buy,False,2022-11-10T07:23:57.733383+00:00
151,5400193131,120.05,0.074,buy,False,2022-11-10T07:23:57.733383+00:00
152,5400193130,119.0,2.391,buy,False,2022-11-10T07:23:57.733383+00:00
153,5400192049,119.24,0.074,sell,False,2022-11-10T07:23:49.184455+00:00
154,5400192048,120.05,0.074,sell,False,2022-11-10T07:23:49.184455+00:00
155,5400192047,120.86,0.074,sell,False,2022-11-10T07:23:49.184455+00:00
156,5400189013,121.2,0.42,sell,False,2022-11-10T07:23:25.005598+00:00
157,5400189012,121.67,0.074,sell,False,2022-11-10T07:23:25.005598+00:00
158,5400189011,122.47,0.074,sell,False,2022-11-10T07:23:25.005598+00:00
159,5400184540,123.28,0.074,sell,False,2022-11-10T07:22:56.141781+00:00
160,5400184539,124.09,0.074,sell,False,2022-11-10T07:22:56.141781+00:00
161,5400184538,124.9,0.074,sell,False,2022-11-10T07:22:56.141781+00:00
162,5400178118,125.0,0.42,sell,False,2022-11-10T07:22:11.061816+00:00
163,5400178117,125.01,1.013,sell,False,2022-11-10T07:22:11.061816+00:00
164,5400178116,125.71,0.074,sell,False,2022-11-10T07:22:11.061816+00:00
165,5400178115,126.52,0.074,sell,False,2022-11-10T07:22:11.061816+00:00
166,5400178114,127.32,0.046,sell,False,2022-11-10T07:22:11.061816+00:00
167,5400103665,127.32,0.028,sell,False,2022-11-10T07:14:39.666166+00:00
168,5400103664,128.13,0.074,sell,False,2022-11-10T07:14:39.666166+00:00
169,5400103663,128.94,0.074,sell,False,2022-11-10T07:14:39.666166+00:00
170,5400103662,129.75,0.074,sell,False,2022-11-10T07:14:39.666166+00:00
171,5400103661,130.56,0.074,sell,False,2022-11-10T07:14:39.666166+00:00
172,5400103660,131.36,0.074,sell,False,2022-11-10T07:14:39.666166+00:00
173,5400103659,132.17,0.074,sell,False,2022-11-10T07:14:39.666166+00:00
174,5400103658,132.98,0.074,sell,False,2022-11-10T07:14:39.666166+00:00
175,5400103657,133.79,0.074,sell,False,2022-11-10T07:14:39.666166+00:00
176,5400103656,134.6,0.074,sell,False,2022-11-10T07:14:39.666166+00:00
177,5400103655,135.4,0.074,sell,False,2022-11-10T07:14:39.666166+00:00
178,5400103654,136.21,0.074,sell,False,2022-11-10T07:14:39.666166+00:00
179,5400103653,137.02,0.074,sell,False,2022-11-10T07:14:39.666166+00:00
180,5400103652,137.83,0.074,sell,False,2022-11-10T07:14:39.666166+00:00
181,5400103651,138.64,0.074,sell,False,2022-11-10T07:14:39.666166+00:00
182,5400103650,139.44,0.074,sell,False,2022-11-10T07:14:39.666166+00:00
183,5400103649,140.25,0.074,sell,False,2022-11-10T07:14:39.666166+00:00
184,5400103648,141.06,0.074,sell,False,2022-11-10T07:14:39.666166+00:00
185,5400103647,141.87,0.074,sell,False,2022-11-10T07:14:39.666166+00:00
186,5400103646,142.68,0.074,sell,False,2022-11-10T07:14:39.666166+00:00
187,5400103645,143.48,0.074,sell,False,2022-11-10T07:14:39.666166+00:00
188,5400103644,144.29,0.074,sell,False,2022-11-10T07:14:39.666166+00:00
189,5400103643,145.1,0.074,sell,False,2022-11-10T07:14:39.666166+00:00
190,5400092895,145.91,0.074,buy,False,2022-11-10T07:13:27.458948+00:00
191,5400092894,145.1,0.074,buy,False,2022-11-10T07:13:27.458948+00:00
192,5400092893,144.29,0.074,buy,False,2022-11-10T07:13:27.458948+00:00
193,5400092892,143.48,0.074,buy,False,2022-11-10T07:13:27.458948+00:00
194,5400092891,142.68,0.074,buy,False,2022-11-10T07:13:27.458948+00:00
195,5400092890,141.87,0.074,buy,False,2022-11-10T07:13:27.458948+00:00
196,5400092889,141.06,0.074,buy,False,2022-11-10T07:13:27.458948+00:00
197,5400092888,140.25,0.074,buy,False,2022-11-10T07:13:27.458948+00:00
198,5400092887,139.44,0.074,buy,False,2022-11-10T07:13:27.458948+00:00
199,5400092886,138.64,0.074,buy,False,2022-11-10T07:13:27.458948+00:00
200,5400091657,137.83,0.074,buy,False,2022-11-10T07:13:18.362657+00:00
201,5400091656,137.02,0.074,buy,False,2022-11-10T07:13:18.362657+00:00
202,5400091655,136.21,0.074,buy,False,2022-11-10T07:13:18.362657+00:00
203,5400091654,135.4,0.074,buy,False,2022-11-10T07:13:18.362657+00:00
204,5400091653,134.6,0.074,buy,False,2022-11-10T07:13:18.362657+00:00
205,5400091652,133.79,0.074,buy,False,2022-11-10T07:13:18.362657+00:00
206,5400091651,132.98,0.074,buy,False,2022-11-10T07:13:18.362657+00:00
207,5400091650,132.17,0.074,buy,False,2022-11-10T07:13:18.362657+00:00
208,5400091649,131.36,0.074,buy,False,2022-11-10T07:13:18.362657+00:00
209,5400091648,130.56,0.074,buy,False,2022-11-10T07:13:18.362657+00:00
210,5400091647,129.75,0.074,buy,False,2022-11-10T07:13:18.362657+00:00
211,5400091646,128.94,0.074,buy,False,2022-11-10T07:13:18.362657+00:00
212,5400091645,128.8,0.42,buy,False,2022-11-10T07:13:18.362657+00:00
213,5400091644,128.13,0.074,buy,False,2022-11-10T07:13:18.362657+00:00
214,5400091643,127.32,0.074,buy,False,2022-11-10T07:13:18.362657+00:00
215,5400091642,126.52,0.074,buy,False,2022-11-10T07:13:18.362657+00:00
216,5400091641,125.71,0.074,buy,False,2022-11-10T07:13:18.362657+00:00
217,5400091640,125.0,0.42,buy,False,2022-11-10T07:13:18.362657+00:00
218,5400091639,124.9,0.074,buy,False,2022-11-10T07:13:18.362657+00:00
219,5400091638,124.09,0.074,buy,False,2022-11-10T07:13:18.362657+00:00
220,5400091637,123.28,0.074,buy,False,2022-11-10T07:13:18.362657+00:00
221,5400091636,122.47,0.02,buy,False,2022-11-10T07:13:18.362657+00:00
222,5400091635,122.47,0.07,buy,False,2022-11-10T07:13:18.362657+00:00
223,5400090024,122.47,0.004,buy,False,2022-11-10T07:13:09.990762+00:00
224,5400086985,121.67,0.42,sell,False,2022-11-10T07:12:48.534079+00:00
225,5400086912,117.4,0.42,buy,False,2022-11-10T07:12:48.407864+00:00
226,5400084335,121.67,0.074,buy,False,2022-11-10T07:12:35.091210+00:00
227,5400084334,120.86,0.074,buy,False,2022-11-10T07:12:35.091210+00:00
228,5400084333,120.05,0.074,buy,False,2022-11-10T07:12:35.091210+00:00
229,5400084332,119.24,0.074,buy,False,2022-11-10T07:12:35.091210+00:00
230,5400084331,118.43,0.074,buy,False,2022-11-10T07:12:35.091210+00:00
231,5400084330,117.63,0.074,buy,False,2022-11-10T07:12:35.091210+00:00
232,5400084329,116.82,0.074,buy,False,2022-11-10T07:12:35.091210+00:00
233,5400084328,116.01,0.074,buy,False,2022-11-10T07:12:35.091210+00:00
234,5400084327,115.2,0.074,buy,False,2022-11-10T07:12:35.091210+00:00
235,5400084326,114.39,0.074,buy,False,2022-11-10T07:12:35.091210+00:00
236,5400084325,113.7,0.42,buy,False,2022-11-10T07:12:35.091210+00:00
237,5400084324,113.59,0.074,buy,False,2022-11-10T07:12:35.091210+00:00
238,5400084323,112.78,0.074,buy,False,2022-11-10T07:12:35.091210+00:00
239,5400084322,111.97,0.074,buy,False,2022-11-10T07:12:35.091210+00:00
240,5400084321,111.16,0.074,buy,False,2022-11-10T07:12:35.091210+00:00
241,5400084320,110.35,0.074,buy,False,2022-11-10T07:12:35.091210+00:00
242,5400084319,110.0,0.43,buy,False,2022-11-10T07:12:35.091210+00:00
243,5400084318,109.9,0.42,buy,False,2022-11-10T07:12:35.091210+00:00
244,5400084317,109.55,0.074,buy,False,2022-11-10T07:12:35.091210+00:00
245,5400084316,109.32,1.0,buy,False,2022-11-10T07:12:35.091210+00:00
246,5400084315,108.74,0.074,buy,False,2022-11-10T07:12:35.091210+00:00
247,5400082172,108.24,1.0,buy,False,2022-11-10T07:12:20.767211+00:00
248,5400082171,107.93,0.074,buy,False,2022-11-10T07:12:20.767211+00:00
249,5400082170,107.12,0.074,buy,False,2022-11-10T07:12:20.767211+00:00
250,5400079966,106.31,0.074,buy,False,2022-11-10T07:12:07.563040+00:00
251,5400061742,106.1,1.193,buy,False,2022-11-10T07:10:14.963092+00:00
252,5400061741,106.1,0.42,buy,False,2022-11-10T07:10:14.963092+00:00
253,5399992360,105.51,0.074,buy,False,2022-11-10T07:02:31.368814+00:00
254,5399992359,104.7,0.074,buy,False,2022-11-10T07:02:31.368814+00:00
255,5399992358,103.89,0.074,buy,False,2022-11-10T07:02:31.368814+00:00
256,5399992357,103.08,0.074,buy,False,2022-11-10T07:02:31.368814+00:00
257,5399992356,102.27,0.074,buy,False,2022-11-10T07:02:31.368814+00:00
258,5399992355,101.46,0.074,buy,False,2022-11-10T07:02:31.368814+00:00
259,5399992354,100.66,0.074,buy,False,2022-11-10T07:02:31.368814+00:00
260,5399992353,99.85,0.074,buy,False,2022-11-10T07:02:31.368814+00:00
261,5399992352,99.04,0.074,buy,False,2022-11-10T07:02:31.368814+00:00
262,5399986872,98.6,0.074,sell,False,2022-11-10T07:01:52.928612+00:00
263,5399986792,98.6,0.074,sell,False,2022-11-10T07:01:52.544544+00:00
264,5399986741,98.6,0.074,sell,False,2022-11-10T07:01:52.197177+00:00
265,5399986630,98.6,0.074,sell,False,2022-11-10T07:01:51.808315+00:00
266,5399982190,87.42,0.364,sell,False,2022-11-10T07:01:31.401220+00:00
267,5399982189,95.0,0.074,sell,False,2022-11-10T07:01:31.401220+00:00
268,5399982188,95.81,0.074,sell,False,2022-11-10T07:01:31.401220+00:00
269,5399982187,96.62,0.074,sell,False,2022-11-10T07:01:31.401220+00:00
270,5399982186,97.42,0.074,sell,False,2022-11-10T07:01:31.401220+00:00
271,5399982185,98.23,0.074,sell,False,2022-11-10T07:01:31.401220+00:00
272,5399982184,99.04,0.074,sell,False,2022-11-10T07:01:31.401220+00:00
273,5399982183,99.85,0.074,sell,False,2022-11-10T07:01:31.401220+00:00
274,5399982182,100.66,0.074,sell,False,2022-11-10T07:01:31.401220+00:00
275,5399982181,101.46,0.074,sell,False,2022-11-10T07:01:31.401220+00:00
276,5399982180,102.27,0.074,sell,False,2022-11-10T07:01:31.401220+00:00
277,5399982179,102.4,0.42,sell,False,2022-11-10T07:01:31.401220+00:00
278,5399982178,103.08,0.074,sell,False,2022-11-10T07:01:31.401220+00:00
279,5399982177,103.89,0.074,sell,False,2022-11-10T07:01:31.401220+00:00
280,5399982176,104.7,0.074,sell,False,2022-11-10T07:01:31.401220+00:00
281,5399982175,105.51,0.074,sell,False,2022-11-10T07:01:31.401220+00:00
282,5399982174,106.1,0.42,sell,False,2022-11-10T07:01:31.401220+00:00
283,5399982173,106.31,0.074,sell,False,2022-11-10T07:01:31.401220+00:00
284,5399982172,107.12,0.074,sell,False,2022-11-10T07:01:31.401220+00:00
285,5399982171,107.12,4.87,sell,False,2022-11-10T07:01:31.401220+00:00
286,5399982170,107.16,1.0,sell,False,2022-11-10T07:01:31.401220+00:00
287,5399982169,107.93,0.074,sell,False,2022-11-10T07:01:31.401220+00:00
288,5399982168,108.23,1.193,sell,False,2022-11-10T07:01:31.401220+00:00
289,5399982167,108.23,0.475,sell,False,2022-11-10T07:01:31.401220+00:00
290,5399973728,108.23,0.525,sell,False,2022-11-10T07:00:37.526715+00:00
291,5399973727,108.74,0.074,sell,False,2022-11-10T07:00:37.526715+00:00
292,5399851375,110.0,6.226,buy,False,2022-11-10T06:45:10.734268+00:00
293,5399823599,110.0,2.585,buy,False,2022-11-10T06:42:46.174204+00:00
294,5399817954,110.0,1.323,buy,False,2022-11-10T06:42:18.785021+00:00
295,5399817953,109.9,0.42,buy,False,2022-11-10T06:42:18.785021+00:00
296,5399817952,109.55,0.074,buy,False,2022-11-10T06:42:18.785021+00:00
297,5399817951,109.32,1.0,buy,False,2022-11-10T06:42:18.785021+00:00
298,5399817950,108.74,0.074,buy,False,2022-11-10T06:42:18.785021+00:00
299,5399817949,108.24,1.0,buy,False,2022-11-10T06:42:18.785021+00:00
300,5399817948,107.93,0.024,buy,False,2022-11-10T06:42:18.785021+00:00
301,5399813836,107.12,0.057,buy,False,2022-11-10T06:42:00.038729+00:00
302,5399730495,107.12,0.017,buy,False,2022-11-10T06:35:33.173704+00:00
303,5399730494,106.31,0.074,buy,False,2022-11-10T06:35:33.173704+00:00
304,5399730493,106.11,0.909,buy,False,2022-11-10T06:35:33.173704+00:00
305,5399730453,106.11,0.308,buy,False,2022-11-10T06:35:32.670726+00:00
306,5399730452,106.1,0.42,buy,False,2022-11-10T06:35:32.670726+00:00
307,5399730451,105.51,0.074,buy,False,2022-11-10T06:35:32.670726+00:00
308,5399730450,104.7,0.074,buy,False,2022-11-10T06:35:32.670726+00:00
309,5399730449,103.89,0.074,buy,False,2022-11-10T06:35:32.670726+00:00
310,5399730448,102.4,0.05,buy,False,2022-11-10T06:35:32.670726+00:00
311,5399724549,102.4,0.074,buy,False,2022-11-10T06:34:50.302298+00:00
312,5399724398,102.4,0.074,buy,False,2022-11-10T06:34:49.925814+00:00
313,5399724378,102.4,0.074,buy,False,2022-11-10T06:34:49.596010+00:00
314,5399724347,102.4,0.074,buy,False,2022-11-10T06:34:49.252047+00:00
315,5399724300,102.4,0.074,buy,False,2022-11-10T06:34:48.912637+00:00
316,5399722572,107.93,0.05,buy,False,2022-11-10T06:34:32.623400+00:00
317,5399722571,107.12,0.074,buy,False,2022-11-10T06:34:32.623400+00:00
318,5399722570,106.31,0.074,buy,False,2022-11-10T06:34:32.623400+00:00
319,5399722569,105.51,0.074,buy,False,2022-11-10T06:34:32.623400+00:00
320,5399722568,104.7,0.074,buy,False,2022-11-10T06:34:32.623400+00:00
321,5399722567,103.89,0.074,buy,False,2022-11-10T06:34:32.623400+00:00
322,5399722566,103.08,0.074,buy,False,2022-11-10T06:34:32.623400+00:00
323,5399722565,102.27,0.074,buy,False,2022-11-10T06:34:32.623400+00:00
324,5399722564,101.46,0.074,buy,False,2022-11-10T06:34:32.623400+00:00
325,5399722563,100.66,0.074,buy,False,2022-11-10T06:34:32.623400+00:00
326,5399722562,99.85,0.074,buy,False,2022-11-10T06:34:32.623400+00:00
327,5399722561,99.04,0.074,buy,False,2022-11-10T06:34:32.623400+00:00
328,5399722560,98.6,0.136,buy,False,2022-11-10T06:34:32.623400+00:00
329,5399722489,98.6,0.284,buy,False,2022-11-10T06:34:32.044765+00:00
330,5399722488,98.23,0.074,buy,False,2022-11-10T06:34:32.044765+00:00
331,5399722487,97.42,0.074,buy,False,2022-11-10T06:34:32.044765+00:00
332,5399722486,96.62,0.074,buy,False,2022-11-10T06:34:32.044765+00:00
333,5399722485,95.81,0.074,buy,False,2022-11-10T06:34:32.044765+00:00
334,5399722484,94.8,0.42,buy,False,2022-11-10T06:34:32.044765+00:00
335,5399721740,87.42,4.323,sell,False,2022-11-10T06:34:23.445039+00:00
336,5399721739,87.62,5.0,sell,False,2022-11-10T06:34:23.445039+00:00
337,5399721738,87.72,5.5,sell,False,2022-11-10T06:34:23.445039+00:00
338,5399721737,87.82,0.025,sell,False,2022-11-10T06:34:23.445039+00:00
339,5399721736,87.82,5.0,sell,False,2022-11-10T06:34:23.445039+00:00
340,5399719745,91.1,0.42,sell,False,2022-11-10T06:34:00.573230+00:00
341,5399718091,94.8,0.42,sell,False,2022-11-10T06:33:45.438646+00:00
342,5399718090,98.6,0.42,sell,False,2022-11-10T06:33:45.438646+00:00
343,5399717200,88.06,5.0,sell,False,2022-11-10T06:33:36.849049+00:00
344,5399717199,89.95,6.126,sell,False,2022-11-10T06:33:36.849049+00:00
345,5399717198,92.57,10.692,sell,False,2022-11-10T06:33:36.849049+00:00
346,5399717197,92.72,4.426,sell,False,2022-11-10T06:33:36.849049+00:00
347,5399717196,95.0,4.64,sell,False,2022-11-10T06:33:36.849049+00:00
348,5399717195,95.0,0.074,sell,False,2022-11-10T06:33:36.849049+00:00
349,5399717194,95.81,0.074,sell,False,2022-11-10T06:33:36.849049+00:00
350,5399717193,96.62,0.074,sell,False,2022-11-10T06:33:36.849049+00:00
351,5399717192,97.42,0.074,sell,False,2022-11-10T06:33:36.849049+00:00
352,5399717191,98.23,0.074,sell,False,2022-11-10T06:33:36.849049+00:00
353,5399717190,99.04,0.074,sell,False,2022-11-10T06:33:36.849049+00:00
354,5399717189,99.85,0.074,sell,False,2022-11-10T06:33:36.849049+00:00
355,5399717188,100.0,0.1,sell,False,2022-11-10T06:33:36.849049+00:00
356,5399717187,100.66,0.074,sell,False,2022-11-10T06:33:36.849049+00:00
357,5399717186,100.66,1.996,sell,False,2022-11-10T06:33:36.849049+00:00
358,5399717185,101.46,0.074,sell,False,2022-11-10T06:33:36.849049+00:00
359,5399717184,102.27,0.074,sell,False,2022-11-10T06:33:36.849049+00:00
360,5399717183,102.4,0.272,sell,False,2022-11-10T06:33:36.849049+00:00
361,5399717182,103.08,0.074,sell,False,2022-11-10T06:33:36.849049+00:00
362,5399717181,103.89,0.074,sell,False,2022-11-10T06:33:36.849049+00:00
363,5399717180,104.7,0.074,sell,False,2022-11-10T06:33:36.849049+00:00
364,5399717179,105.51,0.074,sell,False,2022-11-10T06:33:36.849049+00:00
365,5399717178,106.1,0.42,sell,False,2022-11-10T06:33:36.849049+00:00
366,5399717177,106.31,0.074,sell,False,2022-11-10T06:33:36.849049+00:00
367,5399717176,107.12,0.074,sell,False,2022-11-10T06:33:36.849049+00:00
368,5399717175,107.93,0.074,sell,False,2022-11-10T06:33:36.849049+00:00
369,5399717174,108.74,0.021,sell,False,2022-11-10T06:33:36.849049+00:00
370,5399717173,108.74,0.074,sell,False,2022-11-10T06:33:36.849049+00:00
371,5399716942,110.0,1.0,buy,False,2022-11-10T06:33:32.883666+00:00
372,5399716865,110.0,1.0,buy,False,2022-11-10T06:33:32.453094+00:00
373,5399710410,110.0,0.914,buy,False,2022-11-10T06:32:33.168687+00:00
374,5399710409,109.9,0.086,buy,False,2022-11-10T06:32:33.168687+00:00
375,5399710376,109.9,0.334,buy,False,2022-11-10T06:32:32.689342+00:00
376,5399710375,109.55,0.074,buy,False,2022-11-10T06:32:32.689342+00:00
377,5399710374,108.74,0.074,buy,False,2022-11-10T06:32:32.689342+00:00
378,5399710373,107.93,0.074,buy,False,2022-11-10T06:32:32.689342+00:00
379,5399710372,107.12,0.074,buy,False,2022-11-10T06:32:32.689342+00:00
380,5399710371,106.31,0.074,buy,False,2022-11-10T06:32:32.689342+00:00
381,5399710370,105.51,0.074,buy,False,2022-11-10T06:32:32.689342+00:00
382,5399710369,104.7,0.074,buy,False,2022-11-10T06:32:32.689342+00:00
383,5399710368,103.89,0.074,buy,False,2022-11-10T06:32:32.689342+00:00
384,5399710367,103.08,0.074,buy,False,2022-11-10T06:32:32.689342+00:00
385,5399703832,102.4,0.074,sell,False,2022-11-10T06:31:50.851522+00:00
386,5399703793,102.4,0.074,sell,False,2022-11-10T06:31:50.507075+00:00
387,5399701622,100.66,0.433,sell,False,2022-11-10T06:31:36.413636+00:00
388,5399701621,100.66,0.925,sell,False,2022-11-10T06:31:36.413636+00:00
389,5399701620,100.66,0.074,sell,False,2022-11-10T06:31:36.413636+00:00
390,5399701619,100.67,2.429,sell,False,2022-11-10T06:31:36.413636+00:00
391,5399701618,101.46,0.074,sell,False,2022-11-10T06:31:36.413636+00:00
392,5399701617,102.27,0.074,sell,False,2022-11-10T06:31:36.413636+00:00
393,5399701616,103.08,0.074,sell,False,2022-11-10T06:31:36.413636+00:00
394,5399701615,103.89,0.074,sell,False,2022-11-10T06:31:36.413636+00:00
395,5399701614,104.7,0.074,sell,False,2022-11-10T06:31:36.413636+00:00
396,5399701613,105.51,0.074,sell,False,2022-11-10T06:31:36.413636+00:00
397,5399701612,106.1,0.42,sell,False,2022-11-10T06:31:36.413636+00:00
398,5399701611,106.31,0.074,sell,False,2022-11-10T06:31:36.413636+00:00
399,5399701610,107.12,0.074,sell,False,2022-11-10T06:31:36.413636+00:00
400,5399701609,107.93,0.074,sell,False,2022-11-10T06:31:36.413636+00:00
401,5399701608,108.74,0.074,sell,False,2022-11-10T06:31:36.413636+00:00
402,5399701607,109.55,0.074,sell,False,2022-11-10T06:31:36.413636+00:00
403,5399701606,109.9,0.022,sell,False,2022-11-10T06:31:36.413636+00:00
404,5399701605,109.9,0.42,sell,False,2022-11-10T06:31:36.413636+00:00
405,5399701061,110.0,1.0,buy,False,2022-11-10T06:31:32.815751+00:00
406,5399700989,110.0,1.0,buy,False,2022-11-10T06:31:32.253381+00:00
407,5399693302,110.0,1.0,buy,False,2022-11-10T06:30:31.802234+00:00
408,5399693266,110.0,1.0,buy,False,2022-11-10T06:30:31.367066+00:00
409,5399690316,110.0,0.42,buy,False,2022-11-10T06:30:10.818289+00:00
410,5399690251,110.0,0.42,buy,False,2022-11-10T06:30:10.413996+00:00
411,5399689471,110.35,0.074,sell,False,2022-11-10T06:30:05.246132+00:00
412,5399689470,111.16,0.074,sell,False,2022-11-10T06:30:05.246132+00:00
413,5399689469,111.97,0.074,sell,False,2022-11-10T06:30:05.246132+00:00
414,5399689468,112.78,0.074,sell,False,2022-11-10T06:30:05.246132+00:00
415,5399689467,113.59,0.074,sell,False,2022-11-10T06:30:05.246132+00:00
416,5399689466,113.7,0.42,sell,False,2022-11-10T06:30:05.246132+00:00
417,5399689465,114.39,0.074,sell,False,2022-11-10T06:30:05.246132+00:00
418,5399689464,115.2,0.074,sell,False,2022-11-10T06:30:05.246132+00:00
419,5399689463,116.01,0.074,sell,False,2022-11-10T06:30:05.246132+00:00
420,5399689462,116.82,0.074,sell,False,2022-11-10T06:30:05.246132+00:00
421,5399689461,117.4,0.42,sell,False,2022-11-10T06:30:05.246132+00:00
422,5399689460,117.63,0.074,sell,False,2022-11-10T06:30:05.246132+00:00
423,5399689459,118.43,0.074,sell,False,2022-11-10T06:30:05.246132+00:00
424,5399689458,119.24,0.074,sell,False,2022-11-10T06:30:05.246132+00:00
425,5399689457,120.05,0.074,sell,False,2022-11-10T06:30:05.246132+00:00
426,5399689456,120.86,0.074,sell,False,2022-11-10T06:30:05.246132+00:00
427,5399689455,121.67,0.074,sell,False,2022-11-10T06:30:05.246132+00:00
428,5399689454,122.47,0.074,sell,False,2022-11-10T06:30:05.246132+00:00
429,5399689453,123.28,0.074,sell,False,2022-11-10T06:30:05.246132+00:00
430,5399689452,124.09,0.074,sell,False,2022-11-10T06:30:05.246132+00:00
431,5399689451,124.9,0.074,sell,False,2022-11-10T06:30:05.246132+00:00
432,5399689450,125.71,0.074,sell,False,2022-11-10T06:30:05.246132+00:00
433,5399689449,126.52,0.074,sell,False,2022-11-10T06:30:05.246132+00:00
434,5399689448,127.32,0.074,sell,False,2022-11-10T06:30:05.246132+00:00
435,5399689447,127.51,1.0,sell,False,2022-11-10T06:30:05.246132+00:00
436,5399689446,128.13,0.074,sell,False,2022-11-10T06:30:05.246132+00:00
437,5399689445,128.78,1.217,sell,False,2022-11-10T06:30:05.246132+00:00
438,5399689444,128.79,1.0,sell,False,2022-11-10T06:30:05.246132+00:00
439,5399645386,130.08,0.074,buy,False,2022-11-10T06:25:07.832694+00:00
440,5399645352,130.08,0.074,buy,False,2022-11-10T06:25:07.421457+00:00
441,5399645308,130.08,0.074,buy,False,2022-11-10T06:25:07.069941+00:00
442,5399645218,130.08,0.036,buy,False,2022-11-10T06:25:05.942801+00:00
443,5399645217,128.79,0.038,buy,False,2022-11-10T06:25:05.942801+00:00
444,5399645203,128.79,0.074,buy,False,2022-11-10T06:25:05.478242+00:00
445,5399645156,128.79,0.074,buy,False,2022-11-10T06:25:04.943296+00:00
446,5399645042,128.79,0.074,buy,False,2022-11-10T06:25:04.204727+00:00
447,5399644932,128.79,0.074,buy,False,2022-11-10T06:25:03.475782+00:00
448,5399644794,128.79,0.074,buy,False,2022-11-10T06:25:02.688576+00:00
449,5399644703,128.79,0.074,buy,False,2022-11-10T06:25:01.955645+00:00
450,5399644469,128.79,0.074,buy,False,2022-11-10T06:25:00.658765+00:00
451,5399644329,128.79,0.074,buy,False,2022-11-10T06:24:59.915961+00:00
452,5399644112,128.79,0.074,buy,False,2022-11-10T06:24:58.354746+00:00
453,5399643944,128.79,0.074,buy,False,2022-11-10T06:24:57.579022+00:00
454,5399643865,128.79,0.074,buy,False,2022-11-10T06:24:56.807036+00:00
455,5399643781,128.79,0.074,buy,False,2022-11-10T06:24:55.881035+00:00
456,5399643681,128.79,0.074,buy,False,2022-11-10T06:24:54.974120+00:00
457,5399641026,120.05,0.074,sell,False,2022-11-10T06:24:29.855519+00:00
458,5399641025,120.86,0.074,sell,False,2022-11-10T06:24:29.855519+00:00
459,5399641024,121.67,0.074,sell,False,2022-11-10T06:24:29.855519+00:00
460,5399641023,122.47,0.074,sell,False,2022-11-10T06:24:29.855519+00:00
461,5399641022,123.28,0.074,sell,False,2022-11-10T06:24:29.855519+00:00
462,5399641021,124.09,0.074,sell,False,2022-11-10T06:24:29.855519+00:00
463,5399641020,124.9,0.074,sell,False,2022-11-10T06:24:29.855519+00:00
464,5399641019,125.71,0.074,sell,False,2022-11-10T06:24:29.855519+00:00
465,5399641018,126.52,0.074,sell,False,2022-11-10T06:24:29.855519+00:00
466,5399641017,127.32,0.074,sell,False,2022-11-10T06:24:29.855519+00:00
467,5399641016,127.51,1.0,sell,False,2022-11-10T06:24:29.855519+00:00
468,5399641015,128.79,0.778,sell,False,2022-11-10T06:24:29.855519+00:00
469,5399638428,151.0,5.928,buy,False,2022-11-10T06:24:09.810952+00:00
470,5399638427,150.76,0.074,buy,False,2022-11-10T06:24:09.810952+00:00
471,5399638426,149.95,0.074,buy,False,2022-11-10T06:24:09.810952+00:00
472,5399638425,149.14,0.074,buy,False,2022-11-10T06:24:09.810952+00:00
473,5399638424,148.33,0.074,buy,False,2022-11-10T06:24:09.810952+00:00
474,5399638423,147.53,0.074,buy,False,2022-11-10T06:24:09.810952+00:00
475,5399638422,146.72,0.074,buy,False,2022-11-10T06:24:09.810952+00:00
476,5399638421,145.91,0.074,buy,False,2022-11-10T06:24:09.810952+00:00
477,5399638420,145.1,0.074,buy,False,2022-11-10T06:24:09.810952+00:00
478,5399638419,144.29,0.074,buy,False,2022-11-10T06:24:09.810952+00:00
479,5399638418,143.48,0.074,buy,False,2022-11-10T06:24:09.810952+00:00
480,5399638417,142.68,0.074,buy,False,2022-11-10T06:24:09.810952+00:00
481,5399638416,141.87,0.074,buy,False,2022-11-10T06:24:09.810952+00:00
482,5399638415,141.06,0.074,buy,False,2022-11-10T06:24:09.810952+00:00
483,5399638414,140.25,0.074,buy,False,2022-11-10T06:24:09.810952+00:00
484,5399638413,139.44,0.074,buy,False,2022-11-10T06:24:09.810952+00:00
485,5399638412,138.64,0.074,buy,False,2022-11-10T06:24:09.810952+00:00
486,5399638411,137.83,0.074,buy,False,2022-11-10T06:24:09.810952+00:00
487,5399638410,137.02,0.074,buy,False,2022-11-10T06:24:09.810952+00:00
488,5399638409,136.21,0.074,buy,False,2022-11-10T06:24:09.810952+00:00
489,5399638408,135.4,0.074,buy,False,2022-11-10T06:24:09.810952+00:00
490,5399638407,134.6,0.074,buy,False,2022-11-10T06:24:09.810952+00:00
491,5399638406,133.79,0.074,buy,False,2022-11-10T06:24:09.810952+00:00
492,5399638405,132.98,0.074,buy,False,2022-11-10T06:24:09.810952+00:00
493,5399638404,132.7,1.0,buy,False,2022-11-10T06:24:09.810952+00:00
494,5399638403,132.17,0.074,buy,False,2022-11-10T06:24:09.810952+00:00
495,5399638402,131.39,1.0,buy,False,2022-11-10T06:24:09.810952+00:00
496,5399638401,131.36,0.074,buy,False,2022-11-10T06:24:09.810952+00:00
497,5399638400,130.56,0.074,buy,False,2022-11-10T06:24:09.810952+00:00
498,5399638399,129.75,0.074,buy,False,2022-11-10T06:24:09.810952+00:00
499,5399638398,128.94,0.074,buy,False,2022-11-10T06:24:09.810952+00:00
500,5399634177,128.13,0.074,buy,False,2022-11-10T06:23:31.349289+00:00
501,5399634176,127.32,0.074,buy,False,2022-11-10T06:23:31.349289+00:00
502,5399634175,126.52,0.074,buy,False,2022-11-10T06:23:31.349289+00:00
503,5399630918,125.71,0.074,sell,False,2022-11-10T06:22:59.430175+00:00
504,5399630917,126.52,0.074,sell,False,2022-11-10T06:22:59.430175+00:00
505,5399630916,127.32,0.074,sell,False,2022-11-10T06:22:59.430175+00:00
506,5399630915,128.13,0.074,sell,False,2022-11-10T06:22:59.430175+00:00
507,5399630914,128.94,0.074,sell,False,2022-11-10T06:22:59.430175+00:00
508,5399630913,129.75,0.074,sell,False,2022-11-10T06:22:59.430175+00:00
509,5399630912,130.08,1.0,sell,False,2022-11-10T06:22:59.430175+00:00
510,5399630911,130.56,0.074,sell,False,2022-11-10T06:22:59.430175+00:00
511,5399630910,131.36,0.074,sell,False,2022-11-10T06:22:59.430175+00:00
512,5399630909,131.38,1.0,sell,False,2022-11-10T06:22:59.430175+00:00
513,5399630908,132.17,0.074,sell,False,2022-11-10T06:22:59.430175+00:00
514,5399630907,132.98,8.39,sell,False,2022-11-10T06:22:59.430175+00:00
515,5399627610,132.98,0.42,sell,False,2022-11-10T06:22:40.443815+00:00
516,5399627560,132.98,0.42,sell,False,2022-11-10T06:22:39.691202+00:00
517,5399623445,132.98,0.074,sell,False,2022-11-10T06:22:08.471065+00:00
518,5399623389,132.98,0.074,sell,False,2022-11-10T06:22:08.046807+00:00
519,5399623239,132.98,0.074,sell,False,2022-11-10T06:22:07.384987+00:00
520,5399623121,132.98,0.074,sell,False,2022-11-10T06:22:06.989748+00:00
521,5399622957,132.98,0.074,sell,False,2022-11-10T06:22:06.567325+00:00
522,5399622915,132.98,0.074,sell,False,2022-11-10T06:22:06.189797+00:00
523,5399622867,132.98,0.074,sell,False,2022-11-10T06:22:05.849923+00:00
524,5399622840,132.98,0.074,sell,False,2022-11-10T06:22:05.489423+00:00
525,5399622805,132.98,0.074,sell,False,2022-11-10T06:22:05.082178+00:00
526,5399622764,132.98,0.074,sell,False,2022-11-10T06:22:04.695885+00:00
527,5399622696,132.98,0.074,sell,False,2022-11-10T06:22:04.290464+00:00
528,5399622606,132.98,0.074,sell,False,2022-11-10T06:22:03.948265+00:00
529,5399622504,132.98,0.074,sell,False,2022-11-10T06:22:03.451082+00:00
530,5399622478,132.98,0.074,sell,False,2022-11-10T06:22:03.032682+00:00
531,5399622413,132.98,0.074,sell,False,2022-11-10T06:22:02.257882+00:00
532,5399622360,132.98,0.074,sell,False,2022-11-10T06:22:01.672214+00:00
533,5399622248,132.98,0.074,sell,False,2022-11-10T06:22:00.900753+00:00
534,5399622195,132.98,0.074,sell,False,2022-11-10T06:22:00.094982+00:00
535,5399622162,132.98,0.074,sell,False,2022-11-10T06:21:59.668098+00:00
536,5399622135,132.98,0.074,sell,False,2022-11-10T06:21:59.244573+00:00
537,5399622099,132.98,0.074,sell,False,2022-11-10T06:21:58.758724+00:00
538,5399622047,132.98,0.074,sell,False,2022-11-10T06:21:58.082732+00:00
539,5399622038,132.98,0.074,sell,False,2022-11-10T06:21:57.751528+00:00
540,5399622012,132.98,0.074,sell,False,2022-11-10T06:21:57.434398+00:00
541,5399621986,132.98,0.074,sell,False,2022-11-10T06:21:57.112438+00:00
542,5399621975,132.98,0.074,sell,False,2022-11-10T06:21:56.786459+00:00
543,5399621954,132.98,0.074,sell,False,2022-11-10T06:21:56.382254+00:00
544,5399621915,132.98,0.074,sell,False,2022-11-10T06:21:55.963742+00:00
545,5399621838,132.98,0.074,sell,False,2022-11-10T06:21:54.853436+00:00
546,5399621815,132.98,0.074,sell,False,2022-11-10T06:21:54.474935+00:00
547,5399621794,132.98,0.074,sell,False,2022-11-10T06:21:54.101929+00:00
548,5399621753,132.98,0.074,sell,False,2022-11-10T06:21:53.690674+00:00
549,5399621284,132.98,0.074,buy,False,2022-11-10T06:21:48.207807+00:00
550,5399621283,132.7,1.0,buy,False,2022-11-10T06:21:48.207807+00:00
551,5399621282,132.5,0.58,buy,False,2022-11-10T06:21:48.207807+00:00
552,5399621281,131.39,1.0,buy,False,2022-11-10T06:21:48.207807+00:00
553,5399621280,131.38,1.193,buy,False,2022-11-10T06:21:48.207807+00:00
554,5399620088,127.51,0.239,sell,False,2022-11-10T06:21:37.740385+00:00
555,5399620087,128.79,0.021,sell,False,2022-11-10T06:21:37.740385+00:00
556,5399620086,128.79,0.16,sell,False,2022-11-10T06:21:37.740385+00:00
557,5399620056,128.79,0.42,sell,False,2022-11-10T06:21:37.291425+00:00
558,5399619302,125.0,0.42,buy,False,2022-11-10T06:21:31.418102+00:00
559,5399619247,106.31,0.074,sell,False,2022-11-10T06:21:30.556749+00:00
560,5399619246,107.12,0.074,sell,False,2022-11-10T06:21:30.556749+00:00
561,5399619245,107.93,0.074,sell,False,2022-11-10T06:21:30.556749+00:00
562,5399619244,108.74,0.074,sell,False,2022-11-10T06:21:30.556749+00:00
563,5399619243,109.55,0.074,sell,False,2022-11-10T06:21:30.556749+00:00
564,5399619242,110.35,0.074,sell,False,2022-11-10T06:21:30.556749+00:00
565,5399619241,111.16,0.074,sell,False,2022-11-10T06:21:30.556749+00:00
566,5399619240,111.97,0.074,sell,False,2022-11-10T06:21:30.556749+00:00
567,5399619239,112.78,0.074,sell,False,2022-11-10T06:21:30.556749+00:00
568,5399619238,113.59,0.074,sell,False,2022-11-10T06:21:30.556749+00:00
569,5399619237,113.7,0.42,sell,False,2022-11-10T06:21:30.556749+00:00
570,5399619236,114.39,0.074,sell,False,2022-11-10T06:21:30.556749+00:00
571,5399619235,115.2,0.074,sell,False,2022-11-10T06:21:30.556749+00:00
572,5399619234,116.01,0.074,sell,False,2022-11-10T06:21:30.556749+00:00
573,5399619233,116.82,0.074,sell,False,2022-11-10T06:21:30.556749+00:00
574,5399619232,117.4,0.42,sell,False,2022-11-10T06:21:30.556749+00:00
575,5399619231,117.63,0.059,sell,False,2022-11-10T06:21:30.556749+00:00
576,5399619230,118.43,0.031,sell,False,2022-11-10T06:21:30.556749+00:00
577,5399619229,119.24,0.074,sell,False,2022-11-10T06:21:30.556749+00:00
578,5399617180,120.05,0.074,sell,False,2022-11-10T06:21:15.260963+00:00
579,5399617179,120.86,0.074,sell,False,2022-11-10T06:21:15.260963+00:00
580,5399617178,121.2,0.42,sell,False,2022-11-10T06:21:15.260963+00:00
581,5399617177,121.67,0.074,sell,False,2022-11-10T06:21:15.260963+00:00
582,5399617176,122.47,0.074,sell,False,2022-11-10T06:21:15.260963+00:00
583,5399617175,123.28,0.074,sell,False,2022-11-10T06:21:15.260963+00:00
584,5399617174,124.09,0.074,sell,False,2022-11-10T06:21:15.260963+00:00
585,5399617173,124.9,0.074,sell,False,2022-11-10T06:21:15.260963+00:00
586,5399617172,125.0,0.42,sell,False,2022-11-10T06:21:15.260963+00:00
587,5399617171,125.71,0.074,sell,False,2022-11-10T06:21:15.260963+00:00
588,5399617170,126.52,0.074,sell,False,2022-11-10T06:21:15.260963+00:00
589,5399617169,127.32,0.074,sell,False,2022-11-10T06:21:15.260963+00:00
590,5399617168,128.13,0.074,sell,False,2022-11-10T06:21:15.260963+00:00
591,5399617167,128.94,0.074,sell,False,2022-11-10T06:21:15.260963+00:00
592,5399617166,129.75,0.074,sell,False,2022-11-10T06:21:15.260963+00:00
593,5399617165,130.08,1.0,sell,False,2022-11-10T06:21:15.260963+00:00
594,5399617164,130.09,1.193,sell,False,2022-11-10T06:21:15.260963+00:00
595,5399617163,130.56,0.074,sell,False,2022-11-10T06:21:15.260963+00:00
596,5399617162,131.36,0.074,sell,False,2022-11-10T06:21:15.260963+00:00
597,5399617161,131.38,1.0,sell,False,2022-11-10T06:21:15.260963+00:00
598,5399535010,132.7,0.745,buy,False,2022-11-10T06:11:51.195160+00:00
599,5399535009,132.17,0.074,buy,False,2022-11-10T06:11:51.195160+00:00
600,5399535008,131.39,1.0,buy,False,2022-11-10T06:11:51.195160+00:00
601,5399535007,131.36,0.074,buy,False,2022-11-10T06:11:51.195160+00:00
602,5399535006,130.56,0.074,buy,False,2022-11-10T06:11:51.195160+00:00
603,5399535005,129.75,0.074,buy,False,2022-11-10T06:11:51.195160+00:00
604,5399529536,130.08,0.074,buy,False,2022-11-10T06:11:11.895487+00:00
605,5399529505,130.08,0.074,buy,False,2022-11-10T06:11:11.449015+00:00
606,5399529355,130.08,0.074,buy,False,2022-11-10T06:11:10.654699+00:00
607,5399529296,130.08,0.074,buy,False,2022-11-10T06:11:09.744184+00:00
608,5399529236,130.08,0.074,buy,False,2022-11-10T06:11:09.225161+00:00
609,5399529146,130.08,0.074,buy,False,2022-11-10T06:11:08.713786+00:00
610,5399529109,130.08,0.074,buy,False,2022-11-10T06:11:08.087389+00:00
611,5399529078,130.08,0.074,buy,False,2022-11-10T06:11:07.656201+00:00
612,5399529029,130.08,0.074,buy,False,2022-11-10T06:11:07.247827+00:00
613,5399528938,130.08,0.074,buy,False,2022-11-10T06:11:06.733430+00:00
614,5399528871,130.08,0.074,buy,False,2022-11-10T06:11:06.127803+00:00
615,5399528823,130.08,0.036,buy,False,2022-11-10T06:11:05.704223+00:00
616,5399528822,128.79,0.038,buy,False,2022-11-10T06:11:05.704223+00:00
617,5399528783,128.79,0.074,buy,False,2022-11-10T06:11:05.332651+00:00
618,5399528725,128.79,0.074,buy,False,2022-11-10T06:11:04.911467+00:00
619,5399528707,128.79,0.074,buy,False,2022-11-10T06:11:04.456337+00:00
620,5399528649,128.79,0.074,buy,False,2022-11-10T06:11:03.894029+00:00
621,5399528598,128.79,0.074,buy,False,2022-11-10T06:11:03.513772+00:00
622,5399528575,128.79,0.074,buy,False,2022-11-10T06:11:03.146280+00:00
623,5399528536,128.79,0.074,buy,False,2022-11-10T06:11:02.722605+00:00
624,5399528519,128.79,0.074,buy,False,2022-11-10T06:11:02.370651+00:00
625,5399528422,128.79,0.074,buy,False,2022-11-10T06:11:01.090047+00:00
626,5399528221,128.79,0.074,buy,False,2022-11-10T06:11:00.107561+00:00
627,5399528090,128.79,0.074,buy,False,2022-11-10T06:10:59.347734+00:00
628,5399528057,128.79,0.074,buy,False,2022-11-10T06:10:58.613563+00:00
629,5399528015,128.79,0.074,buy,False,2022-11-10T06:10:57.812885+00:00
630,5399525420,149.14,0.074,buy,False,2022-11-10T06:10:27.387013+00:00
631,5399525419,148.33,0.074,buy,False,2022-11-10T06:10:27.387013+00:00
632,5399525418,147.53,0.074,buy,False,2022-11-10T06:10:27.387013+00:00
633,5399525417,146.72,0.074,buy,False,2022-11-10T06:10:27.387013+00:00
634,5399525416,145.91,0.074,buy,False,2022-11-10T06:10:27.387013+00:00
635,5399525415,145.1,0.074,buy,False,2022-11-10T06:10:27.387013+00:00
636,5399525414,144.29,0.074,buy,False,2022-11-10T06:10:27.387013+00:00
637,5399525413,143.48,0.074,buy,False,2022-11-10T06:10:27.387013+00:00
638,5399525412,142.68,0.074,buy,False,2022-11-10T06:10:27.387013+00:00
639,5399525411,141.87,0.074,buy,False,2022-11-10T06:10:27.387013+00:00
640,5399525410,141.06,0.074,buy,False,2022-11-10T06:10:27.387013+00:00
641,5399525409,140.25,0.074,buy,False,2022-11-10T06:10:27.387013+00:00
642,5399525408,139.44,0.074,buy,False,2022-11-10T06:10:27.387013+00:00
643,5399525407,138.64,0.074,buy,False,2022-11-10T06:10:27.387013+00:00
644,5399525406,137.83,0.074,buy,False,2022-11-10T06:10:27.387013+00:00
645,5399525405,137.02,0.074,buy,False,2022-11-10T06:10:27.387013+00:00
646,5399525404,136.21,0.074,buy,False,2022-11-10T06:10:27.387013+00:00
647,5399525403,135.4,0.074,buy,False,2022-11-10T06:10:27.387013+00:00
648,5399525402,134.6,0.074,buy,False,2022-11-10T06:10:27.387013+00:00
649,5399525401,133.79,0.074,buy,False,2022-11-10T06:10:27.387013+00:00
650,5399525400,132.98,0.074,buy,False,2022-11-10T06:10:27.387013+00:00
651,5399525399,132.17,0.074,buy,False,2022-11-10T06:10:27.387013+00:00
652,5399525398,131.36,0.074,buy,False,2022-11-10T06:10:27.387013+00:00
653,5399525397,130.56,0.074,buy,False,2022-11-10T06:10:27.387013+00:00
654,5399525396,129.75,0.074,buy,False,2022-11-10T06:10:27.387013+00:00
655,5399525395,128.94,0.074,buy,False,2022-11-10T06:10:27.387013+00:00
656,5399525394,128.8,0.42,buy,False,2022-11-10T06:10:27.387013+00:00
657,5399525393,128.13,0.074,buy,False,2022-11-10T06:10:27.387013+00:00
658,5399525392,127.51,1.0,buy,False,2022-11-10T06:10:27.387013+00:00
659,5399525391,127.32,0.074,buy,False,2022-11-10T06:10:27.387013+00:00
660,5399525390,126.52,0.074,buy,False,2022-11-10T06:10:27.387013+00:00
661,5399525389,126.24,1.0,buy,False,2022-11-10T06:10:27.387013+00:00
662,5399525388,126.23,1.215,buy,False,2022-11-10T06:10:27.387013+00:00
663,5399525387,125.71,0.074,buy,False,2022-11-10T06:10:27.387013+00:00
664,5399496369,124.9,0.074,sell,False,2022-11-10T06:05:31.553904+00:00
665,5399491064,125.0,0.021,sell,False,2022-11-10T06:04:44.172675+00:00
666,5399489475,126.23,0.014,buy,False,2022-11-10T06:04:34.920562+00:00
667,5399453566,124.99,0.012,sell,False,2022-11-10T05:58:32.957112+00:00
668,5399453565,126.24,0.062,sell,False,2022-11-10T05:58:32.957112+00:00
669,5399453534,126.24,0.074,sell,False,2022-11-10T05:58:32.604445+00:00
670,5399453485,126.24,0.074,sell,False,2022-11-10T05:58:31.792793+00:00
671,5399453462,125.71,0.074,buy,False,2022-11-10T05:58:31.552452+00:00
672,5399453461,125.0,0.42,buy,False,2022-11-10T05:58:31.552452+00:00
673,5399453460,124.9,0.074,buy,False,2022-11-10T05:58:31.552452+00:00
674,5399453459,124.09,0.074,buy,False,2022-11-10T05:58:31.552452+00:00
675,5399453458,123.28,0.074,buy,False,2022-11-10T05:58:31.552452+00:00
676,5399453457,122.47,0.074,buy,False,2022-11-10T05:58:31.552452+00:00
677,5399451948,118.43,0.043,sell,False,2022-11-10T05:58:13.629780+00:00
678,5399451947,119.24,0.074,sell,False,2022-11-10T05:58:13.629780+00:00
679,5399451946,120.05,0.074,sell,False,2022-11-10T05:58:13.629780+00:00
680,5399451945,120.86,0.074,sell,False,2022-11-10T05:58:13.629780+00:00
681,5399451944,121.2,0.42,sell,False,2022-11-10T05:58:13.629780+00:00
682,5399451943,121.67,0.074,sell,False,2022-11-10T05:58:13.629780+00:00
683,5399451942,122.47,0.074,sell,False,2022-11-10T05:58:13.629780+00:00
684,5399451941,123.28,0.074,sell,False,2022-11-10T05:58:13.629780+00:00
685,5399451940,124.09,0.074,sell,False,2022-11-10T05:58:13.629780+00:00
686,5399451939,124.9,0.074,sell,False,2022-11-10T05:58:13.629780+00:00
687,5399451938,125.0,0.42,sell,False,2022-11-10T05:58:13.629780+00:00
688,5399451937,125.01,1.229,sell,False,2022-11-10T05:58:13.629780+00:00
689,5399451936,125.71,0.074,sell,False,2022-11-10T05:58:13.629780+00:00
690,5399451935,126.52,0.074,sell,False,2022-11-10T05:58:13.629780+00:00
691,5399451934,127.32,0.074,sell,False,2022-11-10T05:58:13.629780+00:00
692,5399451933,127.51,1.0,sell,False,2022-11-10T05:58:13.629780+00:00
693,5399451932,128.13,0.074,sell,False,2022-11-10T05:58:13.629780+00:00
694,5399451931,128.79,1.0,sell,False,2022-11-10T05:58:13.629780+00:00
695,5399438397,130.08,0.074,buy,False,2022-11-10T05:56:08.061927+00:00
696,5399438369,130.08,0.074,buy,False,2022-11-10T05:56:07.747245+00:00
697,5399438333,130.08,0.074,buy,False,2022-11-10T05:56:07.406039+00:00
698,5399438314,130.08,0.074,buy,False,2022-11-10T05:56:06.984034+00:00
699,5399438284,130.08,0.074,buy,False,2022-11-10T05:56:06.518666+00:00
700,5399438256,130.08,0.074,buy,False,2022-11-10T05:56:06.139115+00:00
701,5399438215,130.08,0.074,buy,False,2022-11-10T05:56:05.735821+00:00
702,5399438199,130.08,0.074,buy,False,2022-11-10T05:56:05.309068+00:00
703,5399438163,130.08,0.074,buy,False,2022-11-10T05:56:04.839361+00:00
704,5399438131,130.08,0.074,buy,False,2022-11-10T05:56:04.453876+00:00
705,5399438107,130.08,0.074,buy,False,2022-11-10T05:56:03.873268+00:00
706,5399438090,130.08,0.074,buy,False,2022-11-10T05:56:03.444670+00:00
707,5399438069,130.08,0.036,buy,False,2022-11-10T05:56:03.045192+00:00
708,5399438068,128.79,0.038,buy,False,2022-11-10T05:56:03.045192+00:00
709,5399438011,128.79,0.074,buy,False,2022-11-10T05:56:02.531824+00:00
710,5399437980,128.79,0.074,buy,False,2022-11-10T05:56:02.123914+00:00
711,5399437939,128.79,0.074,buy,False,2022-11-10T05:56:01.600818+00:00
712,5399437917,128.79,0.074,buy,False,2022-11-10T05:56:01.128309+00:00
713,5399437887,128.79,0.074,buy,False,2022-11-10T05:56:00.776741+00:00
714,5399437860,128.79,0.074,buy,False,2022-11-10T05:56:00.440162+00:00
715,5399437819,128.79,0.074,buy,False,2022-11-10T05:56:00.066361+00:00
716,5399437797,128.79,0.074,buy,False,2022-11-10T05:55:59.719512+00:00
717,5399437760,128.79,0.074,buy,False,2022-11-10T05:55:59.082206+00:00
718,5399437625,128.79,0.074,buy,False,2022-11-10T05:55:57.544783+00:00
719,5399437548,128.79,0.074,buy,False,2022-11-10T05:55:56.874627+00:00
720,5399437490,128.79,0.074,buy,False,2022-11-10T05:55:56.169228+00:00
721,5399437452,128.79,0.074,buy,False,2022-11-10T05:55:55.500589+00:00
722,5399434778,149.95,0.074,buy,False,2022-11-10T05:55:23.445662+00:00
723,5399434777,149.14,0.074,buy,False,2022-11-10T05:55:23.445662+00:00
724,5399434776,148.33,0.074,buy,False,2022-11-10T05:55:23.445662+00:00
725,5399434775,147.53,0.074,buy,False,2022-11-10T05:55:23.445662+00:00
726,5399434774,146.72,0.074,buy,False,2022-11-10T05:55:23.445662+00:00
727,5399434773,145.91,0.074,buy,False,2022-11-10T05:55:23.445662+00:00
728,5399434772,145.1,0.074,buy,False,2022-11-10T05:55:23.445662+00:00
729,5399434771,144.29,0.074,buy,False,2022-11-10T05:55:23.445662+00:00
730,5399434770,143.48,0.074,buy,False,2022-11-10T05:55:23.445662+00:00
731,5399434769,142.68,0.074,buy,False,2022-11-10T05:55:23.445662+00:00
732,5399434768,141.87,0.074,buy,False,2022-11-10T05:55:23.445662+00:00
733,5399434767,141.06,0.074,buy,False,2022-11-10T05:55:23.445662+00:00
734,5399434766,140.25,0.074,buy,False,2022-11-10T05:55:23.445662+00:00
735,5399434765,140.0,39.277,buy,False,2022-11-10T05:55:23.445662+00:00
736,5399434764,139.44,0.074,buy,False,2022-11-10T05:55:23.445662+00:00
737,5399434763,138.64,0.074,buy,False,2022-11-10T05:55:23.445662+00:00
738,5399434762,137.83,0.074,buy,False,2022-11-10T05:55:23.445662+00:00
739,5399434761,137.02,0.074,buy,False,2022-11-10T05:55:23.445662+00:00
740,5399434760,136.21,0.074,buy,False,2022-11-10T05:55:23.445662+00:00
741,5399434759,135.4,0.074,buy,False,2022-11-10T05:55:23.445662+00:00
742,5399434758,134.6,0.074,buy,False,2022-11-10T05:55:23.445662+00:00
743,5399434757,133.79,0.074,buy,False,2022-11-10T05:55:23.445662+00:00
744,5399434756,132.98,0.074,buy,False,2022-11-10T05:55:23.445662+00:00
745,5399434755,132.17,0.074,buy,False,2022-11-10T05:55:23.445662+00:00
746,5399434754,131.36,0.074,buy,False,2022-11-10T05:55:23.445662+00:00
747,5399434753,130.56,0.074,buy,False,2022-11-10T05:55:23.445662+00:00
748,5399434752,129.75,0.074,buy,False,2022-11-10T05:55:23.445662+00:00
749,5399434751,128.94,0.074,buy,False,2022-11-10T05:55:23.445662+00:00
750,5399434750,128.8,0.42,buy,False,2022-11-10T05:55:23.445662+00:00
751,5399434749,128.13,0.074,buy,False,2022-11-10T05:55:23.445662+00:00
752,5399434748,127.51,1.0,buy,False,2022-11-10T05:55:23.445662+00:00
753,5399434747,127.32,0.074,buy,False,2022-11-10T05:55:23.445662+00:00
754,5399434746,126.52,0.074,buy,False,2022-11-10T05:55:23.445662+00:00
755,5399434745,126.24,1.0,buy,False,2022-11-10T05:55:23.445662+00:00
756,5399434744,126.23,0.643,buy,False,2022-11-10T05:55:23.445662+00:00
757,5399434743,125.71,0.074,buy,False,2022-11-10T05:55:23.445662+00:00
758,5399414070,124.99,0.074,sell,False,2022-11-10T05:51:46.060668+00:00
759,5399414001,124.99,0.074,sell,False,2022-11-10T05:51:45.407026+00:00
760,5399413901,124.99,0.074,sell,False,2022-11-10T05:51:44.672053+00:00
761,5399413690,124.99,0.074,sell,False,2022-11-10T05:51:43.915888+00:00
762,5399413550,124.99,0.074,sell,False,2022-11-10T05:51:42.484494+00:00
763,5399413481,124.99,0.074,sell,False,2022-11-10T05:51:41.605315+00:00
764,5399413376,124.99,0.074,sell,False,2022-11-10T05:51:40.368484+00:00
765,5399413323,124.99,0.074,sell,False,2022-11-10T05:51:39.573146+00:00
766,5399412720,125.01,0.58,buy,False,2022-11-10T05:51:32.748194+00:00
767,5399412719,125.0,0.42,buy,False,2022-11-10T05:51:32.748194+00:00
768,5399411786,117.63,0.015,sell,False,2022-11-10T05:51:23.344261+00:00
769,5399411785,118.43,0.074,sell,False,2022-11-10T05:51:23.344261+00:00
770,5399411784,119.24,0.074,sell,False,2022-11-10T05:51:23.344261+00:00
771,5399411783,120.05,0.074,sell,False,2022-11-10T05:51:23.344261+00:00
772,5399411782,120.86,0.074,sell,False,2022-11-10T05:51:23.344261+00:00
773,5399411781,121.2,0.42,sell,False,2022-11-10T05:51:23.344261+00:00
774,5399411780,121.67,0.074,sell,False,2022-11-10T05:51:23.344261+00:00
775,5399411779,122.47,0.074,sell,False,2022-11-10T05:51:23.344261+00:00
776,5399411778,123.28,0.074,sell,False,2022-11-10T05:51:23.344261+00:00
777,5399411777,124.09,0.074,sell,False,2022-11-10T05:51:23.344261+00:00
778,5399411776,124.9,0.074,sell,False,2022-11-10T05:51:23.344261+00:00
779,5399411775,125.0,0.368,sell,False,2022-11-10T05:51:23.344261+00:00
780,5399411774,125.01,1.013,sell,False,2022-11-10T05:51:23.344261+00:00
781,5399411773,125.71,0.074,sell,False,2022-11-10T05:51:23.344261+00:00
782,5399411772,126.52,0.074,sell,False,2022-11-10T05:51:23.344261+00:00
783,5399411771,127.32,0.074,sell,False,2022-11-10T05:51:23.344261+00:00
784,5399411770,127.51,1.0,sell,False,2022-11-10T05:51:23.344261+00:00
785,5399411769,128.13,0.074,sell,False,2022-11-10T05:51:23.344261+00:00
786,5399411768,128.79,1.0,sell,False,2022-11-10T05:51:23.344261+00:00
787,5399411767,128.94,0.074,sell,False,2022-11-10T05:51:23.344261+00:00
788,5399411766,129.75,0.074,sell,False,2022-11-10T05:51:23.344261+00:00
789,5399411765,130.56,0.074,sell,False,2022-11-10T05:51:23.344261+00:00
790,5399372693,125.0,0.052,sell,False,2022-11-10T05:46:59.643134+00:00
791,5399372692,130.08,0.022,sell,False,2022-11-10T05:46:59.643134+00:00
792,5399372665,130.08,0.074,sell,False,2022-11-10T05:46:59.145848+00:00
793,5399372611,130.08,0.074,sell,False,2022-11-10T05:46:58.735389+00:00
794,5399372584,130.08,0.074,sell,False,2022-11-10T05:46:58.285192+00:00
795,5399372559,130.08,0.074,sell,False,2022-11-10T05:46:57.893658+00:00
796,5399372524,130.08,0.074,sell,False,2022-11-10T05:46:57.384308+00:00
797,5399372494,130.08,0.074,sell,False,2022-11-10T05:46:56.908648+00:00
798,5399372486,130.08,0.074,sell,False,2022-11-10T05:46:56.498182+00:00
799,5399372461,130.08,0.074,sell,False,2022-11-10T05:46:56.128935+00:00
800,5399372448,130.08,0.074,sell,False,2022-11-10T05:46:55.805393+00:00
801,5399372443,130.08,0.074,sell,False,2022-11-10T05:46:55.438204+00:00
802,5399372414,130.08,0.074,sell,False,2022-11-10T05:46:55.065516+00:00
803,5399372402,130.08,0.074,sell,False,2022-11-10T05:46:54.692120+00:00
804,5399372383,130.08,0.074,sell,False,2022-11-10T05:46:54.338808+00:00
805,5399372364,130.08,0.016,sell,False,2022-11-10T05:46:53.989385+00:00
806,5399372363,131.38,0.02,sell,False,2022-11-10T05:46:53.989385+00:00
807,5399372362,131.38,0.038,sell,False,2022-11-10T05:46:53.989385+00:00
808,5399372304,131.38,0.074,sell,False,2022-11-10T05:46:53.557657+00:00
809,5399372292,131.38,0.074,sell,False,2022-11-10T05:46:53.169019+00:00
810,5399372284,131.38,0.074,sell,False,2022-11-10T05:46:52.829434+00:00
811,5399372270,131.38,0.074,sell,False,2022-11-10T05:46:52.460602+00:00
812,5399372254,131.38,0.074,sell,False,2022-11-10T05:46:52.114439+00:00
813,5399372227,131.38,0.074,sell,False,2022-11-10T05:46:51.790859+00:00
814,5399372216,131.38,0.074,sell,False,2022-11-10T05:46:51.445679+00:00
815,5399372194,131.38,0.074,sell,False,2022-11-10T05:46:50.971779+00:00
816,5399372147,131.38,0.074,sell,False,2022-11-10T05:46:50.316277+00:00
817,5399372109,131.38,0.074,sell,False,2022-11-10T05:46:49.992857+00:00
818,5399372087,131.38,0.074,sell,False,2022-11-10T05:46:49.526803+00:00
819,5399372078,131.38,0.074,sell,False,2022-11-10T05:46:49.202823+00:00
820,5399372058,131.38,0.074,sell,False,2022-11-10T05:46:48.748906+00:00
821,5399369613,130.01,0.973,buy,False,2022-11-10T05:46:18.160184+00:00
822,5399369612,128.8,0.42,buy,False,2022-11-10T05:46:18.160184+00:00
823,5399369611,125.0,0.42,buy,False,2022-11-10T05:46:18.160184+00:00
824,5399369334,108.74,0.074,sell,False,2022-11-10T05:46:12.581104+00:00
825,5399369333,109.55,0.074,sell,False,2022-11-10T05:46:12.581104+00:00
826,5399369332,110.35,0.074,sell,False,2022-11-10T05:46:12.581104+00:00
827,5399369331,111.16,0.074,sell,False,2022-11-10T05:46:12.581104+00:00
828,5399369330,111.97,0.074,sell,False,2022-11-10T05:46:12.581104+00:00
829,5399369329,112.78,0.074,sell,False,2022-11-10T05:46:12.581104+00:00
830,5399369328,113.59,0.074,sell,False,2022-11-10T05:46:12.581104+00:00
831,5399369327,114.39,0.074,sell,False,2022-11-10T05:46:12.581104+00:00
832,5399369326,115.2,0.074,sell,False,2022-11-10T05:46:12.581104+00:00
833,5399369325,116.01,0.074,sell,False,2022-11-10T05:46:12.581104+00:00
834,5399369324,116.82,0.074,sell,False,2022-11-10T05:46:12.581104+00:00
835,5399369323,117.63,0.074,sell,False,2022-11-10T05:46:12.581104+00:00
836,5399369322,118.43,0.074,sell,False,2022-11-10T05:46:12.581104+00:00
837,5399369321,119.24,0.074,sell,False,2022-11-10T05:46:12.581104+00:00
838,5399369320,120.05,0.074,sell,False,2022-11-10T05:46:12.581104+00:00
839,5399369319,120.86,0.074,sell,False,2022-11-10T05:46:12.581104+00:00
840,5399369318,121.2,0.42,sell,False,2022-11-10T05:46:12.581104+00:00
841,5399369317,121.67,0.074,sell,False,2022-11-10T05:46:12.581104+00:00
842,5399369316,122.47,0.074,sell,False,2022-11-10T05:46:12.581104+00:00
843,5399369315,123.28,0.074,sell,False,2022-11-10T05:46:12.581104+00:00
844,5399369314,124.09,0.074,sell,False,2022-11-10T05:46:12.581104+00:00
845,5399369313,124.9,0.074,sell,False,2022-11-10T05:46:12.581104+00:00
846,5399369312,125.0,0.42,sell,False,2022-11-10T05:46:12.581104+00:00
847,5399369311,125.71,0.074,sell,False,2022-11-10T05:46:12.581104+00:00
848,5399369310,126.52,0.074,sell,False,2022-11-10T05:46:12.581104+00:00
849,5399369309,127.32,0.074,sell,False,2022-11-10T05:46:12.581104+00:00
850,5399369308,128.13,0.074,sell,False,2022-11-10T05:46:12.581104+00:00
851,5399369307,128.94,0.074,sell,False,2022-11-10T05:46:12.581104+00:00
852,5399369306,129.75,0.074,sell,False,2022-11-10T05:46:12.581104+00:00
853,5399369305,130.0,7.692,sell,False,2022-11-10T05:46:12.581104+00:00
854,5399369304,130.56,0.074,sell,False,2022-11-10T05:46:12.581104+00:00
855,5399369303,131.36,0.074,sell,False,2022-11-10T05:46:12.581104+00:00
856,5399369302,132.17,0.074,sell,False,2022-11-10T05:46:12.581104+00:00
857,5399369301,132.7,1.0,sell,False,2022-11-10T05:46:12.581104+00:00
858,5399369300,132.98,0.074,sell,False,2022-11-10T05:46:12.581104+00:00
859,5399369299,133.79,0.074,sell,False,2022-11-10T05:46:12.581104+00:00
860,5399369298,134.02,0.16,sell,False,2022-11-10T05:46:12.581104+00:00
861,5399369297,134.6,0.074,sell,False,2022-11-10T05:46:12.581104+00:00
862,5399369296,135.4,0.074,sell,False,2022-11-10T05:46:12.581104+00:00
863,5399346773,128.8,0.42,buy,False,2022-11-10T05:41:33.128661+00:00
864,5399346772,125.0,0.42,buy,False,2022-11-10T05:41:33.128661+00:00
865,5399345152,117.4,0.074,sell,False,2022-11-10T05:41:13.628177+00:00
866,5399345129,117.4,0.074,sell,False,2022-11-10T05:41:13.279745+00:00
867,5399345105,117.4,0.052,sell,False,2022-11-10T05:41:12.928047+00:00
868,5399345104,121.2,0.022,sell,False,2022-11-10T05:41:12.928047+00:00
869,5399345079,121.2,0.074,sell,False,2022-11-10T05:41:12.565021+00:00
870,5399345053,121.2,0.074,sell,False,2022-11-10T05:41:12.208180+00:00
871,5399344986,121.2,0.074,sell,False,2022-11-10T05:41:11.425896+00:00
872,5399344927,121.2,0.074,sell,False,2022-11-10T05:41:10.496216+00:00
873,5399344910,121.2,0.074,sell,False,2022-11-10T05:41:10.141469+00:00
874,5399344880,121.2,0.028,sell,False,2022-11-10T05:41:09.720937+00:00
875,5399344879,125.0,0.046,sell,False,2022-11-10T05:41:09.720937+00:00
876,5399344868,125.0,0.074,sell,False,2022-11-10T05:41:09.315761+00:00
877,5399344847,125.0,0.074,sell,False,2022-11-10T05:41:08.891847+00:00
878,5399344824,125.0,0.074,sell,False,2022-11-10T05:41:08.399641+00:00
879,5399344797,125.0,0.074,sell,False,2022-11-10T05:41:08.028104+00:00
880,5399344722,125.0,0.074,sell,False,2022-11-10T05:41:07.549696+00:00
881,5399344696,125.0,0.004,sell,False,2022-11-10T05:41:07.152771+00:00
882,5399344695,135.37,0.02,sell,False,2022-11-10T05:41:07.152771+00:00
883,5399344694,135.37,0.05,sell,False,2022-11-10T05:41:07.152771+00:00
884,5399344669,135.37,0.074,sell,False,2022-11-10T05:41:05.945720+00:00
885,5399344658,135.37,0.074,sell,False,2022-11-10T05:41:05.571974+00:00
886,5399344628,135.37,0.074,sell,False,2022-11-10T05:41:05.207093+00:00
887,5399344592,135.37,0.074,sell,False,2022-11-10T05:41:04.778987+00:00
888,5399344475,135.37,0.074,sell,False,2022-11-10T05:41:03.640774+00:00
889,5399344458,135.37,0.074,sell,False,2022-11-10T05:41:03.262039+00:00
890,5399344438,135.37,0.074,sell,False,2022-11-10T05:41:02.748355+00:00
891,5399344400,135.37,0.074,sell,False,2022-11-10T05:41:02.114457+00:00
892,5399344387,135.37,0.074,sell,False,2022-11-10T05:41:01.755106+00:00
893,5399344364,135.37,0.074,sell,False,2022-11-10T05:41:01.410876+00:00
894,5399344342,135.37,0.074,sell,False,2022-11-10T05:41:01.012118+00:00
895,5399344307,135.37,0.074,sell,False,2022-11-10T05:41:00.530139+00:00
896,5399344247,135.37,0.062,sell,False,2022-11-10T05:41:00.076762+00:00
897,5399344246,136.73,0.012,sell,False,2022-11-10T05:41:00.076762+00:00
898,5399344199,136.73,0.074,sell,False,2022-11-10T05:40:59.659203+00:00
899,5399344150,136.73,0.074,sell,False,2022-11-10T05:40:59.307921+00:00
900,5399341988,128.8,0.42,buy,False,2022-11-10T05:40:31.519841+00:00
901,5399341987,125.0,0.42,buy,False,2022-11-10T05:40:31.519841+00:00
902,5399341298,111.97,0.074,sell,False,2022-11-10T05:40:21.566632+00:00
903,5399341297,112.78,0.074,sell,False,2022-11-10T05:40:21.566632+00:00
904,5399341296,113.59,0.074,sell,False,2022-11-10T05:40:21.566632+00:00
905,5399341295,114.39,0.074,sell,False,2022-11-10T05:40:21.566632+00:00
906,5399341294,115.2,0.074,sell,False,2022-11-10T05:40:21.566632+00:00
907,5399341293,116.01,0.074,sell,False,2022-11-10T05:40:21.566632+00:00
908,5399341292,116.82,0.074,sell,False,2022-11-10T05:40:21.566632+00:00
909,5399341291,117.63,0.074,sell,False,2022-11-10T05:40:21.566632+00:00
910,5399341290,118.43,0.074,sell,False,2022-11-10T05:40:21.566632+00:00
911,5399341289,119.24,0.074,sell,False,2022-11-10T05:40:21.566632+00:00
912,5399341288,120.05,0.074,sell,False,2022-11-10T05:40:21.566632+00:00
913,5399341287,120.86,0.074,sell,False,2022-11-10T05:40:21.566632+00:00
914,5399341286,121.2,0.42,sell,False,2022-11-10T05:40:21.566632+00:00
915,5399341285,121.67,0.074,sell,False,2022-11-10T05:40:21.566632+00:00
916,5399341284,122.47,0.074,sell,False,2022-11-10T05:40:21.566632+00:00
917,5399341283,123.28,0.074,sell,False,2022-11-10T05:40:21.566632+00:00
918,5399341282,124.09,0.074,sell,False,2022-11-10T05:40:21.566632+00:00
919,5399341281,124.9,0.074,sell,False,2022-11-10T05:40:21.566632+00:00
920,5399341280,125.0,0.42,sell,False,2022-11-10T05:40:21.566632+00:00
921,5399341279,132.17,0.074,sell,False,2022-11-10T05:40:21.566632+00:00
922,5399341278,132.98,0.074,sell,False,2022-11-10T05:40:21.566632+00:00
923,5399341277,133.79,0.074,sell,False,2022-11-10T05:40:21.566632+00:00
924,5399341276,134.6,0.074,sell,False,2022-11-10T05:40:21.566632+00:00
925,5399341275,135.4,0.046,sell,False,2022-11-10T05:40:21.566632+00:00
926,5399341274,136.21,0.074,sell,False,2022-11-10T05:40:21.566632+00:00
927,5399341273,137.02,0.074,sell,False,2022-11-10T05:40:21.566632+00:00
928,5399341272,137.83,0.074,sell,False,2022-11-10T05:40:21.566632+00:00
929,5399341271,138.1,1.0,sell,False,2022-11-10T05:40:21.566632+00:00
930,5399341270,138.64,0.074,sell,False,2022-11-10T05:40:21.566632+00:00
931,5399341269,139.48,0.704,sell,False,2022-11-10T05:40:21.566632+00:00
932,5399333144,139.44,0.074,buy,False,2022-11-10T05:38:32.849108+00:00
933,5399333143,138.64,0.074,buy,False,2022-11-10T05:38:32.849108+00:00
934,5399333142,137.83,0.074,buy,False,2022-11-10T05:38:32.849108+00:00
935,5399333141,137.02,0.074,buy,False,2022-11-10T05:38:32.849108+00:00
936,5399330830,135.4,0.028,sell,False,2022-11-10T05:38:00.690523+00:00
937,5399330829,136.21,0.074,sell,False,2022-11-10T05:38:00.690523+00:00
938,5399330828,137.02,0.074,sell,False,2022-11-10T05:38:00.690523+00:00
939,5399330827,137.83,0.074,sell,False,2022-11-10T05:38:00.690523+00:00
940,5399330826,138.64,0.074,sell,False,2022-11-10T05:38:00.690523+00:00
941,5399330825,139.44,0.074,sell,False,2022-11-10T05:38:00.690523+00:00
942,5399330824,140.88,1.0,sell,False,2022-11-10T05:38:00.690523+00:00
943,5399330823,140.88,0.53,sell,False,2022-11-10T05:38:00.690523+00:00
944,5399329155,140.88,0.074,sell,False,2022-11-10T05:37:39.741634+00:00
945,5399329115,140.88,0.074,sell,False,2022-11-10T05:37:39.344650+00:00
946,5399329065,140.88,0.074,sell,False,2022-11-10T05:37:39.023093+00:00
947,5399328529,128.8,0.248,buy,False,2022-11-10T05:37:32.494635+00:00
948,5399328499,128.8,0.074,buy,False,2022-11-10T05:37:31.660916+00:00
949,5399328440,128.8,0.074,buy,False,2022-11-10T05:37:30.475466+00:00
950,5399328333,128.8,0.024,buy,False,2022-11-10T05:37:28.921058+00:00
951,5399328332,125.0,0.05,buy,False,2022-11-10T05:37:28.921058+00:00
952,5399328272,125.0,0.074,buy,False,2022-11-10T05:37:27.984847+00:00
953,5399328219,125.0,0.074,buy,False,2022-11-10T05:37:27.253190+00:00
954,5399328166,125.0,0.074,buy,False,2022-11-10T05:37:26.425049+00:00
955,5399328115,125.0,0.074,buy,False,2022-11-10T05:37:25.526190+00:00
956,5399327872,125.0,0.074,buy,False,2022-11-10T05:37:23.105320+00:00
957,5399323859,112.78,0.074,sell,False,2022-11-10T05:36:41.416152+00:00
958,5399323858,113.59,0.074,sell,False,2022-11-10T05:36:41.416152+00:00
959,5399323857,114.39,0.074,sell,False,2022-11-10T05:36:41.416152+00:00
960,5399323856,115.2,0.074,sell,False,2022-11-10T05:36:41.416152+00:00
961,5399323855,116.01,0.074,sell,False,2022-11-10T05:36:41.416152+00:00
962,5399323854,116.82,0.074,sell,False,2022-11-10T05:36:41.416152+00:00
963,5399323853,117.63,0.074,sell,False,2022-11-10T05:36:41.416152+00:00
964,5399323852,118.43,0.074,sell,False,2022-11-10T05:36:41.416152+00:00
965,5399323851,119.24,0.074,sell,False,2022-11-10T05:36:41.416152+00:00
966,5399323850,120.05,0.074,sell,False,2022-11-10T05:36:41.416152+00:00
967,5399323849,120.86,0.074,sell,False,2022-11-10T05:36:41.416152+00:00
968,5399323848,121.2,0.42,sell,False,2022-11-10T05:36:41.416152+00:00
969,5399323847,121.67,0.074,sell,False,2022-11-10T05:36:41.416152+00:00
970,5399323846,122.47,0.074,sell,False,2022-11-10T05:36:41.416152+00:00
971,5399323845,123.28,0.074,sell,False,2022-11-10T05:36:41.416152+00:00
972,5399323844,124.09,0.074,sell,False,2022-11-10T05:36:41.416152+00:00
973,5399323843,124.9,0.074,sell,False,2022-11-10T05:36:41.416152+00:00
974,5399323842,125.0,0.42,sell,False,2022-11-10T05:36:41.416152+00:00
975,5399323841,147.87,1.0,sell,False,2022-11-10T05:36:41.416152+00:00
976,5399323840,149.35,0.023,sell,False,2022-11-10T05:36:41.416152+00:00
977,5399323839,149.35,0.73,sell,False,2022-11-10T05:36:41.416152+00:00
978,5399322803,128.94,0.048,buy,False,2022-11-10T05:36:32.714804+00:00
979,5399322802,128.13,0.074,buy,False,2022-11-10T05:36:32.714804+00:00
980,5399322801,127.32,0.074,buy,False,2022-11-10T05:36:32.714804+00:00
981,5399322800,126.52,0.074,buy,False,2022-11-10T05:36:32.714804+00:00
982,5399318325,150.85,0.024,sell,False,2022-11-10T05:35:47.671655+00:00
983,5399318324,150.85,0.002,sell,False,2022-11-10T05:35:47.671655+00:00
984,5399318300,150.85,0.074,sell,False,2022-11-10T05:35:47.339490+00:00
985,5399318287,150.85,0.074,sell,False,2022-11-10T05:35:46.918675+00:00
986,5399318271,150.85,0.074,sell,False,2022-11-10T05:35:46.597981+00:00
987,5399318254,150.85,0.074,sell,False,2022-11-10T05:35:46.235147+00:00
988,5399318215,150.85,0.074,sell,False,2022-11-10T05:35:45.889526+00:00
989,5399318179,150.85,0.074,sell,False,2022-11-10T05:35:45.564318+00:00
990,5399318149,150.85,0.074,sell,False,2022-11-10T05:35:45.107697+00:00
991,5399318139,150.85,0.074,sell,False,2022-11-10T05:35:44.788759+00:00
992,5399318121,150.85,0.074,sell,False,2022-11-10T05:35:44.348449+00:00
993,5399318096,150.85,0.074,sell,False,2022-11-10T05:35:44.019547+00:00
994,5399318080,150.85,0.074,sell,False,2022-11-10T05:35:43.605823+00:00
995,5399318061,150.85,0.074,sell,False,2022-11-10T05:35:43.287608+00:00
996,5399318031,150.85,0.074,sell,False,2022-11-10T05:35:42.932774+00:00
997,5399317980,150.85,0.036,sell,False,2022-11-10T05:35:42.235015+00:00
998,5399317979,150.85,0.038,sell,False,2022-11-10T05:35:42.235015+00:00
999,5399317942,150.85,0.074,sell,False,2022-11-10T05:35:41.695337+00:00
1000,5399317912,150.85,0.074,sell,False,2022-11-10T05:35:41.368876+00:00
1001,5399317877,150.85,0.074,sell,False,2022-11-10T05:35:40.904292+00:00
1002,5399317846,150.85,0.074,sell,False,2022-11-10T05:35:40.429062+00:00
1003,5399317798,150.85,0.074,sell,False,2022-11-10T05:35:39.845686+00:00
1004,5399317759,150.85,0.074,sell,False,2022-11-10T05:35:39.346343+00:00
1005,5399317704,150.85,0.074,sell,False,2022-11-10T05:35:38.798799+00:00
1006,5399317577,150.85,0.074,sell,False,2022-11-10T05:35:38.134039+00:00
1007,5399317511,150.85,0.074,sell,False,2022-11-10T05:35:37.710459+00:00
1008,5399317491,150.85,0.074,sell,False,2022-11-10T05:35:37.399184+00:00
1009,5399317429,150.85,0.074,sell,False,2022-11-10T05:35:36.731508+00:00
1010,5399317376,150.85,0.074,sell,False,2022-11-10T05:35:36.205157+00:00
1011,5399317129,150.85,0.074,sell,False,2022-11-10T05:35:34.419797+00:00
1012,5399313494,125.71,0.074,sell,False,2022-11-10T05:34:51.466176+00:00
1013,5399313493,126.52,0.074,sell,False,2022-11-10T05:34:51.466176+00:00
1014,5399313492,127.32,0.074,sell,False,2022-11-10T05:34:51.466176+00:00
1015,5399313491,128.13,0.074,sell,False,2022-11-10T05:34:51.466176+00:00
1016,5399313490,128.94,0.074,sell,False,2022-11-10T05:34:51.466176+00:00
1017,5399313489,129.75,0.074,sell,False,2022-11-10T05:34:51.466176+00:00
1018,5399313488,130.56,0.074,sell,False,2022-11-10T05:34:51.466176+00:00
1019,5399313487,131.36,0.074,sell,False,2022-11-10T05:34:51.466176+00:00
1020,5399313486,132.17,0.074,sell,False,2022-11-10T05:34:51.466176+00:00
1021,5399313485,132.98,0.074,sell,False,2022-11-10T05:34:51.466176+00:00
1022,5399313484,133.79,0.074,sell,False,2022-11-10T05:34:51.466176+00:00
1023,5399313483,134.6,0.074,sell,False,2022-11-10T05:34:51.466176+00:00
1024,5399313482,135.4,0.074,sell,False,2022-11-10T05:34:51.466176+00:00
1025,5399313481,136.21,0.074,sell,False,2022-11-10T05:34:51.466176+00:00
1026,5399313480,137.02,0.074,sell,False,2022-11-10T05:34:51.466176+00:00
1027,5399313479,137.83,0.074,sell,False,2022-11-10T05:34:51.466176+00:00
1028,5399313478,138.64,0.074,sell,False,2022-11-10T05:34:51.466176+00:00
1029,5399313477,139.44,0.074,sell,False,2022-11-10T05:34:51.466176+00:00
1030,5399313476,140.25,0.074,sell,False,2022-11-10T05:34:51.466176+00:00
1031,5399313475,141.06,0.074,sell,False,2022-11-10T05:34:51.466176+00:00
1032,5399313474,141.87,0.074,sell,False,2022-11-10T05:34:51.466176+00:00
1033,5399313473,142.68,0.074,sell,False,2022-11-10T05:34:51.466176+00:00
1034,5399313472,143.48,0.074,sell,False,2022-11-10T05:34:51.466176+00:00
1035,5399313471,144.29,0.074,sell,False,2022-11-10T05:34:51.466176+00:00
1036,5399313470,145.1,0.074,sell,False,2022-11-10T05:34:51.466176+00:00
1037,5399313469,145.91,0.074,sell,False,2022-11-10T05:34:51.466176+00:00
1038,5399313468,146.72,0.074,sell,False,2022-11-10T05:34:51.466176+00:00
1039,5399313467,147.53,0.074,sell,False,2022-11-10T05:34:51.466176+00:00
1040,5399313466,148.33,0.074,sell,False,2022-11-10T05:34:51.466176+00:00
1041,5399313465,149.14,0.074,sell,False,2022-11-10T05:34:51.466176+00:00
1042,5399313464,149.95,0.074,sell,False,2022-11-10T05:34:51.466176+00:00
1043,5399313463,150.76,0.074,sell,False,2022-11-10T05:34:51.466176+00:00
1044,5399313462,151.57,0.074,sell,False,2022-11-10T05:34:51.466176+00:00
1045,5399313461,152.37,0.074,sell,False,2022-11-10T05:34:51.466176+00:00
1046,5399313460,153.18,0.074,sell,False,2022-11-10T05:34:51.466176+00:00
1047,5399313459,153.93,1.0,sell,False,2022-11-10T05:34:51.466176+00:00
1048,5399313458,153.99,0.074,sell,False,2022-11-10T05:34:51.466176+00:00
1049,5399313457,154.8,0.074,sell,False,2022-11-10T05:34:51.466176+00:00
1050,5399313456,155.47,0.656,sell,False,2022-11-10T05:34:51.466176+00:00
1051,5399313455,155.61,0.074,sell,False,2022-11-10T05:34:51.466176+00:00
1052,5399312696,156.41,0.074,sell,False,2022-11-10T05:34:42.819618+00:00
1053,5399293993,135.4,0.048,buy,False,2022-11-10T05:31:32.182701+00:00
1054,5399293992,134.6,0.074,buy,False,2022-11-10T05:31:32.182701+00:00
1055,5399293991,133.79,0.074,buy,False,2022-11-10T05:31:32.182701+00:00
1056,5399293990,132.98,0.074,buy,False,2022-11-10T05:31:32.182701+00:00
1057,5399293989,132.17,0.074,buy,False,2022-11-10T05:31:32.182701+00:00
1058,5399289703,157.03,0.026,sell,False,2022-11-10T05:30:46.960359+00:00
1059,5399289679,157.03,0.074,sell,False,2022-11-10T05:30:46.322582+00:00
1060,5399289651,157.03,0.074,sell,False,2022-11-10T05:30:45.915154+00:00
1061,5399289615,157.03,0.074,sell,False,2022-11-10T05:30:45.501273+00:00
1062,5399289575,157.03,0.074,sell,False,2022-11-10T05:30:45.158764+00:00
1063,5399289531,157.03,0.074,sell,False,2022-11-10T05:30:44.811947+00:00
1064,5399289510,157.03,0.074,sell,False,2022-11-10T05:30:44.459022+00:00
1065,5399289456,157.03,0.074,sell,False,2022-11-10T05:30:44.014849+00:00
1066,5399289428,157.03,0.074,sell,False,2022-11-10T05:30:43.633733+00:00
1067,5399289399,157.03,0.074,sell,False,2022-11-10T05:30:43.286279+00:00
1068,5399289349,157.03,0.074,sell,False,2022-11-10T05:30:42.957697+00:00
1069,5399289293,157.03,0.074,sell,False,2022-11-10T05:30:42.367116+00:00
1070,5399289251,157.03,0.074,sell,False,2022-11-10T05:30:41.945233+00:00
1071,5399289212,157.03,0.074,sell,False,2022-11-10T05:30:41.578820+00:00
1072,5399289177,157.03,0.012,sell,False,2022-11-10T05:30:41.176267+00:00
1073,5399289176,157.63,0.024,sell,False,2022-11-10T05:30:41.176267+00:00
1074,5399289175,157.63,0.038,sell,False,2022-11-10T05:30:41.176267+00:00
1075,5399289134,157.63,0.074,sell,False,2022-11-10T05:30:40.791940+00:00
1076,5399289118,157.63,0.074,sell,False,2022-11-10T05:30:40.432774+00:00
1077,5399289102,157.63,0.074,sell,False,2022-11-10T05:30:40.085242+00:00
1078,5399289081,157.63,0.074,sell,False,2022-11-10T05:30:39.728976+00:00
1079,5399289063,157.63,0.074,sell,False,2022-11-10T05:30:39.315868+00:00
1080,5399289036,157.63,0.074,sell,False,2022-11-10T05:30:38.739831+00:00
1081,5399288958,157.63,0.074,sell,False,2022-11-10T05:30:37.704559+00:00
1082,5399288940,157.63,0.074,sell,False,2022-11-10T05:30:37.388392+00:00
1083,5399288914,157.63,0.074,sell,False,2022-11-10T05:30:37.016745+00:00
1084,5399288893,157.63,0.074,sell,False,2022-11-10T05:30:36.639943+00:00
1085,5399288878,157.63,0.074,sell,False,2022-11-10T05:30:36.321293+00:00
1086,5399288839,157.63,0.074,sell,False,2022-11-10T05:30:35.881712+00:00
1087,5399288821,157.63,0.074,sell,False,2022-11-10T05:30:35.525258+00:00
1088,5399284454,131.36,0.074,sell,False,2022-11-10T05:29:57.550751+00:00
1089,5399284453,132.17,0.074,sell,False,2022-11-10T05:29:57.550751+00:00
1090,5399284452,132.98,0.074,sell,False,2022-11-10T05:29:57.550751+00:00
1091,5399284451,133.79,0.074,sell,False,2022-11-10T05:29:57.550751+00:00
1092,5399284450,134.6,0.074,sell,False,2022-11-10T05:29:57.550751+00:00
1093,5399284449,135.4,0.074,sell,False,2022-11-10T05:29:57.550751+00:00
1094,5399284448,136.21,0.074,sell,False,2022-11-10T05:29:57.550751+00:00
1095,5399284447,137.02,0.074,sell,False,2022-11-10T05:29:57.550751+00:00
1096,5399284446,137.83,0.074,sell,False,2022-11-10T05:29:57.550751+00:00
1097,5399284445,138.64,0.074,sell,False,2022-11-10T05:29:57.550751+00:00
1098,5399284444,139.44,0.074,sell,False,2022-11-10T05:29:57.550751+00:00
1099,5399284443,140.25,0.074,sell,False,2022-11-10T05:29:57.550751+00:00
1100,5399284442,141.06,0.074,sell,False,2022-11-10T05:29:57.550751+00:00
1101,5399284441,141.87,0.074,sell,False,2022-11-10T05:29:57.550751+00:00
1102,5399284440,142.68,0.074,sell,False,2022-11-10T05:29:57.550751+00:00
1103,5399284439,143.48,0.074,sell,False,2022-11-10T05:29:57.550751+00:00
1104,5399284438,144.29,0.074,sell,False,2022-11-10T05:29:57.550751+00:00
1105,5399284437,145.1,0.074,sell,False,2022-11-10T05:29:57.550751+00:00
1106,5399284436,145.91,0.074,sell,False,2022-11-10T05:29:57.550751+00:00
1107,5399284435,146.72,0.074,sell,False,2022-11-10T05:29:57.550751+00:00
1108,5399284434,147.53,0.074,sell,False,2022-11-10T05:29:57.550751+00:00
1109,5399284433,148.33,0.074,sell,False,2022-11-10T05:29:57.550751+00:00
1110,5399284432,149.14,0.074,sell,False,2022-11-10T05:29:57.550751+00:00
1111,5399284431,149.95,0.074,sell,False,2022-11-10T05:29:57.550751+00:00
1112,5399284430,150.76,0.074,sell,False,2022-11-10T05:29:57.550751+00:00
1113,5399284429,151.57,0.074,sell,False,2022-11-10T05:29:57.550751+00:00
1114,5399284428,152.37,0.074,sell,False,2022-11-10T05:29:57.550751+00:00
1115,5399284427,153.18,0.074,sell,False,2022-11-10T05:29:57.550751+00:00
1116,5399284426,153.99,0.074,sell,False,2022-11-10T05:29:57.550751+00:00
1117,5399284425,154.8,0.074,sell,False,2022-11-10T05:29:57.550751+00:00
1118,5399284424,155.61,0.074,sell,False,2022-11-10T05:29:57.550751+00:00
1119,5399284423,156.41,0.074,sell,False,2022-11-10T05:29:57.550751+00:00
1120,5399284422,157.22,0.074,sell,False,2022-11-10T05:29:57.550751+00:00
1121,5399284421,158.03,0.074,sell,False,2022-11-10T05:29:57.550751+00:00
1122,5399284420,158.84,0.074,sell,False,2022-11-10T05:29:57.550751+00:00
1123,5399284419,159.64,1.183,sell,False,2022-11-10T05:29:57.550751+00:00
1124,5399284418,159.65,0.074,sell,False,2022-11-10T05:29:57.550751+00:00
1125,5399284417,160.19,1.0,sell,False,2022-11-10T05:29:57.550751+00:00
1126,5399284416,160.45,0.074,sell,False,2022-11-10T05:29:57.550751+00:00
1127,5399284415,161.26,0.074,sell,False,2022-11-10T05:29:57.550751+00:00
1128,5399284414,161.79,1.0,sell,False,2022-11-10T05:29:57.550751+00:00
1129,5399284413,162.07,0.074,sell,False,2022-11-10T05:29:57.550751+00:00
1130,5399284412,162.88,0.074,sell,False,2022-11-10T05:29:57.550751+00:00
1131,5399279576,163.69,0.036,sell,False,2022-11-10T05:29:13.965647+00:00
1132,5399273255,163.69,0.038,sell,False,2022-11-10T05:28:33.704109+00:00
1133,5399273254,164.49,0.074,sell,False,2022-11-10T05:28:33.704109+00:00
1134,5399273253,165.3,0.074,sell,False,2022-11-10T05:28:33.704109+00:00
1135,5399273252,166.11,0.074,sell,False,2022-11-10T05:28:33.704109+00:00
1136,5399273251,166.92,0.074,sell,False,2022-11-10T05:28:33.704109+00:00
1137,5399273250,167.73,0.074,sell,False,2022-11-10T05:28:33.704109+00:00
1138,5399273249,168.54,0.074,sell,False,2022-11-10T05:28:33.704109+00:00
1139,5399273248,169.34,0.074,sell,False,2022-11-10T05:28:33.704109+00:00
1140,5399273247,170.15,0.074,sell,False,2022-11-10T05:28:33.704109+00:00
1141,5399273246,170.96,0.074,sell,False,2022-11-10T05:28:33.704109+00:00
1142,5399273245,171.77,0.074,sell,False,2022-11-10T05:28:33.704109+00:00
1143,5399273244,172.58,0.074,sell,False,2022-11-10T05:28:33.704109+00:00
1144,5399273243,173.38,0.074,sell,False,2022-11-10T05:28:33.704109+00:00
1145,5399273242,174.19,0.074,sell,False,2022-11-10T05:28:33.704109+00:00
1146,5399263943,179.0,6.861,buy,False,2022-11-10T05:27:45.115775+00:00
1147,5399263942,175.0,0.074,buy,False,2022-11-10T05:27:45.115775+00:00
1148,5399263941,174.19,0.074,buy,False,2022-11-10T05:27:45.115775+00:00
1149,5399263940,173.38,0.074,buy,False,2022-11-10T05:27:45.115775+00:00
1150,5399263939,172.58,0.074,buy,False,2022-11-10T05:27:45.115775+00:00
1151,5399263938,171.77,0.074,buy,False,2022-11-10T05:27:45.115775+00:00
1152,5399263937,170.96,0.074,buy,False,2022-11-10T05:27:45.115775+00:00
1153,5399263936,170.15,0.074,buy,False,2022-11-10T05:27:45.115775+00:00
1154,5399263935,169.34,0.074,buy,False,2022-11-10T05:27:45.115775+00:00
1155,5399263934,168.54,0.074,buy,False,2022-11-10T05:27:45.115775+00:00
1156,5399263933,167.73,0.074,buy,False,2022-11-10T05:27:45.115775+00:00
1157,5399263932,166.92,0.074,buy,False,2022-11-10T05:27:45.115775+00:00
1158,5399263931,166.11,0.074,buy,False,2022-11-10T05:27:45.115775+00:00
1159,5399263930,165.3,0.074,buy,False,2022-11-10T05:27:45.115775+00:00
1160,5399263929,164.49,0.074,buy,False,2022-11-10T05:27:45.115775+00:00
1161,5399263928,163.69,0.074,buy,False,2022-11-10T05:27:45.115775+00:00
1162,5399263927,162.88,0.074,buy,False,2022-11-10T05:27:45.115775+00:00
1163,5399263926,162.49,1.163,buy,False,2022-11-10T05:27:45.115775+00:00
1164,5399263925,162.07,0.074,buy,False,2022-11-10T05:27:45.115775+00:00
1165,5399263924,161.79,1.0,buy,False,2022-11-10T05:27:45.115775+00:00
1166,5399263923,161.26,0.074,buy,False,2022-11-10T05:27:45.115775+00:00
1167,5399263922,160.45,0.074,buy,False,2022-11-10T05:27:45.115775+00:00
1168,5399263921,160.19,1.0,buy,False,2022-11-10T05:27:45.115775+00:00
1169,5399263920,159.65,0.074,buy,False,2022-11-10T05:27:45.115775+00:00
1170,5399263919,158.84,0.074,buy,False,2022-11-10T05:27:45.115775+00:00
1171,5399250084,136.21,0.072,buy,False,2022-11-10T05:26:09.011592+00:00
1172,5399250083,135.4,0.074,buy,False,2022-11-10T05:26:09.011592+00:00
1173,5399250082,134.6,0.074,buy,False,2022-11-10T05:26:09.011592+00:00
1174,5399250081,133.79,0.074,buy,False,2022-11-10T05:26:09.011592+00:00
1175,5399250080,132.98,0.074,buy,False,2022-11-10T05:26:09.011592+00:00
1176,5399248448,158.6,0.002,sell,False,2022-11-10T05:25:59.879002+00:00
1177,5399248356,158.6,0.074,sell,False,2022-11-10T05:25:59.408172+00:00
1178,5399248300,158.6,0.074,sell,False,2022-11-10T05:25:59.073738+00:00
1179,5399248232,158.6,0.074,sell,False,2022-11-10T05:25:58.760973+00:00
1180,5399248162,158.6,0.074,sell,False,2022-11-10T05:25:58.349347+00:00
1181,5399248089,158.6,0.074,sell,False,2022-11-10T05:25:58.031500+00:00
1182,5399248018,158.6,0.074,sell,False,2022-11-10T05:25:57.683659+00:00
1183,5399247729,158.6,0.074,sell,False,2022-11-10T05:25:56.575288+00:00
1184,5399247626,158.6,0.074,sell,False,2022-11-10T05:25:56.244695+00:00
1185,5399247538,158.6,0.074,sell,False,2022-11-10T05:25:55.884963+00:00
1186,5399247451,158.6,0.074,sell,False,2022-11-10T05:25:55.418348+00:00
1187,5399247373,158.6,0.074,sell,False,2022-11-10T05:25:55.098280+00:00
1188,5399247325,158.6,0.074,sell,False,2022-11-10T05:25:54.740901+00:00
1189,5399247282,158.6,0.074,sell,False,2022-11-10T05:25:54.291576+00:00
1190,5399247207,158.6,0.036,sell,False,2022-11-10T05:25:53.857817+00:00
1191,5399247206,158.6,0.038,sell,False,2022-11-10T05:25:53.857817+00:00
1192,5399247133,158.6,0.074,sell,False,2022-11-10T05:25:53.491299+00:00
1193,5399247044,158.6,0.074,sell,False,2022-11-10T05:25:53.106047+00:00
1194,5399246979,158.6,0.074,sell,False,2022-11-10T05:25:52.779752+00:00
1195,5399246886,158.6,0.074,sell,False,2022-11-10T05:25:52.342979+00:00
1196,5399246689,158.6,0.074,sell,False,2022-11-10T05:25:51.939333+00:00
1197,5399246621,158.6,0.074,sell,False,2022-11-10T05:25:51.609609+00:00
1198,5399246523,158.6,0.074,sell,False,2022-11-10T05:25:51.190734+00:00
1199,5399246481,158.6,0.074,sell,False,2022-11-10T05:25:50.871721+00:00
1200,5399246432,158.6,0.074,sell,False,2022-11-10T05:25:50.560606+00:00
1201,5399246344,158.6,0.074,sell,False,2022-11-10T05:25:50.234308+00:00
1202,5399246270,158.6,0.074,sell,False,2022-11-10T05:25:49.888251+00:00
1203,5399246227,158.6,0.074,sell,False,2022-11-10T05:25:49.505557+00:00
1204,5399246166,158.6,0.074,sell,False,2022-11-10T05:25:49.113211+00:00
1205,5399238239,132.17,0.074,sell,False,2022-11-10T05:25:07.503675+00:00
1206,5399238238,132.98,0.074,sell,False,2022-11-10T05:25:07.503675+00:00
1207,5399238237,133.79,0.074,sell,False,2022-11-10T05:25:07.503675+00:00
1208,5399238236,134.6,0.074,sell,False,2022-11-10T05:25:07.503675+00:00
1209,5399238235,135.4,0.074,sell,False,2022-11-10T05:25:07.503675+00:00
1210,5399238234,136.21,0.074,sell,False,2022-11-10T05:25:07.503675+00:00
1211,5399238233,137.02,0.074,sell,False,2022-11-10T05:25:07.503675+00:00
1212,5399238232,137.83,0.074,sell,False,2022-11-10T05:25:07.503675+00:00
1213,5399238231,138.64,0.074,sell,False,2022-11-10T05:25:07.503675+00:00
1214,5399238230,139.44,0.074,sell,False,2022-11-10T05:25:07.503675+00:00
1215,5399238229,140.25,0.074,sell,False,2022-11-10T05:25:07.503675+00:00
1216,5399238228,141.06,0.074,sell,False,2022-11-10T05:25:07.503675+00:00
1217,5399238227,141.87,0.074,sell,False,2022-11-10T05:25:07.503675+00:00
1218,5399238226,142.68,0.074,sell,False,2022-11-10T05:25:07.503675+00:00
1219,5399238225,143.48,0.074,sell,False,2022-11-10T05:25:07.503675+00:00
1220,5399238224,144.29,0.074,sell,False,2022-11-10T05:25:07.503675+00:00
1221,5399238223,145.1,0.074,sell,False,2022-11-10T05:25:07.503675+00:00
1222,5399238222,145.91,0.074,sell,False,2022-11-10T05:25:07.503675+00:00
1223,5399238221,146.72,0.074,sell,False,2022-11-10T05:25:07.503675+00:00
1224,5399238220,147.53,0.074,sell,False,2022-11-10T05:25:07.503675+00:00
1225,5399238219,148.33,0.074,sell,False,2022-11-10T05:25:07.503675+00:00
1226,5399238218,149.14,0.074,sell,False,2022-11-10T05:25:07.503675+00:00
1227,5399238217,149.95,0.074,sell,False,2022-11-10T05:25:07.503675+00:00
1228,5399238216,150.76,0.074,sell,False,2022-11-10T05:25:07.503675+00:00
1229,5399238215,151.57,0.074,sell,False,2022-11-10T05:25:07.503675+00:00
1230,5399238214,152.37,0.074,sell,False,2022-11-10T05:25:07.503675+00:00
1231,5399238213,153.18,0.074,sell,False,2022-11-10T05:25:07.503675+00:00
1232,5399238212,153.99,0.074,sell,False,2022-11-10T05:25:07.503675+00:00
1233,5399238211,154.8,0.074,sell,False,2022-11-10T05:25:07.503675+00:00
1234,5399238210,155.61,0.074,sell,False,2022-11-10T05:25:07.503675+00:00
1235,5399238209,156.41,0.074,sell,False,2022-11-10T05:25:07.503675+00:00
1236,5399238208,157.22,0.074,sell,False,2022-11-10T05:25:07.503675+00:00
1237,5399238207,158.03,0.074,sell,False,2022-11-10T05:25:07.503675+00:00
1238,5399238206,158.84,0.074,sell,False,2022-11-10T05:25:07.503675+00:00
1239,5399238205,159.65,0.074,sell,False,2022-11-10T05:25:07.503675+00:00
1240,5399238204,160.45,0.074,sell,False,2022-11-10T05:25:07.503675+00:00
1241,5399238203,161.26,0.074,sell,False,2022-11-10T05:25:07.503675+00:00
1242,5399238202,162.07,0.074,sell,False,2022-11-10T05:25:07.503675+00:00
1243,5399238201,162.48,1.0,sell,False,2022-11-10T05:25:07.503675+00:00
1244,5399238200,162.48,1.0,sell,False,2022-11-10T05:25:07.503675+00:00
1245,5399238199,162.48,0.074,sell,False,2022-11-10T05:25:07.503675+00:00
1246,5399238198,162.48,0.074,sell,False,2022-11-10T05:25:07.503675+00:00
1247,5399238197,164.49,0.019,sell,False,2022-11-10T05:25:07.503675+00:00
1248,5399238196,164.49,0.074,sell,False,2022-11-10T05:25:07.503675+00:00
1249,5399207564,135.4,0.074,sell,False,2022-11-10T05:22:01.608193+00:00
1250,5399207563,136.21,0.074,sell,False,2022-11-10T05:22:01.608193+00:00
1251,5399207562,137.02,0.074,sell,False,2022-11-10T05:22:01.608193+00:00
1252,5399207561,137.83,0.074,sell,False,2022-11-10T05:22:01.608193+00:00
1253,5399207560,138.64,0.074,sell,False,2022-11-10T05:22:01.608193+00:00
1254,5399207559,139.44,0.074,sell,False,2022-11-10T05:22:01.608193+00:00
1255,5399207558,140.25,0.074,sell,False,2022-11-10T05:22:01.608193+00:00
1256,5399207557,141.06,0.063,sell,False,2022-11-10T05:22:01.608193+00:00
1257,5399207556,167.28,1.0,sell,False,2022-11-10T05:22:01.608193+00:00
1258,5399207555,168.96,0.019,sell,False,2022-11-10T05:22:01.608193+00:00
1259,5399207554,168.96,0.262,sell,False,2022-11-10T05:22:01.608193+00:00
1260,5399202720,149.95,0.072,buy,False,2022-11-10T05:21:31.659645+00:00
1261,5399202719,149.14,0.074,buy,False,2022-11-10T05:21:31.659645+00:00
1262,5399202718,148.33,0.074,buy,False,2022-11-10T05:21:31.659645+00:00
1263,5399202717,147.53,0.074,buy,False,2022-11-10T05:21:31.659645+00:00
1264,5399202716,146.72,0.074,buy,False,2022-11-10T05:21:31.659645+00:00
1265,5399202715,145.91,0.074,buy,False,2022-11-10T05:21:31.659645+00:00
1266,5399202714,145.1,0.074,buy,False,2022-11-10T05:21:31.659645+00:00
1267,5399202713,144.29,0.074,buy,False,2022-11-10T05:21:31.659645+00:00
1268,5399202712,143.48,0.074,buy,False,2022-11-10T05:21:31.659645+00:00
1269,5399202711,142.68,0.074,buy,False,2022-11-10T05:21:31.659645+00:00
1270,5399199952,141.06,0.011,sell,False,2022-11-10T05:21:07.526958+00:00
1271,5399199606,170.65,0.002,sell,False,2022-11-10T05:21:05.320241+00:00
1272,5399199525,170.65,0.074,sell,False,2022-11-10T05:21:04.845713+00:00
1273,5399199466,170.65,0.074,sell,False,2022-11-10T05:21:04.436034+00:00
1274,5399199432,170.65,0.074,sell,False,2022-11-10T05:21:04.067858+00:00
1275,5399199363,170.65,0.074,sell,False,2022-11-10T05:21:03.658417+00:00
1276,5399199249,170.65,0.074,sell,False,2022-11-10T05:21:03.231067+00:00
1277,5399199128,170.65,0.074,sell,False,2022-11-10T05:21:02.540959+00:00
1278,5399199079,170.65,0.074,sell,False,2022-11-10T05:21:02.063820+00:00
1279,5399198965,170.65,0.074,sell,False,2022-11-10T05:21:01.536831+00:00
1280,5399198851,170.65,0.074,sell,False,2022-11-10T05:21:01.061339+00:00
1281,5399198746,170.65,0.074,sell,False,2022-11-10T05:21:00.582955+00:00
1282,5399198600,170.65,0.074,sell,False,2022-11-10T05:21:00.070240+00:00
1283,5399198536,170.65,0.074,sell,False,2022-11-10T05:20:59.585583+00:00
1284,5399198491,170.65,0.074,sell,False,2022-11-10T05:20:59.146359+00:00
1285,5399198410,170.65,0.036,sell,False,2022-11-10T05:20:58.689512+00:00
1286,5399198409,172.36,0.038,sell,False,2022-11-10T05:20:58.689512+00:00
1287,5399198373,172.36,0.074,sell,False,2022-11-10T05:20:58.242027+00:00
1288,5399198283,172.36,0.074,sell,False,2022-11-10T05:20:57.806663+00:00
1289,5399198131,172.36,0.074,sell,False,2022-11-10T05:20:57.346645+00:00
1290,5399197978,172.36,0.074,sell,False,2022-11-10T05:20:56.921625+00:00
1291,5399197940,172.36,0.074,sell,False,2022-11-10T05:20:56.503368+00:00
1292,5399197807,172.36,0.074,sell,False,2022-11-10T05:20:56.049485+00:00
1293,5399197717,172.36,0.074,sell,False,2022-11-10T05:20:55.558185+00:00
1294,5399197679,172.36,0.074,sell,False,2022-11-10T05:20:55.191461+00:00
1295,5399197593,172.36,0.074,sell,False,2022-11-10T05:20:54.792927+00:00
1296,5399197461,172.36,0.074,sell,False,2022-11-10T05:20:54.416303+00:00
1297,5399197355,172.36,0.074,sell,False,2022-11-10T05:20:54.029064+00:00
1298,5399197297,172.36,0.074,sell,False,2022-11-10T05:20:53.621264+00:00
1299,5399197063,172.36,0.074,sell,False,2022-11-10T05:20:52.510947+00:00
1300,5399191265,141.87,0.074,sell,False,2022-11-10T05:20:11.897933+00:00
1301,5399191264,142.68,0.074,sell,False,2022-11-10T05:20:11.897933+00:00
1302,5399191263,143.48,0.074,sell,False,2022-11-10T05:20:11.897933+00:00
1303,5399191262,144.29,0.047,sell,False,2022-11-10T05:20:11.897933+00:00
1304,5399191261,145.1,0.074,sell,False,2022-11-10T05:20:11.897933+00:00
1305,5399191260,145.91,0.074,sell,False,2022-11-10T05:20:11.897933+00:00
1306,5399191259,146.72,0.074,sell,False,2022-11-10T05:20:11.897933+00:00
1307,5399191258,147.53,0.074,sell,False,2022-11-10T05:20:11.897933+00:00
1308,5399191257,148.33,0.074,sell,False,2022-11-10T05:20:11.897933+00:00
1309,5399191256,149.14,0.074,sell,False,2022-11-10T05:20:11.897933+00:00
1310,5399191255,149.95,0.074,sell,False,2022-11-10T05:20:11.897933+00:00
1311,5399191254,150.76,0.074,sell,False,2022-11-10T05:20:11.897933+00:00
1312,5399191253,151.57,0.074,sell,False,2022-11-10T05:20:11.897933+00:00
1313,5399191252,152.37,0.074,sell,False,2022-11-10T05:20:11.897933+00:00
1314,5399191251,153.18,0.074,sell,False,2022-11-10T05:20:11.897933+00:00
1315,5399191250,153.99,0.074,sell,False,2022-11-10T05:20:11.897933+00:00
1316,5399191249,154.8,0.074,sell,False,2022-11-10T05:20:11.897933+00:00
1317,5399191248,155.61,0.074,sell,False,2022-11-10T05:20:11.897933+00:00
1318,5399191247,156.41,0.074,sell,False,2022-11-10T05:20:11.897933+00:00
1319,5399191246,157.22,0.074,sell,False,2022-11-10T05:20:11.897933+00:00
1320,5399191245,158.03,0.074,sell,False,2022-11-10T05:20:11.897933+00:00
1321,5399191244,158.84,0.074,sell,False,2022-11-10T05:20:11.897933+00:00
1322,5399191243,159.65,0.074,sell,False,2022-11-10T05:20:11.897933+00:00
1323,5399191242,160.45,0.074,sell,False,2022-11-10T05:20:11.897933+00:00
1324,5399191241,161.26,0.074,sell,False,2022-11-10T05:20:11.897933+00:00
1325,5399191240,162.07,0.074,sell,False,2022-11-10T05:20:11.897933+00:00
1326,5399191239,162.88,0.074,sell,False,2022-11-10T05:20:11.897933+00:00
1327,5399191238,163.69,0.074,sell,False,2022-11-10T05:20:11.897933+00:00
1328,5399191237,164.49,0.074,sell,False,2022-11-10T05:20:11.897933+00:00
1329,5399191236,165.3,0.074,sell,False,2022-11-10T05:20:11.897933+00:00
1330,5399191235,166.11,0.074,sell,False,2022-11-10T05:20:11.897933+00:00
1331,5399191234,166.92,0.074,sell,False,2022-11-10T05:20:11.897933+00:00
1332,5399191233,167.73,0.074,sell,False,2022-11-10T05:20:11.897933+00:00
1333,5399191232,168.54,0.074,sell,False,2022-11-10T05:20:11.897933+00:00
1334,5399191231,169.34,0.074,sell,False,2022-11-10T05:20:11.897933+00:00
1335,5399191230,170.15,0.074,sell,False,2022-11-10T05:20:11.897933+00:00
1336,5399191229,170.96,0.074,sell,False,2022-11-10T05:20:11.897933+00:00
1337,5399191228,171.77,0.074,sell,False,2022-11-10T05:20:11.897933+00:00
1338,5399191227,172.58,0.074,sell,False,2022-11-10T05:20:11.897933+00:00
1339,5399191226,173.38,0.074,sell,False,2022-11-10T05:20:11.897933+00:00
1340,5399191225,174.09,1.0,sell,False,2022-11-10T05:20:11.897933+00:00
1341,5399191224,174.19,0.074,sell,False,2022-11-10T05:20:11.897933+00:00
1342,5399191223,175.83,1.0,sell,False,2022-11-10T05:20:11.897933+00:00
1343,5399191222,177.0,0.729,sell,False,2022-11-10T05:20:11.897933+00:00
1344,5399174652,177.0,0.27,sell,False,2022-11-10T05:18:33.729158+00:00
1345,5399173649,177.59,1.0,sell,False,2022-11-10T05:18:25.889795+00:00
1346,5399127577,179.37,1.163,sell,False,2022-11-10T05:14:36.371992+00:00
1347,5399127576,179.37,1.0,sell,False,2022-11-10T05:14:36.371992+00:00
1348,5399084999,181.17,1.0,buy,False,2022-11-10T05:10:34.047550+00:00
1349,5399084998,179.38,1.0,buy,False,2022-11-10T05:10:34.047550+00:00
1350,5398968602,177.6,0.343,buy,False,2022-11-10T04:56:50.199866+00:00
1351,5398967486,177.6,0.657,buy,False,2022-11-10T04:56:38.751853+00:00
1352,5398967485,175.85,1.186,buy,False,2022-11-10T04:56:38.751853+00:00
1353,5398967484,175.85,1.0,buy,False,2022-11-10T04:56:38.751853+00:00
1354,5398923785,153.18,0.072,buy,False,2022-11-10T04:47:31.999820+00:00
1355,5398923784,152.37,0.074,buy,False,2022-11-10T04:47:31.999820+00:00
1356,5398923783,151.57,0.074,buy,False,2022-11-10T04:47:31.999820+00:00
1357,5398923782,150.76,0.074,buy,False,2022-11-10T04:47:31.999820+00:00
1358,5398923781,149.95,0.074,buy,False,2022-11-10T04:47:31.999820+00:00
1359,5398923780,149.14,0.074,buy,False,2022-11-10T04:47:31.999820+00:00
1360,5398923779,148.33,0.074,buy,False,2022-11-10T04:47:31.999820+00:00
1361,5398923778,147.53,0.074,buy,False,2022-11-10T04:47:31.999820+00:00
1362,5398923777,146.72,0.074,buy,False,2022-11-10T04:47:31.999820+00:00
1363,5398923776,145.91,0.096,buy,False,2022-11-10T04:47:31.999820+00:00
1364,5398923775,145.91,0.074,buy,False,2022-11-10T04:47:31.999820+00:00
1365,5398922489,174.1,0.002,sell,False,2022-11-10T04:47:17.899606+00:00
1366,5398922436,174.1,0.074,sell,False,2022-11-10T04:47:17.530310+00:00
1367,5398922393,174.1,0.074,sell,False,2022-11-10T04:47:16.514184+00:00
1368,5398922313,174.1,0.074,sell,False,2022-11-10T04:47:15.832480+00:00
1369,5398922248,174.1,0.074,sell,False,2022-11-10T04:47:15.286683+00:00
1370,5398922169,174.1,0.074,sell,False,2022-11-10T04:47:14.860836+00:00
1371,5398922133,174.1,0.074,sell,False,2022-11-10T04:47:14.458340+00:00
1372,5398922049,174.1,0.074,sell,False,2022-11-10T04:47:13.912756+00:00
1373,5398920436,174.1,0.074,sell,False,2022-11-10T04:46:54.055150+00:00
1374,5398920328,174.1,0.074,sell,False,2022-11-10T04:46:53.610337+00:00
1375,5398920207,174.1,0.074,sell,False,2022-11-10T04:46:53.165366+00:00
1376,5398920158,174.1,0.074,sell,False,2022-11-10T04:46:52.595765+00:00
1377,5398920126,174.1,0.074,sell,False,2022-11-10T04:46:52.032772+00:00
1378,5398920114,174.1,0.074,sell,False,2022-11-10T04:46:51.595034+00:00
