,id,price,size,side,liquidation,time
0,5400158857,3.214,3.4,sell,False,2022-11-10T07:20:03.297562+00:00
1,5398201214,3.8,102.8,buy,False,2022-11-10T02:55:01.928805+00:00
2,5398201213,3.692,7.0,buy,False,2022-11-10T02:55:01.928805+00:00
3,5398201212,3.667,80.3,buy,False,2022-11-10T02:55:01.928805+00:00
4,5398201211,3.628,109.9,buy,False,2022-11-10T02:55:01.928805+00:00
5,5396338068,3.214,7.0,buy,False,2022-11-09T23:24:05.293579+00:00
6,5395839349,2.808,7.5,sell,False,2022-11-09T22:46:44.269096+00:00
7,5390978560,3.04,12.6,buy,False,2022-11-09T17:01:21.855773+00:00
8,5390875204,2.929,6.0,buy,False,2022-11-09T16:51:10.608762+00:00
9,5390875151,2.929,17.8,buy,False,2022-11-09T16:51:10.068046+00:00
10,5390875052,2.929,16.7,buy,False,2022-11-09T16:51:09.384734+00:00
11,5390874979,2.929,14.1,buy,False,2022-11-09T16:51:08.838717+00:00
12,5390874841,2.928,5.7,buy,False,2022-11-09T16:51:07.591929+00:00
13,5390616206,2.868,7.4,sell,False,2022-11-09T16:33:35.550186+00:00
14,5390616006,2.89,6.9,buy,False,2022-11-09T16:33:35.133596+00:00
15,5390615934,2.89,6.5,buy,False,2022-11-09T16:33:34.738817+00:00
16,5390484901,2.904,7.0,sell,False,2022-11-09T16:26:19.343294+00:00
17,5390484701,2.936,6.6,buy,False,2022-11-09T16:26:18.669672+00:00
18,5390484589,2.936,6.3,buy,False,2022-11-09T16:26:18.150732+00:00
19,5390448607,2.837,6.1,buy,False,2022-11-09T16:24:10.543338+00:00
20,5390448454,2.837,5.7,buy,False,2022-11-09T16:24:10.187910+00:00
21,5390448372,2.837,5.4,buy,False,2022-11-09T16:24:09.798251+00:00
22,5390439229,2.837,5.2,buy,False,2022-11-09T16:23:44.819720+00:00
23,5390368388,2.724,0.7,sell,True,2022-11-09T16:19:05.737660+00:00
24,5390351690,2.724,10.0,sell,False,2022-11-09T16:17:57.417898+00:00
25,5390351689,2.737,7.0,sell,False,2022-11-09T16:17:57.417898+00:00
26,5388666703,3.153,6.1,sell,False,2022-11-09T14:33:01.833487+00:00
27,5388666556,3.175,5.9,sell,False,2022-11-09T14:33:01.216329+00:00
28,5388666297,3.214,7.0,sell,False,2022-11-09T14:33:00.504634+00:00
29,5388666021,3.242,5.8,sell,False,2022-11-09T14:32:59.676620+00:00
30,5388666020,3.26,5.6,sell,False,2022-11-09T14:32:59.676620+00:00
31,5388665771,3.295,4.9,sell,False,2022-11-09T14:32:59.045646+00:00
32,5388665672,3.329,5.5,sell,False,2022-11-09T14:32:58.517338+00:00
33,5388665617,3.342,5.3,sell,False,2022-11-09T14:32:58.179747+00:00
34,5388665425,3.35,5.4,sell,False,2022-11-09T14:32:57.580092+00:00
35,5388665376,3.362,0.1,sell,False,2022-11-09T14:32:57.244726+00:00
36,5388244968,3.362,4.6,sell,False,2022-11-09T13:54:02.537895+00:00
37,5388244967,3.372,5.4,sell,False,2022-11-09T13:54:02.537895+00:00
38,5385000565,3.413,5.2,sell,False,2022-11-09T10:14:10.681983+00:00
39,5384964057,3.423,5.0,sell,False,2022-11-09T10:12:31.404743+00:00
40,5384952741,3.428,4.5,sell,False,2022-11-09T10:12:05.292011+00:00
41,5384931829,3.435,5.2,sell,False,2022-11-09T10:11:18.800552+00:00
42,5384538847,3.457,5.1,sell,False,2022-11-09T09:49:35.798128+00:00
43,5384538523,3.459,1.3,sell,False,2022-11-09T09:49:35.252644+00:00
44,5384537203,3.459,14.8,sell,False,2022-11-09T09:49:32.204938+00:00
45,5384536443,3.459,15.3,sell,False,2022-11-09T09:49:30.103618+00:00
46,5384536268,3.459,13.6,sell,False,2022-11-09T09:49:29.571477+00:00
47,5384535994,3.459,14.0,sell,False,2022-11-09T09:49:29.020660+00:00
48,5384535667,3.459,12.3,sell,False,2022-11-09T09:49:28.491058+00:00
49,5384535367,3.459,13.2,sell,False,2022-11-09T09:49:27.956037+00:00
50,5384534884,3.459,13.3,sell,False,2022-11-09T09:49:27.352825+00:00
51,5383844585,3.459,10.0,sell,True,2022-11-09T09:09:21.243160+00:00
52,5376224990,3.459,17.9,sell,False,2022-11-08T22:33:12.653616+00:00
53,5375973699,3.459,17.3,sell,False,2022-11-08T22:12:19.559982+00:00
54,5375973457,3.459,10.4,sell,False,2022-11-08T22:12:18.342282+00:00
55,5374752244,3.492,4.3,sell,False,2022-11-08T20:59:33.793840+00:00
56,5374750306,3.495,4.9,sell,False,2022-11-08T20:59:28.709440+00:00
57,5374747911,3.5,4.8,sell,False,2022-11-08T20:59:23.771909+00:00
58,5374728450,3.518,4.9,sell,False,2022-11-08T20:58:25.795729+00:00
59,5374656637,3.54,4.9,sell,False,2022-11-08T20:54:25.396445+00:00
60,5374649319,3.554,4.1,sell,False,2022-11-08T20:53:55.466231+00:00
61,5374644343,3.557,5.1,sell,False,2022-11-08T20:53:39.245396+00:00
62,5374638116,3.575,4.7,sell,False,2022-11-08T20:53:17.823874+00:00
63,5374637973,3.576,4.5,sell,False,2022-11-08T20:53:17.280430+00:00
64,5374520451,3.598,4.6,sell,False,2022-11-08T20:47:16.387194+00:00
65,5374445750,3.614,3.9,sell,False,2022-11-08T20:43:13.403611+00:00
66,5374445418,3.617,9.9,sell,False,2022-11-08T20:43:11.941410+00:00
67,5374445268,3.617,12.3,sell,False,2022-11-08T20:43:11.400802+00:00
68,5374444183,3.62,0.8,sell,False,2022-11-08T20:43:09.832790+00:00
69,5372569178,3.62,3.8,sell,True,2022-11-08T19:36:05.986691+00:00
70,5372157904,3.647,4.9,sell,False,2022-11-08T19:30:28.988620+00:00
71,5371434928,3.649,170.0,buy,False,2022-11-08T19:13:50.857020+00:00
72,5371434905,3.649,4.3,sell,False,2022-11-08T19:13:50.796961+00:00
73,5371434904,3.652,194.7,sell,False,2022-11-08T19:13:50.796961+00:00
74,5371434903,3.652,4.4,sell,False,2022-11-08T19:13:50.796961+00:00
75,5367268067,3.89,205.6,sell,False,2022-11-08T17:14:46.928349+00:00
76,5367268066,3.933,378.4,sell,False,2022-11-08T17:14:46.928349+00:00
77,5367268065,3.999,311.2,sell,False,2022-11-08T17:14:46.928349+00:00
78,5367268064,4.002,304.4,sell,False,2022-11-08T17:14:46.928349+00:00
79,5367268063,4.023,175.8,sell,False,2022-11-08T17:14:46.928349+00:00
80,5366197852,4.091,7.4,buy,False,2022-11-08T16:33:21.333461+00:00
81,5366197161,4.091,14.7,buy,False,2022-11-08T16:33:20.804806+00:00
82,5366196716,4.091,12.1,buy,False,2022-11-08T16:33:20.186634+00:00
83,5365404695,3.897,10.2,sell,False,2022-11-08T16:12:35.679915+00:00
84,5363686776,3.672,3.7,sell,False,2022-11-08T14:51:36.444641+00:00
85,5363686775,3.672,3.7,sell,False,2022-11-08T14:51:36.444641+00:00
86,5363686293,3.675,4.4,sell,False,2022-11-08T14:51:34.755509+00:00
87,5363670132,3.692,7.0,sell,False,2022-11-08T14:51:01.981667+00:00
88,5363662406,3.699,4.4,sell,False,2022-11-08T14:50:38.318085+00:00
89,5363656244,3.72,4.1,sell,False,2022-11-08T14:50:24.620691+00:00
90,5363655254,3.727,4.2,sell,False,2022-11-08T14:50:20.825304+00:00
91,5363654877,3.729,3.5,sell,False,2022-11-08T14:50:19.448705+00:00
92,5363654876,3.729,3.5,sell,False,2022-11-08T14:50:19.448705+00:00
93,5363653029,3.735,4.6,sell,False,2022-11-08T14:50:13.896803+00:00
94,5363584782,3.751,4.2,sell,False,2022-11-08T14:46:48.649183+00:00
95,5363577687,3.775,4.2,sell,False,2022-11-08T14:46:17.910826+00:00
96,5363517106,3.783,4.9,sell,False,2022-11-08T14:43:17.986814+00:00
97,5363517032,3.783,13.3,sell,False,2022-11-08T14:43:17.450292+00:00
98,5363516861,3.784,3.4,sell,False,2022-11-08T14:43:16.502729+00:00
99,5363516860,3.784,3.4,sell,False,2022-11-08T14:43:16.502729+00:00
100,5363419969,3.837,3.3,sell,False,2022-11-08T14:39:12.721377+00:00
101,5363419968,3.837,3.3,sell,False,2022-11-08T14:39:12.721377+00:00
102,5363303865,3.895,4.6,sell,False,2022-11-08T14:34:10.681507+00:00
103,5363177202,3.783,3.0,sell,False,2022-11-08T14:25:36.889708+00:00
104,5363177201,3.79,3.9,sell,False,2022-11-08T14:25:36.889708+00:00
105,5363177200,3.799,4.0,sell,False,2022-11-08T14:25:36.889708+00:00
106,5363177199,3.81,3.2,sell,False,2022-11-08T14:25:36.889708+00:00
107,5363177198,3.82,2.6,sell,False,2022-11-08T14:25:36.889708+00:00
108,5363177197,3.889,3.1,sell,False,2022-11-08T14:25:36.889708+00:00
109,5363177196,3.889,3.1,sell,False,2022-11-08T14:25:36.889708+00:00
110,5363177195,3.939,3.0,sell,False,2022-11-08T14:25:36.889708+00:00
111,5363177194,3.939,3.0,sell,False,2022-11-08T14:25:36.889708+00:00
112,5363177193,3.988,2.9,sell,False,2022-11-08T14:25:36.889708+00:00
113,5363177192,3.988,2.9,sell,False,2022-11-08T14:25:36.889708+00:00
114,5363177191,3.989,5.2,sell,False,2022-11-08T14:25:36.889708+00:00
115,5363177190,3.989,5.1,sell,False,2022-11-08T14:25:36.889708+00:00
116,5358605933,4.035,2.8,sell,False,2022-11-08T06:51:08.471867+00:00
117,5358605932,4.035,2.8,sell,False,2022-11-08T06:51:08.471867+00:00
118,5358510067,4.081,2.6,sell,False,2022-11-08T06:46:00.314791+00:00
119,5358509888,4.126,2.5,sell,False,2022-11-08T06:45:59.788114+00:00
120,5358509133,4.169,2.4,sell,False,2022-11-08T06:45:58.646768+00:00
121,5358504985,4.21,2.4,buy,False,2022-11-08T06:45:42.981072+00:00
122,5358496039,4.081,2.6,sell,False,2022-11-08T06:45:16.663998+00:00
123,5358495687,4.126,2.5,sell,False,2022-11-08T06:45:16.117926+00:00
124,5358495487,4.169,2.4,sell,False,2022-11-08T06:45:15.543677+00:00
125,5358494640,4.21,2.4,buy,False,2022-11-08T06:45:13.280962+00:00
126,5358443050,3.82,1.8,sell,False,2022-11-08T06:42:31.329111+00:00
127,5358443049,3.824,4.0,sell,False,2022-11-08T06:42:31.329111+00:00
128,5358443048,3.848,4.0,sell,False,2022-11-08T06:42:31.329111+00:00
129,5358443047,3.857,3.7,sell,False,2022-11-08T06:42:31.329111+00:00
130,5358443046,3.87,3.8,sell,False,2022-11-08T06:42:31.329111+00:00
131,5358443045,3.895,3.8,sell,False,2022-11-08T06:42:31.329111+00:00
132,5358443044,3.902,4.2,sell,False,2022-11-08T06:42:31.329111+00:00
133,5358443043,3.92,3.8,sell,False,2022-11-08T06:42:31.329111+00:00
134,5358443042,3.922,3.6,sell,False,2022-11-08T06:42:31.329111+00:00
135,5358443041,3.938,3.7,sell,False,2022-11-08T06:42:31.329111+00:00
136,5358443040,3.964,3.6,sell,False,2022-11-08T06:42:31.329111+00:00
137,5357427665,3.97,300.0,buy,False,2022-11-08T05:38:14.614111+00:00
138,5357005103,3.981,12.3,sell,False,2022-11-08T05:23:34.760239+00:00
139,5357004292,3.981,12.8,sell,False,2022-11-08T05:23:34.194174+00:00
140,5356998435,3.982,4.0,sell,False,2022-11-08T05:23:28.694818+00:00
141,5356964297,3.985,3.4,sell,False,2022-11-08T05:22:12.854760+00:00
142,5356753237,3.989,3.6,sell,False,2022-11-08T05:13:48.316045+00:00
143,5355643864,4.005,3.5,sell,False,2022-11-08T04:18:46.124717+00:00
144,5355329797,4.031,14.9,sell,False,2022-11-08T04:11:45.259325+00:00
145,5355328211,4.031,9.9,sell,False,2022-11-08T04:11:44.679924+00:00
146,5355328210,4.031,3.5,sell,False,2022-11-08T04:11:44.679924+00:00
147,5355314185,4.047,14.2,sell,False,2022-11-08T04:11:39.026874+00:00
148,5355312233,4.047,13.6,sell,False,2022-11-08T04:11:38.447429+00:00
149,5350112474,4.047,20.3,sell,False,2022-11-07T21:29:18.803486+00:00
150,5350112473,4.047,3.3,sell,False,2022-11-07T21:29:18.803486+00:00
151,5350112472,4.048,54.1,sell,False,2022-11-07T21:29:18.803486+00:00
152,5349481073,4.163,2.0,sell,False,2022-11-07T19:59:27.340764+00:00
153,5349402716,4.158,0.5,sell,False,2022-11-07T19:48:52.925104+00:00
154,5349402715,4.181,1.7,sell,False,2022-11-07T19:48:52.925104+00:00
155,5347947838,4.09,100.0,buy,False,2022-11-07T16:30:40.783525+00:00
156,5347944658,4.085,200.0,buy,False,2022-11-07T16:30:20.977111+00:00
157,5347942491,4.095,108.5,buy,False,2022-11-07T16:30:07.470062+00:00
158,5347940238,4.095,91.5,buy,False,2022-11-07T16:29:55.181377+00:00
159,5347938824,4.087,100.0,buy,False,2022-11-07T16:29:42.272086+00:00
160,5347938204,4.087,100.0,sell,False,2022-11-07T16:29:36.630796+00:00
161,5347932832,4.1,7.3,buy,False,2022-11-07T16:28:57.601237+00:00
162,5347928552,4.1,15.8,buy,False,2022-11-07T16:28:28.469292+00:00
163,5347928438,4.1,15.7,buy,False,2022-11-07T16:28:27.933024+00:00
164,5347927759,4.1,15.7,buy,False,2022-11-07T16:28:24.914699+00:00
165,5347927139,4.1,16.1,buy,False,2022-11-07T16:28:21.889791+00:00
166,5347926689,4.1,13.8,buy,False,2022-11-07T16:28:19.180022+00:00
167,5347926340,4.1,15.6,buy,False,2022-11-07T16:28:16.200170+00:00
168,5347924683,4.08,100.0,buy,False,2022-11-07T16:28:05.662051+00:00
169,5347921679,4.086,100.0,buy,False,2022-11-07T16:27:46.297396+00:00
170,5347919925,4.086,100.0,buy,False,2022-11-07T16:27:39.973938+00:00
171,5347884423,4.1,100.0,buy,False,2022-11-07T16:23:18.699582+00:00
172,5347875216,4.098,100.0,buy,False,2022-11-07T16:22:09.283103+00:00
173,5347875215,4.078,100.0,buy,False,2022-11-07T16:22:09.283103+00:00
174,5347875214,4.077,53.8,buy,False,2022-11-07T16:22:09.283103+00:00
175,5347873268,4.078,100.0,buy,False,2022-11-07T16:21:56.387080+00:00
176,5347871759,4.078,100.0,sell,False,2022-11-07T16:21:50.940082+00:00
177,5345136373,4.106,6.8,buy,False,2022-11-07T11:18:10.247721+00:00
178,5345136372,4.106,3.1,sell,False,2022-11-07T11:18:10.185490+00:00
179,5342573936,4.057,4.9,sell,False,2022-11-07T06:26:24.544278+00:00
180,5342573935,4.057,3.5,sell,False,2022-11-07T06:26:24.544278+00:00
181,5342573934,4.06,3.8,sell,False,2022-11-07T06:26:24.544278+00:00
182,5342573933,4.07,3.4,sell,False,2022-11-07T06:26:24.544278+00:00
183,5342573932,4.096,3.3,sell,False,2022-11-07T06:26:24.544278+00:00
184,5342573931,4.122,3.3,sell,False,2022-11-07T06:26:24.544278+00:00
185,5342573930,4.132,3.2,sell,False,2022-11-07T06:26:24.544278+00:00
186,5342573929,4.135,3.6,sell,False,2022-11-07T06:26:24.544278+00:00
187,5342573928,4.159,3.2,sell,False,2022-11-07T06:26:24.544278+00:00
188,5342573927,4.164,3.0,sell,False,2022-11-07T06:26:24.544278+00:00
189,5342573926,4.169,7.0,sell,False,2022-11-07T06:26:24.544278+00:00
190,5342573925,4.186,3.2,sell,False,2022-11-07T06:26:24.544278+00:00
191,5342573924,4.193,3.1,sell,False,2022-11-07T06:26:24.544278+00:00
192,5342573923,4.2,13.2,sell,False,2022-11-07T06:26:24.544278+00:00
193,5342573922,4.201,2.5,sell,False,2022-11-07T06:26:24.544278+00:00
194,5342573921,4.22,2.9,sell,False,2022-11-07T06:26:24.544278+00:00
195,5342573920,4.275,2.8,sell,False,2022-11-07T06:26:24.544278+00:00
196,5342157269,4.328,2.7,sell,False,2022-11-07T05:35:39.812935+00:00
197,5342157184,4.379,2.5,sell,False,2022-11-07T05:35:39.280080+00:00
198,5342156147,4.429,2.4,sell,False,2022-11-07T05:35:33.845486+00:00
199,5342156085,4.478,2.4,sell,False,2022-11-07T05:35:33.314183+00:00
200,5342156024,4.525,2.3,sell,False,2022-11-07T05:35:32.733525+00:00
201,5342151712,4.569,2.2,buy,False,2022-11-07T05:35:11.806934+00:00
202,5342124702,4.2,46.3,sell,False,2022-11-07T05:31:56.705581+00:00
203,5342124701,4.208,3.4,sell,False,2022-11-07T05:31:56.705581+00:00
204,5342124700,4.211,1.9,sell,False,2022-11-07T05:31:56.705581+00:00
205,5342124699,4.22,3.1,sell,False,2022-11-07T05:31:56.705581+00:00
206,5342124698,4.221,53.5,sell,False,2022-11-07T05:31:56.705581+00:00
207,5342124697,4.251,57.2,sell,False,2022-11-07T05:31:56.705581+00:00
208,5341535807,4.251,13.3,sell,False,2022-11-07T03:59:58.525294+00:00
209,5341535806,4.252,1.1,sell,False,2022-11-07T03:59:58.525294+00:00
210,5337575530,4.3,11.6,buy,False,2022-11-06T19:34:49.195767+00:00
211,5333509551,4.635,1.5,buy,False,2022-11-06T10:10:52.448082+00:00
212,5318386047,4.364,2.3,buy,False,2022-11-04T19:19:24.436886+00:00
213,5317883220,4.316,2.4,buy,False,2022-11-04T18:19:42.236737+00:00
214,5317841050,4.247,3.0,sell,False,2022-11-04T18:12:56.420806+00:00
215,5317825624,4.252,2.9,sell,False,2022-11-04T18:10:18.486770+00:00
216,5317790681,4.28,2.9,sell,False,2022-11-04T18:05:15.783501+00:00
217,5317734005,4.285,9.7,sell,False,2022-11-04T17:56:46.227295+00:00
218,5317733980,4.285,13.6,sell,False,2022-11-04T17:56:45.691358+00:00
219,5317733847,4.286,1.6,sell,False,2022-11-04T17:56:44.676196+00:00
220,5315518350,4.624,21.9,sell,False,2022-11-04T14:32:14.538435+00:00
221,5315518343,4.624,6.3,buy,False,2022-11-04T14:32:14.442355+00:00
222,5314785950,4.452,40.0,sell,False,2022-11-04T13:45:47.921080+00:00
223,5312623472,4.665,40.0,buy,False,2022-11-04T10:48:49.688287+00:00
224,5304627582,4.4,2.0,sell,False,2022-11-03T16:36:51.965469+00:00
225,5303302951,4.31,2.8,sell,False,2022-11-03T13:51:49.477970+00:00
226,5303241286,4.366,2.7,sell,False,2022-11-03T13:45:14.181875+00:00
227,5303119268,4.42,2.6,sell,False,2022-11-03T13:33:12.317220+00:00
228,5302085844,4.472,2.5,sell,False,2022-11-03T11:36:01.692296+00:00
229,5297375078,4.523,2.4,sell,False,2022-11-02T22:58:23.271993+00:00
230,5297374989,4.573,2.3,sell,False,2022-11-02T22:58:22.004284+00:00
231,5297374965,4.621,2.2,sell,False,2022-11-02T22:58:21.347274+00:00
232,5297374389,4.666,2.2,buy,False,2022-11-02T22:58:14.763829+00:00
233,5297185750,4.267,271.3,sell,False,2022-11-02T22:20:52.102256+00:00
234,5297185749,4.28,3.3,sell,False,2022-11-02T22:20:52.102256+00:00
235,5297185748,4.307,2.9,sell,False,2022-11-02T22:20:52.102256+00:00
236,5297185747,4.338,2.8,sell,False,2022-11-02T22:20:52.102256+00:00
237,5297185746,4.349,3.1,sell,False,2022-11-02T22:20:52.102256+00:00
238,5297185745,4.365,2.8,sell,False,2022-11-02T22:20:52.102256+00:00
239,5297185744,4.394,2.7,sell,False,2022-11-02T22:20:52.102256+00:00
240,5297185743,4.416,3.0,sell,False,2022-11-02T22:20:52.102256+00:00
241,5297185742,4.422,2.7,sell,False,2022-11-02T22:20:52.102256+00:00
242,5297185741,4.444,9.1,sell,False,2022-11-02T22:20:52.102256+00:00
243,5297185740,4.448,2.6,sell,False,2022-11-02T22:20:52.102256+00:00
244,5297185739,4.477,2.6,sell,False,2022-11-02T22:20:52.102256+00:00
245,5297185738,4.478,48.5,sell,False,2022-11-02T22:20:52.102256+00:00
246,5297185737,4.481,2.6,sell,False,2022-11-02T22:20:52.102256+00:00
247,5297185736,4.481,2.9,sell,False,2022-11-02T22:20:52.102256+00:00
248,5296411734,4.596,9.8,buy,False,2022-11-02T20:23:46.522024+00:00
249,5295972145,4.501,2.5,sell,False,2022-11-02T19:50:20.148941+00:00
250,5295969938,4.51,8.5,sell,False,2022-11-02T19:50:12.579272+00:00
251,5295969828,4.51,13.6,sell,False,2022-11-02T19:50:11.924215+00:00
252,5295665142,4.53,2.5,sell,False,2022-11-02T19:28:18.571563+00:00
253,5295649684,4.544,2.8,sell,False,2022-11-02T19:28:07.192400+00:00
254,5295644300,4.552,2.4,sell,False,2022-11-02T19:28:00.189626+00:00
255,5292531863,4.576,1.1,sell,False,2022-11-02T15:50:50.681354+00:00
256,5292529297,4.581,2.4,sell,False,2022-11-02T15:50:12.697703+00:00
257,5292425614,4.602,2.3,sell,False,2022-11-02T15:21:33.836559+00:00
258,5292425506,4.605,2.6,sell,False,2022-11-02T15:21:31.602002+00:00
259,5292385085,4.632,2.3,sell,False,2022-11-02T15:13:25.299415+00:00
260,5292383277,4.646,7.0,sell,False,2022-11-02T15:13:06.281509+00:00
261,5292375797,4.651,2.2,sell,False,2022-11-02T15:11:15.663347+00:00
262,5292355523,4.685,3.4,sell,False,2022-11-02T15:06:43.955838+00:00
263,5292179664,4.696,2.2,buy,False,2022-11-02T14:33:44.099371+00:00
264,5284956048,4.76,4.3,buy,False,2022-11-01T18:00:38.209750+00:00
265,5284546961,4.648,8.7,sell,False,2022-11-01T16:38:23.263726+00:00
266,5284541125,4.665,2.5,sell,False,2022-11-01T16:37:22.485430+00:00
267,5284498604,4.68,2.2,sell,False,2022-11-01T16:32:03.388699+00:00
268,5284456260,4.726,2.2,buy,False,2022-11-01T16:27:12.029568+00:00
269,5284444626,4.686,2.2,sell,False,2022-11-01T16:24:54.966684+00:00
270,5284262426,4.732,2.2,buy,False,2022-11-01T15:54:11.845863+00:00
271,5284209440,4.723,2.4,sell,False,2022-11-01T15:41:38.780364+00:00
272,5284188484,4.779,2.3,sell,False,2022-11-01T15:38:34.526606+00:00
273,5279709234,4.885,10.3,buy,False,2022-11-01T04:37:17.629527+00:00
274,5279025368,4.833,246.1,buy,False,2022-11-01T02:45:19.543274+00:00
275,5279025367,4.894,1.9,sell,False,2022-11-01T02:45:19.476358+00:00
276,5279022840,5.186,140.7,buy,False,2022-11-01T02:44:51.283087+00:00
277,5279022839,5.181,59.1,buy,False,2022-11-01T02:44:51.283087+00:00
278,5279022838,5.179,6.0,buy,False,2022-11-01T02:44:51.283087+00:00
279,5279022837,5.124,6.1,buy,False,2022-11-01T02:44:51.283087+00:00
280,5279022836,5.123,36.1,buy,False,2022-11-01T02:44:51.283087+00:00
281,5276641828,4.833,2.2,sell,False,2022-10-31T19:52:30.459585+00:00
282,5276364464,4.857,4.2,sell,False,2022-10-31T19:03:04.264775+00:00
283,5276186889,4.874,2.2,sell,False,2022-10-31T18:34:36.437396+00:00
284,5276150797,4.879,2.2,sell,False,2022-10-31T18:30:49.967396+00:00
285,5276147515,4.886,2.2,sell,False,2022-10-31T18:30:23.039157+00:00
286,5276072441,4.926,2.1,sell,False,2022-10-31T18:17:39.520882+00:00
287,5275604601,4.99,10.0,sell,False,2022-10-31T17:05:08.233564+00:00
288,5275488587,4.927,25.8,sell,False,2022-10-31T16:49:05.271283+00:00
289,5275488586,4.931,2.1,sell,False,2022-10-31T16:49:05.271283+00:00
290,5275488585,4.938,2.1,sell,False,2022-10-31T16:49:05.271283+00:00
291,5275304141,5.064,2.0,sell,False,2022-10-31T16:29:26.296889+00:00
292,5274936028,5.167,2.0,sell,False,2022-10-31T15:57:43.289416+00:00
293,5274740585,5.018,6.0,buy,False,2022-10-31T15:35:02.137360+00:00
294,5274736232,5.018,4.0,buy,False,2022-10-31T15:34:16.940806+00:00
295,5274734258,5.018,20.0,buy,False,2022-10-31T15:33:59.120504+00:00
296,5274444629,4.988,2.1,sell,False,2022-10-31T15:02:12.462425+00:00
297,5274439841,4.981,2.1,sell,False,2022-10-31T15:01:40.825548+00:00
298,5274428524,4.976,2.1,sell,False,2022-10-31T15:00:42.138188+00:00
299,5274386976,4.923,1.0,sell,False,2022-10-31T14:56:23.746480+00:00
300,5274383245,4.924,14.3,sell,False,2022-10-31T14:56:00.413527+00:00
301,5274382829,4.923,15.2,sell,False,2022-10-31T14:55:56.745889+00:00
302,5274382545,4.923,14.2,sell,False,2022-10-31T14:55:55.016315+00:00
303,5274382514,4.923,14.3,sell,False,2022-10-31T14:55:54.483670+00:00
304,5274382454,4.923,14.2,sell,False,2022-10-31T14:55:53.955444+00:00
305,5274382374,4.923,14.3,sell,False,2022-10-31T14:55:53.421114+00:00
306,5274382295,4.923,14.4,sell,False,2022-10-31T14:55:52.887906+00:00
307,5274382180,4.923,12.4,sell,False,2022-10-31T14:55:52.352178+00:00
308,5270724634,5.081,4.0,sell,False,2022-10-31T08:32:20.774498+00:00
309,5267601956,5.35,10.0,buy,False,2022-10-30T23:42:07.542952+00:00
310,5249711822,5.297,1.9,sell,False,2022-10-29T03:38:26.693491+00:00
311,5249709962,5.402,1.9,buy,False,2022-10-29T03:38:20.240849+00:00
312,5246785809,5.261,1.0,buy,False,2022-10-28T17:31:02.271778+00:00
313,5246716789,5.11,7.9,sell,False,2022-10-28T17:22:41.466766+00:00
314,5242050690,4.908,6.1,sell,False,2022-10-28T07:20:10.936586+00:00
315,5242050689,4.908,0.7,sell,False,2022-10-28T07:20:10.936586+00:00
316,5238930246,4.947,4.1,sell,False,2022-10-27T21:21:47.509149+00:00
317,5236888954,5.004,1.5,sell,False,2022-10-27T16:43:04.750493+00:00
318,5236090569,5.158,2.0,sell,False,2022-10-27T14:59:13.336852+00:00
319,5235764811,5.26,1.9,buy,False,2022-10-27T14:17:15.938700+00:00
320,5235505372,5.124,7.0,sell,False,2022-10-27T13:55:53.676784+00:00
321,5235268297,5.283,3.7,buy,False,2022-10-27T13:33:45.796268+00:00
322,5229658560,5.2,1.8,sell,False,2022-10-26T23:10:50.818727+00:00
323,5229658559,5.21,0.4,sell,False,2022-10-26T23:10:50.818727+00:00
324,5228460712,5.251,2.0,buy,False,2022-10-26T19:50:12.567831+00:00
325,5226289325,5.6,20.7,sell,False,2022-10-26T14:57:31.879247+00:00
326,5226287201,5.6,44.0,sell,False,2022-10-26T14:57:19.566618+00:00
327,5226287200,5.601,40.8,sell,False,2022-10-26T14:57:19.566618+00:00
328,5226286029,5.6,35.1,sell,False,2022-10-26T14:57:12.974041+00:00
329,5226285665,5.6,19.0,sell,False,2022-10-26T14:57:10.897344+00:00
330,5226285599,5.6,18.3,sell,False,2022-10-26T14:57:10.369895+00:00
331,5226285483,5.6,13.4,sell,False,2022-10-26T14:57:09.810139+00:00
332,5226285060,5.6,14.1,sell,False,2022-10-26T14:57:09.282650+00:00
333,5226284878,5.6,13.9,sell,False,2022-10-26T14:57:08.754458+00:00
334,5226146502,5.601,7.0,buy,False,2022-10-26T14:45:51.380263+00:00
335,5225894773,5.507,1.9,sell,False,2022-10-26T14:28:59.644580+00:00
336,5225374284,5.503,8.3,buy,False,2022-10-26T14:03:39.595516+00:00
337,5225341609,5.487,3.0,buy,False,2022-10-26T14:01:25.129354+00:00
338,5225178401,5.429,1.9,buy,False,2022-10-26T13:46:42.458949+00:00
339,5224227268,5.42,184.5,sell,False,2022-10-26T11:38:57.325826+00:00
340,5222928287,5.42,36.8,sell,False,2022-10-26T08:28:58.024848+00:00
341,5218899450,5.42,1.9,sell,False,2022-10-25T20:28:40.691913+00:00
342,5218899318,5.42,6.5,buy,False,2022-10-25T20:28:40.485767+00:00
343,5214912762,5.429,3.7,sell,False,2022-10-25T15:38:45.862451+00:00
344,5213791203,5.481,0.4,buy,False,2022-10-25T13:42:57.467895+00:00
345,5213790317,5.397,1.5,buy,False,2022-10-25T13:42:50.660505+00:00
346,5210449166,4.836,4.9,sell,False,2022-10-24T23:18:28.640425+00:00
347,5210448826,4.836,1.6,sell,False,2022-10-24T23:18:26.298034+00:00
348,5210448825,4.903,0.7,sell,False,2022-10-24T23:18:26.298034+00:00
349,5210444655,5.204,0.4,sell,False,2022-10-24T23:17:04.334624+00:00
350,5210444096,5.316,1.9,sell,False,2022-10-24T23:16:54.281419+00:00
351,5210443932,5.475,0.4,buy,False,2022-10-24T23:16:49.482272+00:00
352,5210443639,5.422,0.4,sell,False,2022-10-24T23:16:43.936725+00:00
353,5210443632,5.422,1.5,buy,False,2022-10-24T23:16:43.860370+00:00
354,5210208343,4.872,3.3,sell,False,2022-10-24T22:03:14.514357+00:00
355,5210208342,4.925,0.7,sell,False,2022-10-24T22:03:14.514357+00:00
356,5207791934,5.142,1.9,buy,False,2022-10-24T13:51:27.945331+00:00
357,5207700616,5.086,2.0,buy,False,2022-10-24T13:42:40.058676+00:00
358,5207641575,5.079,2.0,sell,False,2022-10-24T13:35:51.932158+00:00
359,5204724410,5.474,10.3,buy,False,2022-10-24T02:03:57.073069+00:00
360,5204482276,5.228,0.4,sell,False,2022-10-24T01:16:21.790566+00:00
361,5203361462,5.5,0.4,buy,False,2022-10-23T22:01:39.430930+00:00
362,5203327380,5.217,6.1,buy,False,2022-10-23T22:00:44.109464+00:00
363,5202266099,5.181,5.7,buy,False,2022-10-23T18:00:43.429534+00:00
364,5202265983,5.181,13.9,buy,False,2022-10-23T18:00:42.894455+00:00
365,5201832781,5.18,5.0,buy,False,2022-10-23T16:32:57.560829+00:00
366,5201655820,5.18,2.0,buy,False,2022-10-23T15:48:44.708018+00:00
367,5196196419,5.18,0.9,buy,False,2022-10-22T13:09:14.531518+00:00
368,5196193270,5.179,1.1,buy,False,2022-10-22T13:08:19.171161+00:00
369,5193478918,5.18,3.0,buy,False,2022-10-21T22:29:58.720438+00:00
370,5192828264,5.124,7.0,buy,False,2022-10-21T19:20:26.678403+00:00
371,5192502083,4.916,9.0,buy,False,2022-10-21T18:02:04.639653+00:00
372,5192502069,4.916,14.1,buy,False,2022-10-21T18:02:04.107314+00:00
373,5191161005,4.639,4.4,sell,False,2022-10-21T14:21:23.622301+00:00
374,5188959635,4.507,2.3,sell,False,2022-10-21T08:41:14.351512+00:00
375,5186037597,4.597,2.2,buy,False,2022-10-20T20:18:18.839027+00:00
376,5184218055,4.774,8.5,sell,False,2022-10-20T14:38:29.465367+00:00
377,5177983433,4.542,1.3,sell,False,2022-10-19T15:03:31.531894+00:00
378,5175348170,4.592,4.4,sell,False,2022-10-19T06:00:10.205867+00:00
379,5174969768,4.788,2.1,sell,False,2022-10-19T04:32:02.937391+00:00
380,5174968306,4.883,2.1,buy,False,2022-10-19T04:31:44.667203+00:00
381,5170578759,4.81,9.9,buy,False,2022-10-18T13:36:25.359506+00:00
382,5170578737,4.81,13.7,buy,False,2022-10-18T13:36:24.726241+00:00
383,5151337072,4.382,2.9,sell,False,2022-10-14T19:55:36.288123+00:00
384,5148830926,4.826,6.1,buy,False,2022-10-14T13:39:37.124741+00:00
385,5148830880,4.826,12.0,buy,False,2022-10-14T13:39:36.728263+00:00
386,5141872150,4.688,10.8,buy,False,2022-10-13T15:37:18.554521+00:00
387,5141871674,4.688,13.5,buy,False,2022-10-13T15:37:18.025482+00:00
388,5141273710,4.395,2.9,sell,False,2022-10-13T14:42:59.200092+00:00
389,5141233518,4.398,2.9,sell,False,2022-10-13T14:36:25.306518+00:00
390,5141221989,4.416,2.8,sell,False,2022-10-13T14:34:21.504939+00:00
391,5141176349,4.444,2.8,sell,False,2022-10-13T14:27:33.720866+00:00
392,5141175260,4.456,2.8,sell,False,2022-10-13T14:27:22.241997+00:00
393,5141170845,4.46,2.8,sell,False,2022-10-13T14:26:48.434496+00:00
394,5141167757,4.473,2.6,sell,False,2022-10-13T14:26:16.490225+00:00
395,5141130659,4.504,2.7,sell,False,2022-10-13T14:21:01.277907+00:00
396,5141118553,4.517,2.7,sell,False,2022-10-13T14:19:28.967160+00:00
397,5141117253,4.521,2.7,sell,False,2022-10-13T14:19:23.210038+00:00
398,5141116788,4.529,2.5,sell,False,2022-10-13T14:19:17.716078+00:00
399,5140757583,4.562,2.6,sell,False,2022-10-13T13:45:22.367626+00:00
400,5140446659,4.575,2.6,sell,False,2022-10-13T13:18:01.299917+00:00
401,5140426149,4.582,2.4,sell,False,2022-10-13T13:16:20.494385+00:00
402,5140109653,4.619,2.5,sell,False,2022-10-13T12:52:18.313018+00:00
403,5140109514,4.673,2.4,sell,False,2022-10-13T12:52:17.537067+00:00
404,5140108199,4.727,2.3,sell,False,2022-10-13T12:52:12.141988+00:00
405,5140108103,4.778,2.2,sell,False,2022-10-13T12:52:11.573905+00:00
406,5140107980,4.829,2.1,sell,False,2022-10-13T12:52:11.036001+00:00
407,5140106774,4.878,2.1,sell,False,2022-10-13T12:52:07.448167+00:00
408,5140086584,4.635,2.3,sell,False,2022-10-13T12:51:28.835918+00:00
409,5140086528,4.685,2.2,sell,False,2022-10-13T12:51:28.261095+00:00
410,5140086419,4.735,2.2,sell,False,2022-10-13T12:51:27.718523+00:00
411,5140085695,4.783,1.3,sell,False,2022-10-13T12:51:25.404929+00:00
412,5140085126,4.783,0.8,sell,False,2022-10-13T12:51:23.512834+00:00
413,5140019185,4.579,2.6,sell,False,2022-10-13T12:47:28.788710+00:00
414,5139889295,4.636,2.5,sell,False,2022-10-13T12:41:15.897181+00:00
415,5139888557,4.691,2.4,sell,False,2022-10-13T12:41:14.964285+00:00
416,5139885206,4.744,2.3,sell,False,2022-10-13T12:41:07.639760+00:00
417,5139884922,4.796,2.2,sell,False,2022-10-13T12:41:06.950114+00:00
418,5139884708,4.847,2.1,sell,False,2022-10-13T12:41:06.201089+00:00
419,5139879479,4.894,2.1,buy,False,2022-10-13T12:40:56.327904+00:00
420,5139854097,4.632,2.5,sell,False,2022-10-13T12:39:54.410967+00:00
421,5139853779,4.687,2.4,sell,False,2022-10-13T12:39:53.549052+00:00
422,5139853363,4.74,2.3,sell,False,2022-10-13T12:39:52.262474+00:00
423,5139853086,4.792,2.2,sell,False,2022-10-13T12:39:51.723666+00:00
424,5139852953,4.843,2.1,sell,False,2022-10-13T12:39:51.142971+00:00
425,5139849434,4.892,2.1,sell,False,2022-10-13T12:39:41.188094+00:00
426,5139416357,4.646,7.0,sell,False,2022-10-13T12:30:48.524471+00:00
427,5139388898,4.663,3.0,sell,False,2022-10-13T12:30:35.197236+00:00
428,5131872852,5.0,50.2,sell,False,2022-10-12T11:11:16.558174+00:00
429,5131703869,5.071,49.3,sell,False,2022-10-12T10:21:13.988246+00:00
430,5131691496,5.071,10.9,sell,False,2022-10-12T10:17:59.082008+00:00
431,5131691105,5.144,8.8,buy,False,2022-10-12T10:17:50.305168+00:00
432,5127820942,4.961,2.1,sell,False,2022-10-11T17:00:30.797737+00:00
433,5127095141,4.901,2.1,buy,False,2022-10-11T14:36:15.238598+00:00
434,5117150449,4.907,2.2,sell,False,2022-10-09T22:03:39.962071+00:00
435,5109716331,4.85,6.5,sell,False,2022-10-07T16:34:39.331422+00:00
436,5109716256,4.85,16.0,sell,False,2022-10-07T16:34:38.783497+00:00
437,5109716221,4.85,14.2,sell,False,2022-10-07T16:34:38.247310+00:00
438,5109716131,4.85,13.3,sell,False,2022-10-07T16:34:37.703373+00:00
439,5109497707,4.926,0.8,sell,False,2022-10-07T16:07:31.337404+00:00
440,5104644075,5.108,9.1,sell,False,2022-10-06T19:58:40.940025+00:00
441,5103412704,5.132,1.9,buy,False,2022-10-06T15:19:48.677152+00:00
442,5101778948,5.216,19.8,buy,False,2022-10-06T10:42:05.045735+00:00
443,5094044007,4.895,1.1,sell,False,2022-10-05T04:25:15.632838+00:00
444,5094041574,4.895,0.3,sell,False,2022-10-05T04:24:22.650507+00:00
445,5092019972,5.124,7.0,buy,False,2022-10-04T19:17:36.273700+00:00
446,5091965697,5.102,5.5,buy,False,2022-10-04T19:07:04.789428+00:00
447,5091949942,5.102,0.1,buy,False,2022-10-04T19:03:08.510104+00:00
448,5091948859,5.102,0.2,buy,False,2022-10-04T19:03:00.530381+00:00
449,5091948154,5.102,0.3,buy,False,2022-10-04T19:02:51.750167+00:00
450,5091947570,5.102,0.4,buy,False,2022-10-04T19:02:40.280685+00:00
451,5091946935,5.102,0.5,buy,False,2022-10-04T19:02:30.457389+00:00
452,5091453574,5.002,3.9,sell,False,2022-10-04T17:13:13.640621+00:00
453,5090697793,4.994,7.3,buy,False,2022-10-04T14:53:28.305226+00:00
454,5090697747,4.994,42.3,buy,False,2022-10-04T14:53:27.758935+00:00
455,5090134323,4.822,8.8,buy,False,2022-10-04T13:31:44.541621+00:00
456,5088583835,4.721,5.5,buy,False,2022-10-04T07:39:04.005302+00:00
457,5088583834,4.677,11.8,buy,False,2022-10-04T07:39:04.005302+00:00
458,5088492656,4.645,21.0,sell,False,2022-10-04T07:21:46.808025+00:00
459,5088199769,4.619,5.6,buy,False,2022-10-04T06:30:09.243682+00:00
460,5086455246,4.593,2.0,buy,False,2022-10-03T20:57:43.757985+00:00
461,5086443481,4.593,0.5,buy,False,2022-10-03T20:54:28.545880+00:00
462,5085813744,4.646,7.0,buy,False,2022-10-03T18:28:17.039704+00:00
463,5083617396,4.248,5.8,buy,False,2022-10-03T10:44:24.452714+00:00
464,5081491080,4.083,3.9,sell,False,2022-10-03T00:04:21.344363+00:00
465,5081490840,4.083,24.5,sell,False,2022-10-03T00:04:19.215306+00:00
466,5081396567,4.192,24.6,sell,False,2022-10-02T23:53:27.138071+00:00
467,5081396566,4.192,4.0,sell,False,2022-10-02T23:53:27.138071+00:00
468,5077389736,4.275,9.1,buy,False,2022-10-02T03:55:57.920275+00:00
469,5074601623,4.285,0.1,buy,False,2022-10-01T10:08:12.688142+00:00
470,5071735854,4.313,24.9,buy,False,2022-09-30T18:31:02.750595+00:00
471,5071735853,4.312,44.8,buy,False,2022-09-30T18:31:02.750595+00:00
472,5070463933,4.434,18.5,sell,False,2022-09-30T15:01:20.327696+00:00
473,5070430176,4.431,2.2,buy,False,2022-09-30T14:58:25.658667+00:00
474,5069883501,4.222,0.2,buy,False,2022-09-30T13:53:27.056989+00:00
475,5069883480,4.303,0.2,sell,False,2022-09-30T13:53:26.832303+00:00
476,5069883408,4.222,0.3,buy,False,2022-09-30T13:53:26.260139+00:00
477,5069883393,4.303,0.3,sell,False,2022-09-30T13:53:26.074100+00:00
478,5069883350,4.222,0.2,buy,False,2022-09-30T13:53:25.539117+00:00
479,5069867838,4.268,0.2,sell,False,2022-09-30T13:51:03.236901+00:00
480,5069866074,4.24,0.1,sell,False,2022-09-30T13:50:52.180899+00:00
481,5069865985,4.221,0.1,buy,False,2022-09-30T13:50:51.638352+00:00
482,5069865933,4.221,0.3,buy,False,2022-09-30T13:50:51.233541+00:00
483,5069865190,4.24,0.3,sell,False,2022-09-30T13:50:46.772999+00:00
484,5069865148,4.221,0.2,buy,False,2022-09-30T13:50:46.281334+00:00
485,5069865077,4.24,0.2,sell,False,2022-09-30T13:50:45.700954+00:00
486,5069864846,4.221,0.2,buy,False,2022-09-30T13:50:44.426366+00:00
487,5069864806,4.24,0.2,sell,False,2022-09-30T13:50:43.884431+00:00
488,5069864717,4.221,0.2,buy,False,2022-09-30T13:50:43.362317+00:00
489,5069864233,4.241,0.2,sell,False,2022-09-30T13:50:38.828866+00:00
490,5069864215,4.241,0.2,sell,False,2022-09-30T13:50:38.226760+00:00
491,5069864187,4.168,0.2,buy,False,2022-09-30T13:50:37.710623+00:00
492,5069864104,4.168,0.2,buy,False,2022-09-30T13:50:36.375251+00:00
493,5069864069,4.244,0.2,sell,False,2022-09-30T13:50:36.118954+00:00
494,5069863979,4.244,0.3,sell,False,2022-09-30T13:50:34.878571+00:00
495,5069863865,4.168,0.3,buy,False,2022-09-30T13:50:34.322374+00:00
496,5069863833,4.244,0.1,sell,False,2022-09-30T13:50:33.856883+00:00
497,5069863773,4.168,0.1,buy,False,2022-09-30T13:50:33.328505+00:00
498,5069863627,4.168,0.2,buy,False,2022-09-30T13:50:32.386650+00:00
499,5069863608,4.244,0.2,sell,False,2022-09-30T13:50:32.199289+00:00
500,5069863550,4.244,0.1,sell,False,2022-09-30T13:50:31.664890+00:00
501,5069863499,4.168,0.1,buy,False,2022-09-30T13:50:31.011426+00:00
502,5069863305,4.168,0.2,buy,False,2022-09-30T13:50:29.311941+00:00
503,5069863298,4.244,0.2,sell,False,2022-09-30T13:50:29.145800+00:00
504,5069863211,4.244,0.2,sell,False,2022-09-30T13:50:28.416642+00:00
505,5069863195,4.168,0.2,buy,False,2022-09-30T13:50:27.883698+00:00
506,5069863065,4.244,0.1,sell,False,2022-09-30T13:50:26.370848+00:00
507,5069863006,4.168,0.1,buy,False,2022-09-30T13:50:25.848348+00:00
508,5069862958,4.244,0.3,sell,False,2022-09-30T13:50:25.482836+00:00
509,5069862925,4.168,0.3,buy,False,2022-09-30T13:50:24.888166+00:00
510,5069862788,4.168,0.2,buy,False,2022-09-30T13:50:23.842448+00:00
511,5069860309,4.227,0.2,sell,False,2022-09-30T13:50:03.562345+00:00
512,5069860269,4.227,0.1,sell,False,2022-09-30T13:50:03.044322+00:00
513,5069858129,4.199,0.1,buy,False,2022-09-30T13:49:49.568213+00:00
514,5069855948,4.196,0.3,buy,False,2022-09-30T13:49:43.408859+00:00
515,5069855910,4.218,0.3,sell,False,2022-09-30T13:49:42.862948+00:00
516,5069855885,4.218,0.2,sell,False,2022-09-30T13:49:42.350952+00:00
517,5069855863,4.196,0.2,buy,False,2022-09-30T13:49:41.790534+00:00
518,5069855412,4.188,0.2,buy,False,2022-09-30T13:49:33.310952+00:00
519,5069854150,4.206,0.2,sell,False,2022-09-30T13:49:23.419523+00:00
520,5069853457,4.177,0.1,buy,False,2022-09-30T13:49:12.271619+00:00
521,5069852669,4.195,0.1,sell,False,2022-09-30T13:49:07.498999+00:00
522,5069852626,4.195,0.2,sell,False,2022-09-30T13:49:06.971780+00:00
523,5069851618,4.177,0.2,buy,False,2022-09-30T13:48:57.375844+00:00
524,5069851568,4.177,0.2,buy,False,2022-09-30T13:48:56.613460+00:00
525,5069851043,4.195,0.2,sell,False,2022-09-30T13:48:52.755752+00:00
526,5069850995,4.195,0.1,sell,False,2022-09-30T13:48:51.965880+00:00
527,5069850423,4.177,0.1,buy,False,2022-09-30T13:48:45.376710+00:00
528,5069850326,4.177,0.1,buy,False,2022-09-30T13:48:44.838330+00:00
529,5069850243,4.196,0.1,sell,False,2022-09-30T13:48:44.314426+00:00
530,5069849106,4.199,0.2,sell,False,2022-09-30T13:48:38.603049+00:00
531,5069848059,4.176,0.2,buy,False,2022-09-30T13:48:25.469845+00:00
532,5069848034,4.211,0.2,sell,False,2022-09-30T13:48:25.326863+00:00
533,5069844902,4.192,0.2,buy,False,2022-09-30T13:48:16.217248+00:00
534,5069843810,4.242,0.2,sell,False,2022-09-30T13:48:10.121172+00:00
535,5069843769,4.223,0.2,buy,False,2022-09-30T13:48:09.585288+00:00
536,5069843645,4.242,0.2,sell,False,2022-09-30T13:48:09.052428+00:00
537,5069842872,4.223,0.2,buy,False,2022-09-30T13:48:04.463912+00:00
538,5069842063,4.223,0.2,buy,False,2022-09-30T13:47:58.432141+00:00
539,5069841977,4.242,0.2,sell,False,2022-09-30T13:47:57.911478+00:00
540,5069841845,4.242,0.2,sell,False,2022-09-30T13:47:56.324616+00:00
541,5069841218,4.216,0.2,buy,False,2022-09-30T13:47:49.435316+00:00
542,5069839765,4.227,0.1,sell,False,2022-09-30T13:47:35.211396+00:00
543,5069839724,4.208,0.1,buy,False,2022-09-30T13:47:34.523756+00:00
544,5069839418,4.227,0.3,sell,False,2022-09-30T13:47:32.848028+00:00
545,5069839382,4.208,0.3,buy,False,2022-09-30T13:47:32.312527+00:00
546,5069839352,4.208,0.2,buy,False,2022-09-30T13:47:31.746863+00:00
547,5069839269,4.227,0.2,sell,False,2022-09-30T13:47:31.173762+00:00
548,5069838300,4.208,0.1,buy,False,2022-09-30T13:47:19.859522+00:00
549,5069837779,4.235,0.1,sell,False,2022-09-30T13:47:13.362203+00:00
550,5069837054,4.211,0.2,buy,False,2022-09-30T13:47:06.850537+00:00
551,5069836986,4.235,0.2,sell,False,2022-09-30T13:47:06.316817+00:00
552,5069836861,4.211,0.2,buy,False,2022-09-30T13:47:04.609110+00:00
553,5069836784,4.235,0.2,sell,False,2022-09-30T13:47:04.079074+00:00
554,5069836726,4.211,0.2,buy,False,2022-09-30T13:47:03.494447+00:00
555,5069836698,4.235,0.2,sell,False,2022-09-30T13:47:02.980638+00:00
556,5069836592,4.211,0.1,buy,False,2022-09-30T13:47:02.175316+00:00
557,5069836484,4.235,0.1,sell,False,2022-09-30T13:47:01.651256+00:00
558,5069836353,4.211,0.2,buy,False,2022-09-30T13:47:00.982700+00:00
559,5069836250,4.235,0.2,sell,False,2022-09-30T13:47:00.452022+00:00
560,5069836175,4.235,0.1,sell,False,2022-09-30T13:46:59.855043+00:00
561,5069836147,4.211,0.1,buy,False,2022-09-30T13:46:59.205308+00:00
562,5069836116,4.235,0.2,sell,False,2022-09-30T13:46:58.679295+00:00
563,5069836104,4.211,0.2,buy,False,2022-09-30T13:46:58.117402+00:00
564,5069836039,4.211,0.2,buy,False,2022-09-30T13:46:56.977787+00:00
565,5069836022,4.235,0.2,sell,False,2022-09-30T13:46:56.439436+00:00
566,5069835946,4.235,0.2,sell,False,2022-09-30T13:46:55.128837+00:00
567,5069835914,4.211,0.2,buy,False,2022-09-30T13:46:54.570280+00:00
568,5069835885,4.211,0.3,buy,False,2022-09-30T13:46:54.036595+00:00
569,5069835839,4.235,0.3,sell,False,2022-09-30T13:46:53.447416+00:00
570,5069835778,4.236,0.1,sell,False,2022-09-30T13:46:52.687457+00:00
571,5069833053,4.211,0.1,buy,False,2022-09-30T13:46:25.648776+00:00
572,5069832959,4.226,0.2,buy,False,2022-09-30T13:46:25.018610+00:00
573,5069832839,4.246,0.2,sell,False,2022-09-30T13:46:24.479717+00:00
574,5069832694,4.246,0.2,sell,False,2022-09-30T13:46:23.702094+00:00
575,5069832656,4.226,0.2,buy,False,2022-09-30T13:46:23.165265+00:00
576,5069832386,4.226,0.2,buy,False,2022-09-30T13:46:21.888401+00:00
577,5069832238,4.246,0.2,sell,False,2022-09-30T13:46:21.370806+00:00
578,5069831601,4.226,0.3,buy,False,2022-09-30T13:46:19.993724+00:00
579,5069831233,4.246,0.3,sell,False,2022-09-30T13:46:19.469894+00:00
580,5069830999,4.226,0.1,buy,False,2022-09-30T13:46:18.772955+00:00
581,5069830780,4.246,0.1,sell,False,2022-09-30T13:46:18.115009+00:00
582,5069830708,4.246,0.2,sell,False,2022-09-30T13:46:17.582672+00:00
583,5069830632,4.226,0.2,buy,False,2022-09-30T13:46:17.036996+00:00
584,5069830606,4.246,0.1,sell,False,2022-09-30T13:46:16.501412+00:00
585,5069830542,4.226,0.1,buy,False,2022-09-30T13:46:15.966838+00:00
586,5069830376,4.226,0.3,buy,False,2022-09-30T13:46:14.454332+00:00
587,5069830331,4.246,0.3,sell,False,2022-09-30T13:46:13.916377+00:00
588,5069830128,4.246,0.1,sell,False,2022-09-30T13:46:12.187153+00:00
589,5069830093,4.226,0.1,buy,False,2022-09-30T13:46:11.550002+00:00
590,5069829951,4.226,0.2,buy,False,2022-09-30T13:46:10.430653+00:00
591,5069829928,4.246,0.2,sell,False,2022-09-30T13:46:09.849059+00:00
592,5069829891,4.226,0.2,buy,False,2022-09-30T13:46:09.032937+00:00
593,5069829837,4.246,0.2,sell,False,2022-09-30T13:46:08.417544+00:00
594,5069829749,4.226,0.3,buy,False,2022-09-30T13:46:07.776701+00:00
595,5069829654,4.246,0.3,sell,False,2022-09-30T13:46:07.142815+00:00
596,5069829623,4.226,0.2,buy,False,2022-09-30T13:46:06.608447+00:00
597,5069829592,4.246,0.2,sell,False,2022-09-30T13:46:06.074751+00:00
598,5069829547,4.226,0.2,buy,False,2022-09-30T13:46:05.415572+00:00
599,5069829526,4.246,0.2,sell,False,2022-09-30T13:46:04.895218+00:00
600,5069829492,4.246,0.3,sell,False,2022-09-30T13:46:04.087763+00:00
601,5069829459,4.226,0.3,buy,False,2022-09-30T13:46:03.562171+00:00
602,5069829407,4.226,0.1,buy,False,2022-09-30T13:46:02.946365+00:00
603,5069829343,4.246,0.1,sell,False,2022-09-30T13:46:02.437432+00:00
604,5069829263,4.246,0.3,sell,False,2022-09-30T13:46:01.881763+00:00
605,5069829187,4.226,0.3,buy,False,2022-09-30T13:46:01.355573+00:00
606,5069829088,4.226,0.2,buy,False,2022-09-30T13:46:00.564888+00:00
607,5069828987,4.246,0.2,sell,False,2022-09-30T13:45:59.485424+00:00
608,5069828781,4.246,0.2,sell,False,2022-09-30T13:45:57.922793+00:00
609,5069828741,4.223,0.2,buy,False,2022-09-30T13:45:57.392149+00:00
610,5069828657,4.246,0.2,sell,False,2022-09-30T13:45:56.243904+00:00
611,5069828638,4.223,0.2,buy,False,2022-09-30T13:45:55.754833+00:00
612,5069828597,4.246,0.2,sell,False,2022-09-30T13:45:55.069858+00:00
613,5069828561,4.223,0.2,buy,False,2022-09-30T13:45:54.517526+00:00
614,5069828474,4.223,0.1,buy,False,2022-09-30T13:45:53.576850+00:00
615,5069828430,4.246,0.1,sell,False,2022-09-30T13:45:53.034227+00:00
616,5069828281,4.223,0.1,buy,False,2022-09-30T13:45:51.590824+00:00
617,5069828216,4.242,0.1,sell,False,2022-09-30T13:45:50.917150+00:00
618,5069828100,4.223,0.1,buy,False,2022-09-30T13:45:50.342531+00:00
619,5069828012,4.242,0.1,sell,False,2022-09-30T13:45:49.797329+00:00
620,5069827945,4.223,0.1,buy,False,2022-09-30T13:45:49.205822+00:00
621,5069827929,4.242,0.1,sell,False,2022-09-30T13:45:48.638412+00:00
622,5069827849,4.242,0.2,sell,False,2022-09-30T13:45:47.325572+00:00
623,5069827483,4.221,2.3,buy,False,2022-09-30T13:45:45.840528+00:00
624,5069800565,4.17,0.2,buy,False,2022-09-30T13:42:52.516997+00:00
625,5069800365,4.174,0.2,buy,False,2022-09-30T13:42:51.988078+00:00
626,5069797471,4.193,0.2,sell,False,2022-09-30T13:42:43.690752+00:00
627,5069797307,4.163,0.1,buy,False,2022-09-30T13:42:42.345429+00:00
628,5069797286,4.193,0.1,sell,False,2022-09-30T13:42:41.833239+00:00
629,5069797207,4.163,0.2,buy,False,2022-09-30T13:42:41.168936+00:00
630,5069796160,4.182,0.2,sell,False,2022-09-30T13:42:35.095342+00:00
631,5069796063,4.182,0.2,sell,False,2022-09-30T13:42:34.094153+00:00
632,5069796002,4.156,0.2,buy,False,2022-09-30T13:42:33.571777+00:00
633,5069795921,4.156,0.2,buy,False,2022-09-30T13:42:32.860527+00:00
634,5069795869,4.182,0.2,sell,False,2022-09-30T13:42:32.332564+00:00
635,5069795664,4.182,0.1,sell,False,2022-09-30T13:42:31.063249+00:00
636,5069795540,4.156,0.1,buy,False,2022-09-30T13:42:30.541847+00:00
637,5069795468,4.182,0.3,sell,False,2022-09-30T13:42:29.817098+00:00
638,5069795403,4.156,0.3,buy,False,2022-09-30T13:42:29.137412+00:00
639,5069795354,4.156,0.2,buy,False,2022-09-30T13:42:28.594406+00:00
640,5069795230,4.182,0.2,sell,False,2022-09-30T13:42:27.958117+00:00
641,5069795126,4.182,0.1,sell,False,2022-09-30T13:42:27.046297+00:00
642,5069795073,4.156,0.1,buy,False,2022-09-30T13:42:26.428179+00:00
643,5069795009,4.182,0.1,sell,False,2022-09-30T13:42:25.880448+00:00
644,5069794908,4.156,0.1,buy,False,2022-09-30T13:42:25.584211+00:00
645,5069794830,4.156,0.1,buy,False,2022-09-30T13:42:25.257560+00:00
646,5069777443,4.168,0.1,sell,False,2022-09-30T13:40:39.699482+00:00
647,5069777406,4.168,0.1,sell,False,2022-09-30T13:40:39.115348+00:00
648,5069777364,4.178,2.4,sell,False,2022-09-30T13:40:38.401950+00:00
649,5069777340,4.178,2.3,sell,False,2022-09-30T13:40:37.869516+00:00
650,5069777335,4.151,0.1,buy,False,2022-09-30T13:40:37.786122+00:00
651,5069776999,4.147,0.2,buy,False,2022-09-30T13:40:33.293951+00:00
652,5069776946,4.168,0.2,sell,False,2022-09-30T13:40:32.764387+00:00
653,5069776913,4.147,0.1,buy,False,2022-09-30T13:40:32.204567+00:00
654,5069776308,4.165,0.1,sell,False,2022-09-30T13:40:27.270490+00:00
655,5069775882,4.136,0.2,buy,False,2022-09-30T13:40:20.844063+00:00
656,5069775838,4.158,0.2,sell,False,2022-09-30T13:40:20.309457+00:00
657,5069775695,4.158,0.2,sell,False,2022-09-30T13:40:19.619838+00:00
658,5069775647,4.136,0.2,buy,False,2022-09-30T13:40:19.085946+00:00
659,5069775607,4.158,0.2,sell,False,2022-09-30T13:40:18.549557+00:00
660,5069775350,4.14,0.2,buy,False,2022-09-30T13:40:15.836474+00:00
661,5069775225,4.14,0.1,buy,False,2022-09-30T13:40:15.287948+00:00
662,5069775168,4.159,0.1,sell,False,2022-09-30T13:40:14.759013+00:00
663,5069775068,4.159,0.2,sell,False,2022-09-30T13:40:13.752246+00:00
664,5069774963,4.14,0.2,buy,False,2022-09-30T13:40:13.221937+00:00
665,5069774925,4.163,0.2,sell,False,2022-09-30T13:40:12.632390+00:00
666,5069774875,4.14,0.2,buy,False,2022-09-30T13:40:12.123649+00:00
667,5069774731,4.163,0.1,sell,False,2022-09-30T13:40:11.316547+00:00
668,5069774702,4.14,0.1,buy,False,2022-09-30T13:40:10.779311+00:00
669,5069774621,4.163,0.1,sell,False,2022-09-30T13:40:10.240465+00:00
670,5069774448,4.14,0.1,buy,False,2022-09-30T13:40:09.614810+00:00
671,5069774336,4.163,0.2,sell,False,2022-09-30T13:40:08.823961+00:00
672,5069774301,4.14,0.2,buy,False,2022-09-30T13:40:08.289545+00:00
673,5069774245,4.163,0.2,sell,False,2022-09-30T13:40:07.619166+00:00
674,5069774187,4.14,0.2,buy,False,2022-09-30T13:40:07.088395+00:00
675,5069774023,4.163,0.1,sell,False,2022-09-30T13:40:05.507725+00:00
676,5069773148,4.137,0.1,buy,False,2022-09-30T13:39:58.162570+00:00
677,5069771069,4.154,0.2,sell,False,2022-09-30T13:39:47.778241+00:00
678,5069767853,4.114,0.2,buy,False,2022-09-30T13:39:28.972483+00:00
679,5069767672,4.114,0.2,buy,False,2022-09-30T13:39:27.471156+00:00
680,5069765237,4.135,0.2,sell,False,2022-09-30T13:39:08.351837+00:00
681,5069764386,4.136,0.2,sell,False,2022-09-30T13:39:01.769887+00:00
682,5069760906,4.103,0.2,buy,False,2022-09-30T13:38:41.287239+00:00
683,5069760794,4.129,0.2,sell,False,2022-09-30T13:38:40.375864+00:00
684,5069760729,4.103,0.2,buy,False,2022-09-30T13:38:39.853271+00:00
685,5069760450,4.103,0.3,buy,False,2022-09-30T13:38:39.123533+00:00
686,5069760275,4.129,0.3,sell,False,2022-09-30T13:38:38.938392+00:00
687,5069759901,4.11,0.2,buy,False,2022-09-30T13:38:38.345366+00:00
688,5069759733,4.129,0.2,sell,False,2022-09-30T13:38:37.744583+00:00
689,5069759375,4.13,0.2,sell,False,2022-09-30T13:38:36.606781+00:00
690,5069759177,4.11,0.2,buy,False,2022-09-30T13:38:36.069840+00:00
691,5069758720,4.11,0.1,buy,False,2022-09-30T13:38:35.492155+00:00
692,5069758465,4.13,0.1,sell,False,2022-09-30T13:38:34.952087+00:00
693,5069758395,4.11,0.2,buy,False,2022-09-30T13:38:34.405676+00:00
694,5069758353,4.13,0.2,sell,False,2022-09-30T13:38:33.868836+00:00
695,5069758329,4.11,0.2,buy,False,2022-09-30T13:38:33.359934+00:00
696,5069758294,4.13,0.2,sell,False,2022-09-30T13:38:32.819285+00:00
697,5069758244,4.11,0.2,buy,False,2022-09-30T13:38:32.006255+00:00
698,5069758201,4.13,0.2,sell,False,2022-09-30T13:38:31.444833+00:00
699,5069756069,4.098,0.3,buy,False,2022-09-30T13:38:13.945270+00:00
700,5069754700,4.13,0.3,sell,False,2022-09-30T13:38:06.523478+00:00
701,5069754616,4.13,0.3,sell,False,2022-09-30T13:38:05.659448+00:00
702,5069751054,4.107,0.3,buy,False,2022-09-30T13:37:38.644547+00:00
703,5069751021,4.133,0.2,sell,False,2022-09-30T13:37:38.110130+00:00
704,5069750825,4.107,0.2,buy,False,2022-09-30T13:37:35.304397+00:00
705,5069749284,4.1,0.2,buy,False,2022-09-30T13:37:27.229907+00:00
706,5069748604,4.087,3.9,sell,False,2022-09-30T13:37:21.485324+00:00
707,5069748574,4.087,19.0,sell,False,2022-09-30T13:37:21.299809+00:00
708,5069748572,4.087,14.4,sell,False,2022-09-30T13:37:21.234402+00:00
709,5069748571,4.12,9.8,sell,False,2022-09-30T13:37:21.234402+00:00
710,5069748521,4.137,0.2,sell,False,2022-09-30T13:37:20.554784+00:00
711,5069745451,4.156,4.0,sell,False,2022-09-30T13:37:01.787744+00:00
712,5069744404,4.169,7.0,sell,False,2022-09-30T13:36:51.023270+00:00
713,5069744149,4.18,4.0,sell,False,2022-09-30T13:36:47.164450+00:00
714,5069743492,4.195,0.1,sell,False,2022-09-30T13:36:42.553984+00:00
715,5069740723,4.2,0.1,buy,False,2022-09-30T13:36:25.026281+00:00
716,5069740675,4.233,0.3,sell,False,2022-09-30T13:36:24.486189+00:00
717,5069740431,4.205,0.3,buy,False,2022-09-30T13:36:20.941861+00:00
718,5069739948,4.211,0.2,buy,False,2022-09-30T13:36:15.247528+00:00
719,5069739545,4.247,0.2,sell,False,2022-09-30T13:36:09.102131+00:00
720,5069739527,4.218,0.1,buy,False,2022-09-30T13:36:08.519326+00:00
721,5069739503,4.247,0.1,sell,False,2022-09-30T13:36:07.984561+00:00
722,5069739438,4.247,0.1,sell,False,2022-09-30T13:36:07.439791+00:00
723,5069739417,4.218,0.1,buy,False,2022-09-30T13:36:06.909375+00:00
724,5069739351,4.218,0.1,buy,False,2022-09-30T13:36:06.167539+00:00
725,5069739323,4.247,0.1,sell,False,2022-09-30T13:36:05.606284+00:00
726,5069739309,4.247,0.1,sell,False,2022-09-30T13:36:05.070677+00:00
727,5069739285,4.218,0.1,buy,False,2022-09-30T13:36:04.543819+00:00
728,5069739248,4.218,0.2,buy,False,2022-09-30T13:36:04.010309+00:00
729,5069739189,4.247,0.2,sell,False,2022-09-30T13:36:03.347141+00:00
730,5069739032,4.247,0.3,sell,False,2022-09-30T13:36:02.154898+00:00
731,5069738939,4.218,0.3,buy,False,2022-09-30T13:36:01.601236+00:00
732,5069738914,4.218,0.2,buy,False,2022-09-30T13:36:01.033909+00:00
733,5069738891,4.247,0.2,sell,False,2022-09-30T13:36:00.497348+00:00
734,5069738842,4.218,0.3,buy,False,2022-09-30T13:35:59.891408+00:00
735,5069738789,4.247,0.3,sell,False,2022-09-30T13:35:59.343830+00:00
736,5069738756,4.218,0.1,buy,False,2022-09-30T13:35:58.764318+00:00
737,5069738728,4.247,0.1,sell,False,2022-09-30T13:35:58.237271+00:00
738,5069738690,4.218,0.2,buy,False,2022-09-30T13:35:57.785304+00:00
739,5069738663,4.247,0.2,sell,False,2022-09-30T13:35:57.198063+00:00
740,5069738474,4.247,0.3,sell,False,2022-09-30T13:35:55.864990+00:00
741,5069738361,4.218,0.3,buy,False,2022-09-30T13:35:55.194910+00:00
742,5069738321,4.219,0.2,buy,False,2022-09-30T13:35:54.337692+00:00
743,5069738262,4.247,0.2,sell,False,2022-09-30T13:35:53.775286+00:00
744,5069738220,4.247,0.1,sell,False,2022-09-30T13:35:53.107945+00:00
745,5069738160,4.219,0.1,buy,False,2022-09-30T13:35:52.574194+00:00
746,5069738079,4.247,0.1,sell,False,2022-09-30T13:35:51.608411+00:00
747,5069737971,4.219,0.1,buy,False,2022-09-30T13:35:51.074263+00:00
748,5069737720,4.219,0.1,buy,False,2022-09-30T13:35:50.416093+00:00
749,5069737529,4.247,0.1,sell,False,2022-09-30T13:35:49.837034+00:00
750,5069737332,4.247,0.2,sell,False,2022-09-30T13:35:48.247697+00:00
751,5069737278,4.219,0.2,buy,False,2022-09-30T13:35:47.706421+00:00
752,5069737074,4.247,0.2,sell,False,2022-09-30T13:35:45.860410+00:00
753,5069736994,4.219,0.2,buy,False,2022-09-30T13:35:45.318348+00:00
754,5069736870,4.247,0.2,sell,False,2022-09-30T13:35:44.039661+00:00
755,5069736797,4.219,0.2,buy,False,2022-09-30T13:35:43.512413+00:00
756,5069736761,4.247,0.2,sell,False,2022-09-30T13:35:42.968732+00:00
757,5069733199,4.22,0.2,buy,False,2022-09-30T13:35:21.673707+00:00
758,5069732865,4.22,0.2,buy,False,2022-09-30T13:35:20.358625+00:00
759,5069732807,4.258,0.2,sell,False,2022-09-30T13:35:20.054304+00:00
760,5069731641,4.259,0.1,sell,False,2022-09-30T13:35:13.383437+00:00
761,5069731559,4.231,0.1,buy,False,2022-09-30T13:35:12.704996+00:00
762,5069731415,4.259,0.2,sell,False,2022-09-30T13:35:11.830048+00:00
763,5069731274,4.231,0.2,buy,False,2022-09-30T13:35:11.227048+00:00
764,5069731163,4.259,0.2,sell,False,2022-09-30T13:35:10.710955+00:00
765,5069730073,4.231,0.2,buy,False,2022-09-30T13:35:04.037704+00:00
766,5069729939,4.2,0.2,buy,False,2022-09-30T13:35:03.049351+00:00
767,5069729901,4.268,0.2,sell,False,2022-09-30T13:35:02.866793+00:00
768,5069729700,4.268,0.1,sell,False,2022-09-30T13:35:01.940357+00:00
769,5069729625,4.217,0.1,buy,False,2022-09-30T13:35:01.406874+00:00
770,5069729470,4.287,0.3,sell,False,2022-09-30T13:35:00.748905+00:00
771,5069729419,4.217,0.3,buy,False,2022-09-30T13:35:00.185332+00:00
772,5069729389,4.287,0.1,sell,False,2022-09-30T13:34:59.634081+00:00
773,5069729374,4.217,0.1,buy,False,2022-09-30T13:34:59.111009+00:00
774,5069729345,4.287,0.2,sell,False,2022-09-30T13:34:58.344223+00:00
775,5069729269,4.217,0.2,buy,False,2022-09-30T13:34:57.768160+00:00
776,5069729148,4.217,0.2,buy,False,2022-09-30T13:34:56.937688+00:00
777,5069706881,4.263,0.2,sell,False,2022-09-30T13:32:56.304240+00:00
778,5069706745,4.264,0.1,sell,False,2022-09-30T13:32:54.775214+00:00
779,5069705532,4.2,0.1,buy,False,2022-09-30T13:32:42.762416+00:00
780,5069705133,4.266,0.1,sell,False,2022-09-30T13:32:41.368498+00:00
781,5069702332,4.2,0.1,buy,False,2022-09-30T13:32:23.661952+00:00
782,5069702291,4.2,0.2,buy,False,2022-09-30T13:32:22.515701+00:00
783,5069701793,4.286,0.2,sell,False,2022-09-30T13:32:15.598839+00:00
784,5069701743,4.286,0.2,sell,False,2022-09-30T13:32:15.115967+00:00
785,5069701115,4.2,0.2,buy,False,2022-09-30T13:32:07.942516+00:00
786,5069700588,4.267,0.1,sell,False,2022-09-30T13:32:03.352131+00:00
787,5069696073,4.2,0.1,buy,False,2022-09-30T13:31:31.842832+00:00
788,5069696056,4.279,0.2,sell,False,2022-09-30T13:31:31.693165+00:00
789,5069695652,4.208,0.2,buy,False,2022-09-30T13:31:26.544806+00:00
790,5069695428,4.208,0.2,buy,False,2022-09-30T13:31:24.896479+00:00
791,5069694443,4.293,0.2,sell,False,2022-09-30T13:31:18.874017+00:00
792,5069694034,4.293,0.3,sell,False,2022-09-30T13:31:16.988513+00:00
793,5069692167,4.205,0.3,buy,False,2022-09-30T13:31:10.691347+00:00
794,5069691906,4.205,0.2,buy,False,2022-09-30T13:31:09.690637+00:00
795,5069691705,4.275,0.2,sell,False,2022-09-30T13:31:08.298803+00:00
796,5069691420,4.2,0.2,buy,False,2022-09-30T13:31:06.792826+00:00
797,5069691345,4.276,0.2,sell,False,2022-09-30T13:31:06.208377+00:00
798,5069691132,4.2,0.1,buy,False,2022-09-30T13:31:05.155281+00:00
799,5069690900,4.276,0.1,sell,False,2022-09-30T13:31:04.617656+00:00
800,5069690485,4.319,0.3,sell,False,2022-09-30T13:31:03.275262+00:00
801,5069690438,4.2,0.3,buy,False,2022-09-30T13:31:02.996736+00:00
802,5069690388,4.2,0.2,buy,False,2022-09-30T13:31:02.448972+00:00
803,5069690306,4.319,0.2,sell,False,2022-09-30T13:31:01.854195+00:00
804,5069689857,4.2,0.2,buy,False,2022-09-30T13:31:00.168218+00:00
805,5069689812,4.319,0.2,sell,False,2022-09-30T13:30:59.640190+00:00
806,5069689446,4.319,0.1,sell,False,2022-09-30T13:30:57.544301+00:00
807,5069689417,4.2,0.1,buy,False,2022-09-30T13:30:57.402525+00:00
808,5069689352,4.2,0.3,buy,False,2022-09-30T13:30:56.714867+00:00
809,5069689275,4.319,0.3,sell,False,2022-09-30T13:30:56.176280+00:00
810,5069688964,4.2,0.1,buy,False,2022-09-30T13:30:54.772428+00:00
811,5069688852,4.319,0.1,sell,False,2022-09-30T13:30:54.236941+00:00
812,5069688682,4.319,0.2,sell,False,2022-09-30T13:30:53.319364+00:00
813,5069688670,4.2,0.2,buy,False,2022-09-30T13:30:53.135795+00:00
814,5069688600,4.2,0.3,buy,False,2022-09-30T13:30:52.553935+00:00
815,5069688501,4.319,0.3,sell,False,2022-09-30T13:30:51.973701+00:00
816,5069688391,4.2,0.1,buy,False,2022-09-30T13:30:51.161869+00:00
817,5069688288,4.319,0.1,sell,False,2022-09-30T13:30:50.554685+00:00
818,5069688095,4.319,0.2,sell,False,2022-09-30T13:30:50.016356+00:00
819,5069688060,4.2,0.2,buy,False,2022-09-30T13:30:49.478297+00:00
820,5069687887,4.319,0.1,sell,False,2022-09-30T13:30:48.705179+00:00
821,5069687773,4.2,0.1,buy,False,2022-09-30T13:30:48.190144+00:00
822,5069687520,4.2,0.2,buy,False,2022-09-30T13:30:47.490097+00:00
823,5069687388,4.319,0.2,sell,False,2022-09-30T13:30:46.957526+00:00
824,5069687219,4.2,0.1,buy,False,2022-09-30T13:30:45.679768+00:00
825,5069687211,4.319,0.1,sell,False,2022-09-30T13:30:45.517836+00:00
826,5069687152,4.2,0.1,buy,False,2022-09-30T13:30:44.675288+00:00
827,5069687102,4.319,0.1,sell,False,2022-09-30T13:30:44.450474+00:00
828,5069686882,4.326,0.1,sell,False,2022-09-30T13:30:42.393753+00:00
829,5069685229,4.25,0.1,buy,False,2022-09-30T13:30:31.952151+00:00
830,5069685119,4.326,0.2,sell,False,2022-09-30T13:30:30.512827+00:00
831,5069685102,4.25,0.2,buy,False,2022-09-30T13:30:29.963768+00:00
832,5069684480,4.2,0.2,buy,False,2022-09-30T13:30:23.699522+00:00
833,5069684452,4.33,0.2,sell,False,2022-09-30T13:30:23.517087+00:00
834,5069684303,4.33,0.1,sell,False,2022-09-30T13:30:22.129128+00:00
835,5069684267,4.2,0.1,buy,False,2022-09-30T13:30:21.599857+00:00
836,5069684176,4.2,0.4,buy,False,2022-09-30T13:30:20.842432+00:00
837,5069684112,4.33,0.4,sell,False,2022-09-30T13:30:20.522809+00:00
838,5069683937,4.2,0.2,buy,False,2022-09-30T13:30:19.418990+00:00
839,5069683923,4.33,0.2,sell,False,2022-09-30T13:30:19.191039+00:00
840,5069683873,4.2,0.2,buy,False,2022-09-30T13:30:18.580055+00:00
841,5069683819,4.33,0.2,sell,False,2022-09-30T13:30:18.397512+00:00
842,5069683741,4.33,0.1,sell,False,2022-09-30T13:30:17.678077+00:00
843,5069683636,4.2,0.1,buy,False,2022-09-30T13:30:17.195011+00:00
844,5069683601,4.33,0.1,sell,False,2022-09-30T13:30:16.982803+00:00
845,5069683546,4.2,0.1,buy,False,2022-09-30T13:30:16.316972+00:00
846,5069683340,4.33,0.2,sell,False,2022-09-30T13:30:15.592304+00:00
847,5069683215,4.2,0.2,buy,False,2022-09-30T13:30:15.070875+00:00
848,5069683125,4.33,0.3,sell,False,2022-09-30T13:30:14.248117+00:00
849,5069682971,4.2,0.3,buy,False,2022-09-30T13:30:13.651012+00:00
850,5069682700,4.331,0.2,sell,False,2022-09-30T13:30:12.622177+00:00
851,5069682634,4.2,0.2,buy,False,2022-09-30T13:30:12.079228+00:00
852,5069682461,4.315,0.1,sell,False,2022-09-30T13:30:11.103811+00:00
853,5069682259,4.2,0.1,buy,False,2022-09-30T13:30:10.543527+00:00
854,5069681926,4.2,0.2,buy,False,2022-09-30T13:30:09.884268+00:00
855,5069681836,4.315,0.2,sell,False,2022-09-30T13:30:09.346213+00:00
856,5069681581,4.315,0.3,sell,False,2022-09-30T13:30:08.523499+00:00
857,5069681542,4.2,0.3,buy,False,2022-09-30T13:30:07.994014+00:00
858,5069681326,4.331,0.2,sell,False,2022-09-30T13:30:06.892067+00:00
859,5069681305,4.2,0.2,buy,False,2022-09-30T13:30:06.664014+00:00
860,5069681254,4.2,0.3,buy,False,2022-09-30T13:30:06.138051+00:00
861,5069656985,4.236,0.3,sell,False,2022-09-30T13:24:45.366686+00:00
862,5069656974,4.236,0.1,sell,False,2022-09-30T13:24:44.767213+00:00
863,5069656951,4.2,0.1,buy,False,2022-09-30T13:24:44.214637+00:00
864,5069656815,4.2,0.3,buy,False,2022-09-30T13:24:41.878624+00:00
865,5069654981,4.241,0.3,sell,False,2022-09-30T13:24:09.391977+00:00
866,5069654638,4.241,0.2,sell,False,2022-09-30T13:24:08.483336+00:00
867,5069654345,4.213,0.2,buy,False,2022-09-30T13:24:07.909543+00:00
868,5069654312,4.213,0.2,buy,False,2022-09-30T13:24:06.374680+00:00
869,5069654286,4.241,0.2,sell,False,2022-09-30T13:24:05.847140+00:00
870,5069654239,4.213,0.2,buy,False,2022-09-30T13:24:05.136287+00:00
871,5069654231,4.241,0.2,sell,False,2022-09-30T13:24:04.611590+00:00
872,5069654172,4.213,0.2,buy,False,2022-09-30T13:24:03.108306+00:00
873,5069654140,4.241,0.2,sell,False,2022-09-30T13:24:02.504115+00:00
874,5069654099,4.241,0.1,sell,False,2022-09-30T13:24:01.953799+00:00
875,5069654066,4.213,0.1,buy,False,2022-09-30T13:24:01.364794+00:00
876,5069653913,4.241,0.1,sell,False,2022-09-30T13:24:00.818586+00:00
877,5069653863,4.213,0.1,buy,False,2022-09-30T13:24:00.266480+00:00
878,5069653832,4.241,0.2,sell,False,2022-09-30T13:23:58.907436+00:00
879,5069652792,4.208,0.2,buy,False,2022-09-30T13:23:43.916539+00:00
880,5069652523,4.236,0.1,sell,False,2022-09-30T13:23:38.232560+00:00
881,5069652331,4.208,0.1,buy,False,2022-09-30T13:23:35.260333+00:00
882,5069652259,4.208,0.1,buy,False,2022-09-30T13:23:34.392634+00:00
883,5069652246,4.236,0.1,sell,False,2022-09-30T13:23:33.837679+00:00
884,5069652224,4.236,0.2,sell,False,2022-09-30T13:23:33.010836+00:00
885,5069652208,4.208,0.2,buy,False,2022-09-30T13:23:32.473386+00:00
886,5069652176,4.236,0.1,sell,False,2022-09-30T13:23:31.797398+00:00
887,5069652152,4.208,0.1,buy,False,2022-09-30T13:23:31.268961+00:00
888,5069652093,4.208,0.1,buy,False,2022-09-30T13:23:30.474139+00:00
889,5069652060,4.236,0.1,sell,False,2022-09-30T13:23:29.937879+00:00
890,5069652041,4.236,0.1,sell,False,2022-09-30T13:23:29.396917+00:00
891,5069651960,4.208,0.1,buy,False,2022-09-30T13:23:28.860465+00:00
892,5069651740,4.236,0.2,sell,False,2022-09-30T13:23:27.601545+00:00
893,5069651716,4.208,0.2,buy,False,2022-09-30T13:23:27.079741+00:00
894,5069651681,4.236,0.3,sell,False,2022-09-30T13:23:26.390159+00:00
895,5069651602,4.208,0.3,buy,False,2022-09-30T13:23:25.866226+00:00
896,5069651531,4.208,0.2,buy,False,2022-09-30T13:23:24.606723+00:00
897,5069651511,4.236,0.2,sell,False,2022-09-30T13:23:24.079269+00:00
898,5069651493,4.236,0.1,sell,False,2022-09-30T13:23:23.166593+00:00
899,5069651460,4.208,0.1,buy,False,2022-09-30T13:23:22.499547+00:00
900,5069651434,4.236,0.2,sell,False,2022-09-30T13:23:21.813677+00:00
901,5069651418,4.208,0.2,buy,False,2022-09-30T13:23:21.282343+00:00
902,5069651349,4.208,0.2,buy,False,2022-09-30T13:23:19.752298+00:00
903,5069651331,4.236,0.2,sell,False,2022-09-30T13:23:19.186143+00:00
904,5069651248,4.236,0.1,sell,False,2022-09-30T13:23:18.322155+00:00
905,5069651214,4.208,0.1,buy,False,2022-09-30T13:23:17.767405+00:00
906,5069651186,4.208,0.3,buy,False,2022-09-30T13:23:17.217296+00:00
907,5069651086,4.236,0.3,sell,False,2022-09-30T13:23:16.042696+00:00
908,5069650995,4.236,0.1,sell,False,2022-09-30T13:23:15.514267+00:00
909,5069650943,4.208,0.1,buy,False,2022-09-30T13:23:14.981369+00:00
910,5069650893,4.236,0.3,sell,False,2022-09-30T13:23:14.451267+00:00
911,5069650869,4.208,0.3,buy,False,2022-09-30T13:23:13.846704+00:00
912,5069650608,4.208,0.2,buy,False,2022-09-30T13:23:12.114825+00:00
913,5069650585,4.236,0.2,sell,False,2022-09-30T13:23:11.570465+00:00
914,5069650543,4.237,0.2,sell,False,2022-09-30T13:23:10.692799+00:00
915,5069650524,4.208,0.2,buy,False,2022-09-30T13:23:10.151905+00:00
916,5069650506,4.208,0.2,buy,False,2022-09-30T13:23:09.620953+00:00
917,5069650499,4.237,0.2,sell,False,2022-09-30T13:23:09.084007+00:00
918,5069650421,4.208,0.2,buy,False,2022-09-30T13:23:07.561659+00:00
919,5069650343,4.237,0.2,sell,False,2022-09-30T13:23:07.032988+00:00
920,5069650302,4.208,0.1,buy,False,2022-09-30T13:23:05.798778+00:00
921,5069650265,4.241,0.1,sell,False,2022-09-30T13:23:05.265393+00:00
922,5069650256,4.241,0.1,sell,False,2022-09-30T13:23:04.713373+00:00
923,5069650249,4.208,0.1,buy,False,2022-09-30T13:23:04.161290+00:00
924,5069650199,4.241,0.2,sell,False,2022-09-30T13:23:03.059102+00:00
925,5069650184,4.208,0.2,buy,False,2022-09-30T13:23:02.561169+00:00
926,5069650124,4.208,0.1,buy,False,2022-09-30T13:23:01.359366+00:00
927,5069650103,4.241,0.1,sell,False,2022-09-30T13:23:00.827572+00:00
928,5069650064,4.208,0.2,buy,False,2022-09-30T13:22:59.969409+00:00
929,5069648598,4.241,0.2,sell,False,2022-09-30T13:22:38.386371+00:00
930,5069648181,4.241,0.1,sell,False,2022-09-30T13:22:32.344467+00:00
931,5069648163,4.213,0.1,buy,False,2022-09-30T13:22:31.812248+00:00
932,5069648119,4.213,0.2,buy,False,2022-09-30T13:22:31.003948+00:00
933,5069648102,4.241,0.2,sell,False,2022-09-30T13:22:30.478491+00:00
934,5069648090,4.241,0.2,sell,False,2022-09-30T13:22:29.696900+00:00
935,5069648065,4.213,0.2,buy,False,2022-09-30T13:22:29.171150+00:00
936,5069648028,4.241,0.1,sell,False,2022-09-30T13:22:28.355032+00:00
937,5069648007,4.213,0.1,buy,False,2022-09-30T13:22:27.828459+00:00
938,5069647988,4.241,0.2,sell,False,2022-09-30T13:22:27.276801+00:00
939,5069647977,4.213,0.2,buy,False,2022-09-30T13:22:26.680447+00:00
940,5069647948,4.213,0.2,buy,False,2022-09-30T13:22:25.897328+00:00
941,5069647921,4.241,0.2,sell,False,2022-09-30T13:22:25.314847+00:00
942,5069647912,4.241,0.2,sell,False,2022-09-30T13:22:24.500450+00:00
943,5069647898,4.213,0.2,buy,False,2022-09-30T13:22:23.965819+00:00
944,5069647882,4.241,0.2,sell,False,2022-09-30T13:22:23.134746+00:00
945,5069647870,4.213,0.2,buy,False,2022-09-30T13:22:22.602478+00:00
946,5069647854,4.213,0.1,buy,False,2022-09-30T13:22:21.852040+00:00
947,5069647828,4.241,0.1,sell,False,2022-09-30T13:22:21.303460+00:00
948,5069647793,4.2,0.3,buy,False,2022-09-30T13:22:20.776353+00:00
949,5069647762,4.241,0.3,sell,False,2022-09-30T13:22:20.550244+00:00
950,5069647698,4.241,0.2,sell,False,2022-09-30T13:22:19.473141+00:00
951,5069647686,4.2,0.2,buy,False,2022-09-30T13:22:18.935025+00:00
952,5069647636,4.2,0.3,buy,False,2022-09-30T13:22:17.946082+00:00
953,5069647634,4.241,0.3,sell,False,2022-09-30T13:22:17.751266+00:00
954,5069647608,4.2,0.2,buy,False,2022-09-30T13:22:17.115286+00:00
955,5069647603,4.241,0.2,sell,False,2022-09-30T13:22:16.937906+00:00
956,5069647594,4.2,0.2,buy,False,2022-09-30T13:22:16.377770+00:00
957,5069647588,4.241,0.2,sell,False,2022-09-30T13:22:16.215805+00:00
958,5069647555,4.2,0.1,buy,False,2022-09-30T13:22:15.180379+00:00
959,5069647551,4.241,0.1,sell,False,2022-09-30T13:22:14.994834+00:00
960,5069647517,4.2,0.2,buy,False,2022-09-30T13:22:13.777388+00:00
961,5069647515,4.241,0.2,sell,False,2022-09-30T13:22:13.618899+00:00
962,5069647420,4.2,0.2,buy,False,2022-09-30T13:22:12.195279+00:00
963,5069647404,4.241,0.2,sell,False,2022-09-30T13:22:12.034217+00:00
964,5069647259,4.241,0.1,sell,False,2022-09-30T13:22:11.273422+00:00
965,5069647248,4.2,0.1,buy,False,2022-09-30T13:22:10.620330+00:00
966,5069647210,4.241,0.3,sell,False,2022-09-30T13:22:09.610852+00:00
967,5069647193,4.2,0.3,buy,False,2022-09-30T13:22:09.095150+00:00
968,5069647188,4.241,0.1,sell,False,2022-09-30T13:22:08.750601+00:00
969,5069647154,4.2,0.1,buy,False,2022-09-30T13:22:08.191368+00:00
970,5069646348,4.241,0.1,sell,False,2022-09-30T13:21:55.840307+00:00
971,5069642638,4.216,0.1,buy,False,2022-09-30T13:21:01.941807+00:00
972,5069642165,4.216,0.2,buy,False,2022-09-30T13:20:54.300893+00:00
973,5069640477,4.242,0.2,sell,False,2022-09-30T13:20:25.792730+00:00
974,5069640385,4.242,0.2,sell,False,2022-09-30T13:20:24.463241+00:00
975,5069640266,4.216,0.2,buy,False,2022-09-30T13:20:23.111334+00:00
976,5069640186,4.216,0.2,buy,False,2022-09-30T13:20:22.008663+00:00
977,5069639805,4.246,0.2,sell,False,2022-09-30T13:20:18.152519+00:00
978,5069639711,4.246,0.2,sell,False,2022-09-30T13:20:17.273767+00:00
979,5069639672,4.216,0.2,buy,False,2022-09-30T13:20:16.643747+00:00
980,5069639575,4.216,0.2,buy,False,2022-09-30T13:20:16.112002+00:00
981,5069639538,4.246,0.2,sell,False,2022-09-30T13:20:15.574528+00:00
982,5069639452,4.246,0.1,sell,False,2022-09-30T13:20:14.555581+00:00
983,5069639406,4.216,0.1,buy,False,2022-09-30T13:20:13.925298+00:00
984,5069639341,4.216,0.2,buy,False,2022-09-30T13:20:12.685818+00:00
985,5069639308,4.246,0.2,sell,False,2022-09-30T13:20:12.152707+00:00
986,5069639286,4.216,0.2,buy,False,2022-09-30T13:20:11.611709+00:00
987,5069638426,4.246,0.2,sell,False,2022-09-30T13:20:04.985427+00:00
988,5069638391,4.246,0.2,sell,False,2022-09-30T13:20:04.369730+00:00
989,5069632372,4.216,0.2,buy,False,2022-09-30T13:18:51.129399+00:00
990,5069632270,4.246,0.3,sell,False,2022-09-30T13:18:50.952087+00:00
991,5069632194,4.216,0.3,buy,False,2022-09-30T13:18:49.525687+00:00
992,5069632179,4.246,0.2,sell,False,2022-09-30T13:18:48.998260+00:00
993,5069632033,4.216,0.2,buy,False,2022-09-30T13:18:45.754139+00:00
994,5069631978,4.216,0.2,buy,False,2022-09-30T13:18:44.977657+00:00
995,5069631925,4.246,0.2,sell,False,2022-09-30T13:18:44.344677+00:00
996,5069631732,4.246,0.1,sell,False,2022-09-30T13:18:43.663477+00:00
997,5069631714,4.216,0.1,buy,False,2022-09-30T13:18:43.128679+00:00
998,5069631678,4.246,0.2,sell,False,2022-09-30T13:18:42.242706+00:00
999,5069631659,4.216,0.2,buy,False,2022-09-30T13:18:41.711637+00:00
1000,5069631622,4.216,0.1,buy,False,2022-09-30T13:18:40.757551+00:00
1001,5069631599,4.246,0.1,sell,False,2022-09-30T13:18:40.185731+00:00
1002,5069631577,4.216,0.1,buy,False,2022-09-30T13:18:39.657870+00:00
1003,5069631552,4.246,0.1,sell,False,2022-09-30T13:18:39.132035+00:00
1004,5069631492,4.216,0.2,buy,False,2022-09-30T13:18:38.594087+00:00
1005,5069631326,4.246,0.2,sell,False,2022-09-30T13:18:37.990986+00:00
1006,5069631308,4.246,0.2,sell,False,2022-09-30T13:18:37.405453+00:00
1007,5069631294,4.216,0.2,buy,False,2022-09-30T13:18:36.869400+00:00
1008,5069631252,4.246,0.1,sell,False,2022-09-30T13:18:36.139874+00:00
1009,5069631220,4.216,0.1,buy,False,2022-09-30T13:18:35.576696+00:00
1010,5069631201,4.216,0.1,buy,False,2022-09-30T13:18:34.876738+00:00
1011,5069631118,4.246,0.1,sell,False,2022-09-30T13:18:34.230847+00:00
1012,5069630974,4.246,0.3,sell,False,2022-09-30T13:18:33.196225+00:00
1013,5069630909,4.216,0.3,buy,False,2022-09-30T13:18:32.676018+00:00
1014,5069630784,4.246,0.1,sell,False,2022-09-30T13:18:31.355442+00:00
1015,5069630749,4.216,0.1,buy,False,2022-09-30T13:18:30.794711+00:00
1016,5069630712,4.216,0.3,buy,False,2022-09-30T13:18:30.264672+00:00
1017,5069630694,4.246,0.3,sell,False,2022-09-30T13:18:29.756586+00:00
1018,5069630652,4.246,0.2,sell,False,2022-09-30T13:18:28.555052+00:00
1019,5069630464,4.216,0.2,buy,False,2022-09-30T13:18:27.996168+00:00
1020,5069630441,4.246,0.3,sell,False,2022-09-30T13:18:27.344240+00:00
1021,5069630354,4.216,0.3,buy,False,2022-09-30T13:18:26.805068+00:00
1022,5069630318,4.216,0.1,buy,False,2022-09-30T13:18:26.255617+00:00
1023,5069630275,4.246,0.1,sell,False,2022-09-30T13:18:25.754114+00:00
1024,5069630250,4.216,0.2,buy,False,2022-09-30T13:18:25.250492+00:00
1025,5069630228,4.246,0.2,sell,False,2022-09-30T13:18:24.635433+00:00
1026,5069630200,4.246,0.2,sell,False,2022-09-30T13:18:23.983232+00:00
1027,5069630172,4.216,0.2,buy,False,2022-09-30T13:18:23.434924+00:00
1028,5069630106,4.246,0.1,sell,False,2022-09-30T13:18:22.317561+00:00
1029,5069630093,4.216,0.1,buy,False,2022-09-30T13:18:21.778178+00:00
1030,5069630008,4.216,0.2,buy,False,2022-09-30T13:18:20.051940+00:00
1031,5069629998,4.246,0.2,sell,False,2022-09-30T13:18:19.534442+00:00
1032,5069629970,4.246,0.2,sell,False,2022-09-30T13:18:18.695801+00:00
1033,5069629945,4.216,0.2,buy,False,2022-09-30T13:18:18.152804+00:00
1034,5069629875,4.246,0.2,sell,False,2022-09-30T13:18:17.303894+00:00
1035,5069629842,4.216,0.2,buy,False,2022-09-30T13:18:16.638259+00:00
1036,5069629781,4.246,0.1,sell,False,2022-09-30T13:18:16.025068+00:00
1037,5069629754,4.216,0.1,buy,False,2022-09-30T13:18:15.470339+00:00
1038,5069629734,4.246,0.2,sell,False,2022-09-30T13:18:14.919241+00:00
1039,5069629545,4.216,0.2,buy,False,2022-09-30T13:18:14.374281+00:00
1040,5069629524,4.246,0.1,sell,False,2022-09-30T13:18:13.541646+00:00
1041,5069629492,4.216,0.1,buy,False,2022-09-30T13:18:13.020105+00:00
1042,5069629383,4.246,0.1,sell,False,2022-09-30T13:18:12.053996+00:00
1043,5069629361,4.216,0.1,buy,False,2022-09-30T13:18:11.528513+00:00
1044,5069629334,4.216,0.3,buy,False,2022-09-30T13:18:10.994897+00:00
1045,5069629312,4.246,0.3,sell,False,2022-09-30T13:18:10.459457+00:00
1046,5069629178,4.246,0.2,sell,False,2022-09-30T13:18:09.513270+00:00
1047,5069629173,4.216,0.2,buy,False,2022-09-30T13:18:08.829364+00:00
1048,5069629106,4.246,0.2,sell,False,2022-09-30T13:18:07.132836+00:00
1049,5069629088,4.216,0.2,buy,False,2022-09-30T13:18:06.595010+00:00
1050,5069629040,4.246,0.3,sell,False,2022-09-30T13:18:05.460651+00:00
1051,5069629026,4.216,0.3,buy,False,2022-09-30T13:18:04.944396+00:00
1052,5069629008,4.216,0.2,buy,False,2022-09-30T13:18:04.284688+00:00
1053,5069628989,4.246,0.2,sell,False,2022-09-30T13:18:03.620030+00:00
1054,5069628947,4.216,0.2,buy,False,2022-09-30T13:18:02.987354+00:00
1055,5069628930,4.246,0.2,sell,False,2022-09-30T13:18:02.354824+00:00
1056,5069628894,4.216,0.2,buy,False,2022-09-30T13:18:01.767728+00:00
1057,5069628846,4.246,0.2,sell,False,2022-09-30T13:18:00.590765+00:00
1058,5069628801,4.246,0.2,sell,False,2022-09-30T13:17:59.301508+00:00
1059,5069628789,4.216,0.2,buy,False,2022-09-30T13:17:58.638562+00:00
1060,5069628735,4.246,0.2,sell,False,2022-09-30T13:17:57.985770+00:00
1061,5069624876,4.216,0.2,buy,False,2022-09-30T13:17:03.644028+00:00
1062,5069624295,4.242,0.3,sell,False,2022-09-30T13:16:52.436858+00:00
1063,5069624166,4.216,0.3,buy,False,2022-09-30T13:16:50.464474+00:00
1064,5069624085,4.216,0.1,buy,False,2022-09-30T13:16:49.832207+00:00
1065,5069622040,4.242,0.1,sell,False,2022-09-30T13:16:13.749755+00:00
1066,5069621880,4.216,0.2,buy,False,2022-09-30T13:16:11.893600+00:00
1067,5069619038,4.242,0.2,sell,False,2022-09-30T13:15:31.957547+00:00
1068,5069618731,4.242,0.1,sell,False,2022-09-30T13:15:28.678271+00:00
1069,5069613006,4.216,0.1,buy,False,2022-09-30T13:14:19.084459+00:00
1070,5069612083,4.216,0.2,buy,False,2022-09-30T13:14:02.193549+00:00
1071,5069611747,4.242,0.2,sell,False,2022-09-30T13:13:54.820878+00:00
1072,5069611453,4.216,0.2,buy,False,2022-09-30T13:13:52.323546+00:00
1073,5069610245,4.242,0.2,sell,False,2022-09-30T13:13:34.747890+00:00
1074,5069610060,4.242,0.2,sell,False,2022-09-30T13:13:32.011352+00:00
1075,5069608512,4.211,0.2,buy,False,2022-09-30T13:13:13.688798+00:00
1076,5069608457,4.211,0.2,buy,False,2022-09-30T13:13:13.168749+00:00
1077,5069608286,4.242,0.2,sell,False,2022-09-30T13:13:12.519334+00:00
1078,5069608068,4.242,0.2,sell,False,2022-09-30T13:13:11.669034+00:00
1079,5069608009,4.211,0.2,buy,False,2022-09-30T13:13:11.141359+00:00
1080,5069607926,4.242,0.2,sell,False,2022-09-30T13:13:10.556098+00:00
1081,5069607900,4.211,0.2,buy,False,2022-09-30T13:13:10.003993+00:00
1082,5069607865,4.242,0.2,sell,False,2022-09-30T13:13:09.273898+00:00
1083,5069607851,4.211,0.2,buy,False,2022-09-30T13:13:08.766809+00:00
1084,5069607828,4.242,0.2,sell,False,2022-09-30T13:13:08.191321+00:00
1085,5069607808,4.211,0.2,buy,False,2022-09-30T13:13:07.663960+00:00
1086,5069607773,4.242,0.3,sell,False,2022-09-30T13:13:06.827989+00:00
1087,5069607740,4.211,0.3,buy,False,2022-09-30T13:13:06.293233+00:00
1088,5069607584,4.242,0.2,sell,False,2022-09-30T13:13:05.061589+00:00
1089,5069607495,4.211,0.2,buy,False,2022-09-30T13:13:04.535288+00:00
1090,5069607431,4.242,0.3,sell,False,2022-09-30T13:13:03.846180+00:00
1091,5069607366,4.2,0.3,buy,False,2022-09-30T13:13:03.195122+00:00
1092,5069607336,4.242,0.2,sell,False,2022-09-30T13:13:02.080644+00:00
1093,5069607295,4.2,0.2,buy,False,2022-09-30T13:13:01.565394+00:00
1094,5069607187,4.2,0.2,buy,False,2022-09-30T13:13:00.206051+00:00
1095,5069606109,4.242,0.2,sell,False,2022-09-30T13:12:46.975980+00:00
1096,5069606027,4.242,0.2,sell,False,2022-09-30T13:12:46.453782+00:00
1097,5069605908,4.211,0.2,buy,False,2022-09-30T13:12:44.503562+00:00
1098,5069605904,4.242,0.2,sell,False,2022-09-30T13:12:44.308261+00:00
1099,5069599984,4.211,0.2,buy,False,2022-09-30T13:11:49.285612+00:00
1100,5069599912,4.211,0.2,buy,False,2022-09-30T13:11:48.757376+00:00
1101,5069599861,4.238,0.2,sell,False,2022-09-30T13:11:47.663026+00:00
1102,5069599805,4.211,0.2,buy,False,2022-09-30T13:11:46.696736+00:00
1103,5069599668,4.238,0.2,sell,False,2022-09-30T13:11:46.135081+00:00
1104,5069599644,4.211,0.1,buy,False,2022-09-30T13:11:45.619382+00:00
1105,5069599479,4.242,0.1,sell,False,2022-09-30T13:11:40.263857+00:00
1106,5069599461,4.242,0.2,sell,False,2022-09-30T13:11:39.761257+00:00
1107,5069599440,4.211,0.2,buy,False,2022-09-30T13:11:39.222798+00:00
1108,5069599363,4.242,0.2,sell,False,2022-09-30T13:11:37.870746+00:00
1109,5069599335,4.211,0.2,buy,False,2022-09-30T13:11:37.283699+00:00
1110,5069599301,4.211,0.3,buy,False,2022-09-30T13:11:35.897456+00:00
1111,5069599252,4.242,0.3,sell,False,2022-09-30T13:11:35.308428+00:00
1112,5069599103,4.242,0.1,sell,False,2022-09-30T13:11:33.658599+00:00
1113,5069599063,4.211,0.1,buy,False,2022-09-30T13:11:33.122457+00:00
1114,5069598812,4.242,0.1,sell,False,2022-09-30T13:11:32.166574+00:00
1115,5069598804,4.211,0.1,buy,False,2022-09-30T13:11:31.618766+00:00
1116,5069598751,4.211,0.1,buy,False,2022-09-30T13:11:30.704707+00:00
1117,5069598741,4.242,0.1,sell,False,2022-09-30T13:11:30.180431+00:00
1118,5069598725,4.242,0.2,sell,False,2022-09-30T13:11:29.647641+00:00
1119,5069598706,4.211,0.2,buy,False,2022-09-30T13:11:29.120077+00:00
1120,5069598654,4.242,0.2,sell,False,2022-09-30T13:11:27.918969+00:00
1121,5069585730,4.211,0.2,buy,False,2022-09-30T13:09:17.505126+00:00
1122,5069583621,4.211,0.1,buy,False,2022-09-30T13:08:58.924249+00:00
1123,5069583459,4.237,0.1,sell,False,2022-09-30T13:08:58.374067+00:00
1124,5069582767,4.195,0.1,buy,False,2022-09-30T13:08:51.687231+00:00
1125,5069581777,4.243,0.1,sell,False,2022-09-30T13:08:39.291391+00:00
1126,5069581701,4.214,0.1,buy,False,2022-09-30T13:08:38.236992+00:00
1127,5069581673,4.243,0.1,sell,False,2022-09-30T13:08:37.705616+00:00
1128,5069581635,4.243,0.1,sell,False,2022-09-30T13:08:37.124821+00:00
1129,5069581556,4.214,0.1,buy,False,2022-09-30T13:08:36.580935+00:00
1130,5069581458,4.214,0.2,buy,False,2022-09-30T13:08:36.040940+00:00
1131,5069581362,4.243,0.2,sell,False,2022-09-30T13:08:35.520389+00:00
1132,5069581278,4.214,0.2,buy,False,2022-09-30T13:08:34.795472+00:00
1133,5069581111,4.243,0.2,sell,False,2022-09-30T13:08:34.264213+00:00
1134,5069580887,4.243,0.1,sell,False,2022-09-30T13:08:33.704982+00:00
1135,5069580848,4.214,0.1,buy,False,2022-09-30T13:08:33.186206+00:00
1136,5069580746,4.214,0.2,buy,False,2022-09-30T13:08:31.905934+00:00
1137,5069580733,4.243,0.2,sell,False,2022-09-30T13:08:31.313555+00:00
1138,5069580697,4.214,0.2,buy,False,2022-09-30T13:08:30.430843+00:00
1139,5069580684,4.243,0.2,sell,False,2022-09-30T13:08:29.896629+00:00
1140,5069580598,4.214,0.1,buy,False,2022-09-30T13:08:28.074718+00:00
1141,5069580578,4.243,0.1,sell,False,2022-09-30T13:08:27.520566+00:00
1142,5069580512,4.243,0.2,sell,False,2022-09-30T13:08:26.440624+00:00
1143,5069580448,4.214,0.2,buy,False,2022-09-30T13:08:25.904100+00:00
1144,5069580385,4.214,0.1,buy,False,2022-09-30T13:08:24.977695+00:00
1145,5069580342,4.243,0.1,sell,False,2022-09-30T13:08:24.355041+00:00
1146,5069580287,4.214,0.2,buy,False,2022-09-30T13:08:23.819533+00:00
1147,5069580137,4.243,0.2,sell,False,2022-09-30T13:08:23.268222+00:00
1148,5069579613,4.214,0.2,buy,False,2022-09-30T13:08:16.308016+00:00
1149,5069579527,4.243,0.2,sell,False,2022-09-30T13:08:15.761865+00:00
1150,5069579425,4.214,0.1,buy,False,2022-09-30T13:08:14.744936+00:00
1151,5069579398,4.243,0.1,sell,False,2022-09-30T13:08:14.190565+00:00
1152,5069579174,4.243,0.2,sell,False,2022-09-30T13:08:12.434198+00:00
1153,5069579138,4.214,0.2,buy,False,2022-09-30T13:08:11.885030+00:00
1154,5069579044,4.214,0.2,buy,False,2022-09-30T13:08:11.305516+00:00
1155,5069579005,4.243,0.2,sell,False,2022-09-30T13:08:10.761140+00:00
1156,5069578976,4.243,0.2,sell,False,2022-09-30T13:08:10.206848+00:00
1157,5069578939,4.214,0.2,buy,False,2022-09-30T13:08:09.708254+00:00
1158,5069578866,4.214,0.3,buy,False,2022-09-30T13:08:08.938008+00:00
1159,5069578846,4.243,0.3,sell,False,2022-09-30T13:08:08.391870+00:00
1160,5069578820,4.214,0.2,buy,False,2022-09-30T13:08:07.780821+00:00
1161,5069578742,4.243,0.2,sell,False,2022-09-30T13:08:07.245201+00:00
1162,5069578478,4.243,0.3,sell,False,2022-09-30T13:08:04.337240+00:00
1163,5069576166,4.214,0.3,buy,False,2022-09-30T13:07:29.594433+00:00
1164,5069575884,4.214,0.2,buy,False,2022-09-30T13:07:23.501971+00:00
1165,5069575799,4.243,0.2,sell,False,2022-09-30T13:07:22.950761+00:00
1166,5069575100,4.214,0.2,buy,False,2022-09-30T13:07:17.622361+00:00
1167,5069575085,4.243,0.2,sell,False,2022-09-30T13:07:17.106286+00:00
1168,5069574815,4.214,0.1,buy,False,2022-09-30T13:07:16.343965+00:00
1169,5069574730,4.243,0.1,sell,False,2022-09-30T13:07:15.814917+00:00
1170,5069574504,4.214,0.2,buy,False,2022-09-30T13:07:15.281812+00:00
1171,5069574496,4.243,0.2,sell,False,2022-09-30T13:07:14.746325+00:00
1172,5069574481,4.243,0.1,sell,False,2022-09-30T13:07:13.748039+00:00
1173,5069574469,4.214,0.1,buy,False,2022-09-30T13:07:13.186486+00:00
1174,5069574449,4.243,0.2,sell,False,2022-09-30T13:07:12.660768+00:00
1175,5069574430,4.214,0.2,buy,False,2022-09-30T13:07:12.130489+00:00
1176,5069574401,4.214,0.2,buy,False,2022-09-30T13:07:11.464460+00:00
1177,5069574356,4.243,0.2,sell,False,2022-09-30T13:07:10.893919+00:00
1178,5069574326,4.243,0.2,sell,False,2022-09-30T13:07:10.296796+00:00
1179,5069574281,4.214,0.2,buy,False,2022-09-30T13:07:09.692984+00:00
1180,5069574243,4.214,0.1,buy,False,2022-09-30T13:07:08.066092+00:00
1181,5069574215,4.243,0.1,sell,False,2022-09-30T13:07:07.537972+00:00
1182,5069574177,4.214,0.2,buy,False,2022-09-30T13:07:06.984251+00:00
1183,5069574159,4.243,0.2,sell,False,2022-09-30T13:07:06.431683+00:00
1184,5069574129,4.243,0.2,sell,False,2022-09-30T13:07:05.630390+00:00
1185,5069574038,4.214,0.2,buy,False,2022-09-30T13:07:05.126502+00:00
1186,5069574018,4.243,0.1,sell,False,2022-09-30T13:07:04.036461+00:00
1187,5069573994,4.214,0.1,buy,False,2022-09-30T13:07:03.457794+00:00
1188,5069573947,4.214,0.1,buy,False,2022-09-30T13:07:02.923180+00:00
1189,5069573921,4.243,0.1,sell,False,2022-09-30T13:07:02.387463+00:00
1190,5069573879,4.243,0.1,sell,False,2022-09-30T13:07:01.552971+00:00
1191,5069573813,4.214,0.1,buy,False,2022-09-30T13:07:01.012849+00:00
1192,5069573670,4.214,0.2,buy,False,2022-09-30T13:07:00.243938+00:00
1193,5069573616,4.243,0.2,sell,False,2022-09-30T13:06:59.585691+00:00
1194,5069573519,4.214,0.1,buy,False,2022-09-30T13:06:58.929712+00:00
1195,5069573474,4.243,0.1,sell,False,2022-09-30T13:06:58.340405+00:00
1196,5069573457,4.214,0.1,buy,False,2022-09-30T13:06:57.518728+00:00
1197,5069573401,4.243,0.1,sell,False,2022-09-30T13:06:56.965141+00:00
1198,5069573370,4.214,0.2,buy,False,2022-09-30T13:06:56.446856+00:00
1199,5069573357,4.243,0.2,sell,False,2022-09-30T13:06:55.917490+00:00
1200,5069573270,4.214,0.2,buy,False,2022-09-30T13:06:54.817099+00:00
1201,5069573195,4.243,0.2,sell,False,2022-09-30T13:06:54.265162+00:00
1202,5069573157,4.214,0.2,buy,False,2022-09-30T13:06:53.768323+00:00
1203,5069573123,4.243,0.2,sell,False,2022-09-30T13:06:53.133727+00:00
1204,5069573079,4.243,0.2,sell,False,2022-09-30T13:06:52.393507+00:00
1205,5069573061,4.214,0.2,buy,False,2022-09-30T13:06:51.861233+00:00
1206,5069572991,4.243,0.1,sell,False,2022-09-30T13:06:51.195443+00:00
1207,5069572957,4.214,0.1,buy,False,2022-09-30T13:06:50.663462+00:00
1208,5069572917,4.214,0.2,buy,False,2022-09-30T13:06:50.075390+00:00
1209,5069572818,4.243,0.2,sell,False,2022-09-30T13:06:49.524711+00:00
1210,5069572795,4.243,0.2,sell,False,2022-09-30T13:06:48.938169+00:00
1211,5069572780,4.214,0.2,buy,False,2022-09-30T13:06:48.384835+00:00
1212,5069572722,4.243,0.2,sell,False,2022-09-30T13:06:47.399844+00:00
1213,5069572643,4.214,0.2,buy,False,2022-09-30T13:06:46.865052+00:00
1214,5069572421,4.214,0.2,buy,False,2022-09-30T13:06:46.076288+00:00
1215,5069572355,4.243,0.2,sell,False,2022-09-30T13:06:45.528885+00:00
1216,5069572303,4.243,0.1,sell,False,2022-09-30T13:06:43.374123+00:00
1217,5069572278,4.214,0.1,buy,False,2022-09-30T13:06:42.787876+00:00
1218,5069572260,4.214,0.2,buy,False,2022-09-30T13:06:42.258749+00:00
1219,5069572235,4.243,0.2,sell,False,2022-09-30T13:06:41.644375+00:00
1220,5069572168,4.214,0.2,buy,False,2022-09-30T13:06:40.064939+00:00
1221,5069572157,4.243,0.2,sell,False,2022-09-30T13:06:39.522757+00:00
1222,5069572142,4.243,0.1,sell,False,2022-09-30T13:06:38.993527+00:00
1223,5069572100,4.214,0.1,buy,False,2022-09-30T13:06:37.838279+00:00
1224,5069572058,4.243,0.2,sell,False,2022-09-30T13:06:37.258079+00:00
1225,5069572047,4.214,0.2,buy,False,2022-09-30T13:06:36.737434+00:00
1226,5069572034,4.214,0.2,buy,False,2022-09-30T13:06:36.191228+00:00
1227,5069572003,4.243,0.2,sell,False,2022-09-30T13:06:35.652538+00:00
1228,5069571967,4.243,0.2,sell,False,2022-09-30T13:06:35.143273+00:00
1229,5069571882,4.214,0.2,buy,False,2022-09-30T13:06:34.584382+00:00
1230,5069571848,4.214,0.3,buy,False,2022-09-30T13:06:33.754018+00:00
1231,5069571824,4.243,0.3,sell,False,2022-09-30T13:06:33.201040+00:00
1232,5069571799,4.214,0.1,buy,False,2022-09-30T13:06:32.485163+00:00
1233,5069571771,4.243,0.1,sell,False,2022-09-30T13:06:31.931083+00:00
1234,5069571748,4.214,0.1,buy,False,2022-09-30T13:06:31.421675+00:00
1235,5069571733,4.243,0.1,sell,False,2022-09-30T13:06:31.230305+00:00
1236,5069571666,4.243,0.2,sell,False,2022-09-30T13:06:29.819495+00:00
1237,5069571622,4.214,0.2,buy,False,2022-09-30T13:06:29.237211+00:00
1238,5069571468,4.214,0.2,buy,False,2022-09-30T13:06:28.707167+00:00
1239,5069571443,4.243,0.2,sell,False,2022-09-30T13:06:28.162249+00:00
1240,5069571365,4.214,0.2,buy,False,2022-09-30T13:06:26.365710+00:00
1241,5069571348,4.243,0.2,sell,False,2022-09-30T13:06:25.831510+00:00
1242,5069571275,4.214,0.2,buy,False,2022-09-30T13:06:24.860227+00:00
1243,5069571257,4.243,0.2,sell,False,2022-09-30T13:06:24.344687+00:00
1244,5069571204,4.214,0.2,buy,False,2022-09-30T13:06:23.214862+00:00
1245,5069571167,4.243,0.2,sell,False,2022-09-30T13:06:22.662988+00:00
1246,5069571121,4.214,0.2,buy,False,2022-09-30T13:06:21.978867+00:00
1247,5069571084,4.243,0.2,sell,False,2022-09-30T13:06:21.439075+00:00
1248,5069571064,4.243,0.1,sell,False,2022-09-30T13:06:20.885463+00:00
1249,5069571033,4.214,0.1,buy,False,2022-09-30T13:06:20.311370+00:00
1250,5069570992,4.214,0.2,buy,False,2022-09-30T13:06:19.772724+00:00
1251,5069570975,4.243,0.2,sell,False,2022-09-30T13:06:19.236663+00:00
1252,5069570814,4.243,0.1,sell,False,2022-09-30T13:06:17.619298+00:00
1253,5069570777,4.214,0.1,buy,False,2022-09-30T13:06:17.069416+00:00
1254,5069570730,4.214,0.3,buy,False,2022-09-30T13:06:16.533149+00:00
1255,5069570695,4.243,0.3,sell,False,2022-09-30T13:06:16.006744+00:00
1256,5069570628,4.214,0.1,buy,False,2022-09-30T13:06:15.452891+00:00
1257,5069570534,4.243,0.1,sell,False,2022-09-30T13:06:14.929726+00:00
1258,5069570496,4.214,0.1,buy,False,2022-09-30T13:06:14.387059+00:00
1259,5069570470,4.243,0.1,sell,False,2022-09-30T13:06:13.849857+00:00
1260,5069570419,4.243,0.1,sell,False,2022-09-30T13:06:12.942590+00:00
1261,5069570370,4.214,0.1,buy,False,2022-09-30T13:06:12.289219+00:00
1262,5069570276,4.243,0.2,sell,False,2022-09-30T13:06:10.789562+00:00
1263,5069570113,4.214,0.2,buy,False,2022-09-30T13:06:10.164571+00:00
1264,5069570053,4.243,0.2,sell,False,2022-09-30T13:06:09.145741+00:00
1265,5069570019,4.214,0.2,buy,False,2022-09-30T13:06:08.503363+00:00
1266,5069569971,4.214,0.1,buy,False,2022-09-30T13:06:07.297153+00:00
1267,5069563713,4.248,0.1,sell,False,2022-09-30T13:04:54.410983+00:00
1268,5069563593,4.195,0.2,buy,False,2022-09-30T13:04:52.952657+00:00
1269,5069562233,4.248,0.2,sell,False,2022-09-30T13:04:46.317751+00:00
1270,5069562067,4.248,0.1,sell,False,2022-09-30T13:04:45.805744+00:00
1271,5069561300,4.195,0.1,buy,False,2022-09-30T13:04:42.308677+00:00
1272,5069561284,4.195,0.2,buy,False,2022-09-30T13:04:41.768938+00:00
1273,5069559943,4.253,0.2,sell,False,2022-09-30T13:04:28.990194+00:00
1274,5069559785,4.225,0.1,buy,False,2022-09-30T13:04:28.129669+00:00
1275,5069559690,4.253,0.1,sell,False,2022-09-30T13:04:27.577672+00:00
1276,5069559604,4.225,0.2,buy,False,2022-09-30T13:04:26.749433+00:00
1277,5069559567,4.253,0.2,sell,False,2022-09-30T13:04:26.209751+00:00
1278,5069559537,4.253,0.1,sell,False,2022-09-30T13:04:25.181166+00:00
1279,5069559515,4.225,0.1,buy,False,2022-09-30T13:04:24.643344+00:00
1280,5069559496,4.253,0.1,sell,False,2022-09-30T13:04:23.891045+00:00
1281,5069559471,4.225,0.1,buy,False,2022-09-30T13:04:23.307216+00:00
1282,5069559452,4.253,0.2,sell,False,2022-09-30T13:04:22.756380+00:00
1283,5069559422,4.225,0.2,buy,False,2022-09-30T13:04:22.241675+00:00
1284,5069559343,4.253,0.2,sell,False,2022-09-30T13:04:21.137958+00:00
1285,5069559258,4.225,0.2,buy,False,2022-09-30T13:04:20.598261+00:00
1286,5069559068,4.253,0.1,sell,False,2022-09-30T13:04:19.768643+00:00
1287,5069559003,4.225,0.1,buy,False,2022-09-30T13:04:19.269388+00:00
1288,5069558536,4.253,0.2,sell,False,2022-09-30T13:04:18.172761+00:00
1289,5069558518,4.225,0.2,buy,False,2022-09-30T13:04:17.640012+00:00
1290,5069558273,4.225,0.1,buy,False,2022-09-30T13:04:16.384099+00:00
1291,5069558213,4.253,0.1,sell,False,2022-09-30T13:04:15.802112+00:00
1292,5069558152,4.225,0.2,buy,False,2022-09-30T13:04:15.200525+00:00
1293,5069558007,4.253,0.2,sell,False,2022-09-30T13:04:14.589436+00:00
1294,5069557971,4.253,0.2,sell,False,2022-09-30T13:04:13.920840+00:00
1295,5069557914,4.225,0.2,buy,False,2022-09-30T13:04:13.380544+00:00
1296,5069557787,4.253,0.1,sell,False,2022-09-30T13:04:12.467644+00:00
1297,5069557691,4.225,0.1,buy,False,2022-09-30T13:04:11.881411+00:00
1298,5069557558,4.225,0.1,buy,False,2022-09-30T13:04:11.304511+00:00
1299,5069557030,4.253,0.1,sell,False,2022-09-30T13:04:09.275817+00:00
1300,5069557019,4.225,0.1,buy,False,2022-09-30T13:04:08.462335+00:00
1301,5069556990,4.253,0.1,sell,False,2022-09-30T13:04:07.928781+00:00
1302,5069556966,4.253,0.2,sell,False,2022-09-30T13:04:07.396575+00:00
1303,5069556907,4.225,0.2,buy,False,2022-09-30T13:04:06.861153+00:00
1304,5069556783,4.253,0.2,sell,False,2022-09-30T13:04:05.888330+00:00
1305,5069556744,4.225,0.2,buy,False,2022-09-30T13:04:05.346989+00:00
1306,5069556625,4.253,0.2,sell,False,2022-09-30T13:04:04.053893+00:00
1307,5069556606,4.225,0.2,buy,False,2022-09-30T13:04:03.523449+00:00
1308,5069556576,4.253,0.3,sell,False,2022-09-30T13:04:02.925911+00:00
1309,5069556570,4.225,0.3,buy,False,2022-09-30T13:04:02.371825+00:00
1310,5069556532,4.225,0.2,buy,False,2022-09-30T13:04:01.359507+00:00
1311,5069556493,4.253,0.2,sell,False,2022-09-30T13:04:00.814488+00:00
1312,5069556463,4.225,0.2,buy,False,2022-09-30T13:04:00.323405+00:00
1313,5069556416,4.253,0.2,sell,False,2022-09-30T13:03:59.446371+00:00
1314,5069556350,4.253,0.2,sell,False,2022-09-30T13:03:58.910043+00:00
1315,5069556305,4.225,0.2,buy,False,2022-09-30T13:03:58.351584+00:00
1316,5069556194,4.253,0.2,sell,False,2022-09-30T13:03:57.411911+00:00
1317,5069556156,4.225,0.2,buy,False,2022-09-30T13:03:56.883089+00:00
1318,5069556095,4.225,0.1,buy,False,2022-09-30T13:03:55.810234+00:00
1319,5069556048,4.253,0.1,sell,False,2022-09-30T13:03:55.253792+00:00
1320,5069556021,4.225,0.2,buy,False,2022-09-30T13:03:54.801299+00:00
1321,5069555864,4.253,0.2,sell,False,2022-09-30T13:03:54.211192+00:00
1322,5069555790,4.225,0.2,buy,False,2022-09-30T13:03:53.594846+00:00
1323,5069555727,4.253,0.2,sell,False,2022-09-30T13:03:53.040906+00:00
1324,5069555608,4.253,0.2,sell,False,2022-09-30T13:03:52.420446+00:00
1325,5069555485,4.225,0.2,buy,False,2022-09-30T13:03:51.834833+00:00
1326,5069555080,4.225,0.1,buy,False,2022-09-30T13:03:50.838682+00:00
1327,5069554714,4.253,0.1,sell,False,2022-09-30T13:03:50.308795+00:00
1328,5069554342,4.225,0.1,buy,False,2022-09-30T13:03:45.828681+00:00
1329,5069554326,4.254,0.1,sell,False,2022-09-30T13:03:45.300053+00:00
1330,5069554296,4.225,0.3,buy,False,2022-09-30T13:03:44.763431+00:00
1331,5069551997,4.258,0.3,sell,False,2022-09-30T13:03:12.650032+00:00
1332,5069551954,4.258,0.2,sell,False,2022-09-30T13:03:11.748951+00:00
1333,5069551922,4.23,0.2,buy,False,2022-09-30T13:03:11.226524+00:00
1334,5069551690,4.258,0.2,sell,False,2022-09-30T13:03:09.834991+00:00
1335,5069551640,4.23,0.2,buy,False,2022-09-30T13:03:09.286570+00:00
1336,5069551581,4.258,0.2,sell,False,2022-09-30T13:03:07.785732+00:00
1337,5069551568,4.23,0.2,buy,False,2022-09-30T13:03:07.241986+00:00
1338,5069551549,4.258,0.1,sell,False,2022-09-30T13:03:06.713625+00:00
1339,5069551524,4.23,0.1,buy,False,2022-09-30T13:03:06.197824+00:00
1340,5069551453,4.258,0.2,sell,False,2022-09-30T13:03:05.661086+00:00
1341,5069551432,4.23,0.2,buy,False,2022-09-30T13:03:05.135421+00:00
1342,5069551311,4.258,0.2,sell,False,2022-09-30T13:03:04.586116+00:00
1343,5069547902,4.23,0.2,buy,False,2022-09-30T13:02:14.431794+00:00
1344,5069547576,4.259,0.2,sell,False,2022-09-30T13:02:07.949868+00:00
1345,5069547545,4.23,0.2,buy,False,2022-09-30T13:02:07.471722+00:00
1346,5069547527,4.259,0.3,sell,False,2022-09-30T13:02:06.898517+00:00
1347,5069547448,4.23,0.3,buy,False,2022-09-30T13:02:06.339107+00:00
1348,5069547335,4.23,0.2,buy,False,2022-09-30T13:02:05.681082+00:00
1349,5069547299,4.259,0.2,sell,False,2022-09-30T13:02:05.138318+00:00
1350,5069547279,4.259,0.2,sell,False,2022-09-30T13:02:04.601775+00:00
1351,5069545466,4.224,0.2,buy,False,2022-09-30T13:01:45.412236+00:00
1352,5069544099,4.224,0.2,buy,False,2022-09-30T13:01:23.139772+00:00
1353,5069543996,4.253,0.2,sell,False,2022-09-30T13:01:22.607041+00:00
1354,5069543945,4.224,0.3,buy,False,2022-09-30T13:01:21.396223+00:00
1355,5069543900,4.253,0.3,sell,False,2022-09-30T13:01:20.855239+00:00
1356,5069543699,4.253,0.3,sell,False,2022-09-30T13:01:18.713886+00:00
1357,5069543656,4.224,0.3,buy,False,2022-09-30T13:01:18.182262+00:00
1358,5069543602,4.257,0.2,sell,False,2022-09-30T13:01:17.418713+00:00
1359,5069543577,4.224,0.2,buy,False,2022-09-30T13:01:16.824618+00:00
1360,5069543425,4.257,0.2,sell,False,2022-09-30T13:01:15.916498+00:00
1361,5069543372,4.224,0.2,buy,False,2022-09-30T13:01:15.362644+00:00
1362,5069543300,4.224,0.2,buy,False,2022-09-30T13:01:14.819499+00:00
1363,5069543251,4.257,0.2,sell,False,2022-09-30T13:01:14.230230+00:00
1364,5069543230,4.257,0.2,sell,False,2022-09-30T13:01:13.701120+00:00
1365,5069543207,4.224,0.2,buy,False,2022-09-30T13:01:13.171023+00:00
1366,5069543118,4.224,0.1,buy,False,2022-09-30T13:01:11.883208+00:00
1367,5069543065,4.257,0.1,sell,False,2022-09-30T13:01:11.319522+00:00
1368,5069542919,4.257,0.2,sell,False,2022-09-30T13:01:10.466837+00:00
1369,5069542872,4.224,0.2,buy,False,2022-09-30T13:01:10.148232+00:00
1370,5069542742,4.257,0.2,sell,False,2022-09-30T13:01:08.841086+00:00
1371,5069542686,4.224,0.2,buy,False,2022-09-30T13:01:08.306273+00:00
1372,5069542419,4.257,0.3,sell,False,2022-09-30T13:01:06.480722+00:00
1373,5069542335,4.224,0.3,buy,False,2022-09-30T13:01:05.955151+00:00
1374,5069542165,4.257,0.1,sell,False,2022-09-30T13:01:04.596364+00:00
1375,5069542132,4.224,0.1,buy,False,2022-09-30T13:01:04.444404+00:00
1376,5069542019,4.224,0.1,buy,False,2022-09-30T13:01:03.911875+00:00
1377,5069541966,4.257,0.1,sell,False,2022-09-30T13:01:03.371831+00:00
1378,5069541813,4.224,0.2,buy,False,2022-09-30T13:01:02.270330+00:00
1379,5069541769,4.257,0.2,sell,False,2022-09-30T13:01:01.802330+00:00
1380,5069541207,4.224,0.2,buy,False,2022-09-30T13:01:00.151258+00:00
1381,5069539208,4.257,0.2,sell,False,2022-09-30T13:00:54.115206+00:00
1382,5069538984,4.257,0.1,sell,False,2022-09-30T13:00:53.549228+00:00
1383,5069534430,4.23,0.1,buy,False,2022-09-30T13:00:13.988598+00:00
1384,5069532921,4.23,0.2,buy,False,2022-09-30T13:00:07.292193+00:00
1385,5069531027,4.301,0.2,sell,False,2022-09-30T12:59:53.458396+00:00
1386,5069530990,4.301,0.3,sell,False,2022-09-30T12:59:52.340182+00:00
1387,5069528399,4.23,0.3,buy,False,2022-09-30T12:59:13.397670+00:00
1388,5069528346,4.23,0.2,buy,False,2022-09-30T12:59:12.876445+00:00
1389,5069526602,4.256,0.2,sell,False,2022-09-30T12:58:41.561568+00:00
1390,5069525658,4.23,0.1,buy,False,2022-09-30T12:58:34.798674+00:00
1391,5069525642,4.26,0.1,sell,False,2022-09-30T12:58:34.235563+00:00
1392,5069525627,4.23,0.1,buy,False,2022-09-30T12:58:33.709617+00:00
1393,5069525570,4.26,0.1,sell,False,2022-09-30T12:58:32.000527+00:00
1394,5069525522,4.23,0.2,buy,False,2022-09-30T12:58:30.851435+00:00
1395,5069525495,4.26,0.2,sell,False,2022-09-30T12:58:30.341402+00:00
1396,5069525460,4.23,0.2,buy,False,2022-09-30T12:58:29.752311+00:00
1397,5069525432,4.26,0.2,sell,False,2022-09-30T12:58:28.938787+00:00
1398,5069525355,4.23,0.2,buy,False,2022-09-30T12:58:28.393340+00:00
1399,5069525302,4.26,0.2,sell,False,2022-09-30T12:58:27.783501+00:00
1400,5069525254,4.23,0.3,buy,False,2022-09-30T12:58:27.257367+00:00
1401,5069525243,4.26,0.3,sell,False,2022-09-30T12:58:26.745521+00:00
1402,5069525146,4.23,0.3,buy,False,2022-09-30T12:58:25.743228+00:00
1403,5069525111,4.26,0.3,sell,False,2022-09-30T12:58:25.191552+00:00
1404,5069525055,4.23,0.1,buy,False,2022-09-30T12:58:23.994056+00:00
1405,5069525033,4.26,0.1,sell,False,2022-09-30T12:58:23.463202+00:00
1406,5069524911,4.23,0.2,buy,False,2022-09-30T12:58:22.148036+00:00
1407,5069524897,4.26,0.2,sell,False,2022-09-30T12:58:21.624688+00:00
1408,5069524831,4.26,0.1,sell,False,2022-09-30T12:58:21.083941+00:00
1409,5069524777,4.23,0.1,buy,False,2022-09-30T12:58:20.516467+00:00
1410,5069524760,4.26,0.2,sell,False,2022-09-30T12:58:19.985607+00:00
1411,5069524729,4.23,0.2,buy,False,2022-09-30T12:58:19.453580+00:00
1412,5069524620,4.26,0.2,sell,False,2022-09-30T12:58:18.071746+00:00
1413,5069524606,4.23,0.2,buy,False,2022-09-30T12:58:17.537644+00:00
1414,5069524570,4.26,0.2,sell,False,2022-09-30T12:58:16.431239+00:00
1415,5069524554,4.23,0.2,buy,False,2022-09-30T12:58:15.872385+00:00
1416,5069524527,4.23,0.4,buy,False,2022-09-30T12:58:14.756240+00:00
1417,5069524501,4.26,0.4,sell,False,2022-09-30T12:58:14.193923+00:00
1418,5069524428,4.23,0.2,buy,False,2022-09-30T12:58:13.232565+00:00
1419,5069524392,4.26,0.2,sell,False,2022-09-30T12:58:12.672173+00:00
1420,5069524282,4.26,0.1,sell,False,2022-09-30T12:58:12.138776+00:00
1421,5069524214,4.23,0.1,buy,False,2022-09-30T12:58:11.426594+00:00
1422,5069524050,4.23,0.1,buy,False,2022-09-30T12:58:10.791705+00:00
1423,5069523899,4.26,0.1,sell,False,2022-09-30T12:58:10.258431+00:00
1424,5069523886,4.26,0.2,sell,False,2022-09-30T12:58:09.476150+00:00
1425,5069523868,4.23,0.2,buy,False,2022-09-30T12:58:08.951642+00:00
1426,5069523826,4.23,0.1,buy,False,2022-09-30T12:58:07.814053+00:00
1427,5069523785,4.26,0.1,sell,False,2022-09-30T12:58:07.262602+00:00
1428,5069523757,4.23,0.1,buy,False,2022-09-30T12:58:06.268639+00:00
1429,5069523747,4.26,0.1,sell,False,2022-09-30T12:58:05.761403+00:00
1430,5069523715,4.23,0.2,buy,False,2022-09-30T12:58:04.774006+00:00
1431,5069522750,4.26,0.2,sell,False,2022-09-30T12:57:50.646887+00:00
1432,5069522157,4.26,0.1,sell,False,2022-09-30T12:57:39.339203+00:00
1433,5069516988,4.23,0.1,buy,False,2022-09-30T12:56:38.481653+00:00
