,id,price,size,side,liquidation,time
0,5400838319,0.0135,0.02,sell,False,2022-11-10T08:44:52.367023+00:00
1,5400747110,0.01396,0.02,buy,False,2022-11-10T08:33:38.424270+00:00
2,5400747058,0.0138,0.04,buy,False,2022-11-10T08:33:37.690686+00:00
3,5400747041,0.0138,0.01,buy,False,2022-11-10T08:33:37.380397+00:00
4,5400746949,0.0138,0.01,buy,False,2022-11-10T08:33:36.368011+00:00
5,5400732489,0.01373,0.02,buy,False,2022-11-10T08:31:35.587882+00:00
6,5400718456,0.01351,0.02,buy,False,2022-11-10T08:29:42.349830+00:00
7,5400707650,0.0133325,0.06,buy,False,2022-11-10T08:28:10.801575+00:00
8,5400697757,0.01327,0.01,buy,False,2022-11-10T08:26:44.643806+00:00
9,5400697026,0.01327,0.01,buy,False,2022-11-10T08:26:38.978129+00:00
10,5400532387,0.01263,0.01,sell,False,2022-11-10T08:06:32.500318+00:00
11,5400532340,0.01263,0.02,sell,False,2022-11-10T08:06:32.230724+00:00
12,5400532334,0.01263,0.02,sell,False,2022-11-10T08:06:32.189240+00:00
13,5400531967,0.01283,0.02,sell,False,2022-11-10T08:06:29.702088+00:00
14,5400485868,0.012865,0.06,sell,False,2022-11-10T08:00:49.533672+00:00
15,5400485426,0.0133325,0.02,buy,False,2022-11-10T08:00:46.471548+00:00
16,5400485425,0.01327,0.02,buy,False,2022-11-10T08:00:46.471548+00:00
17,5400468242,0.01263,0.02,sell,False,2022-11-10T07:58:51.800052+00:00
18,5400461959,0.0133325,0.02,buy,False,2022-11-10T07:58:10.914744+00:00
19,5400461945,0.0133325,0.02,buy,False,2022-11-10T07:58:10.790719+00:00
20,5400461663,0.01283,0.02,sell,False,2022-11-10T07:58:08.310245+00:00
21,5400461660,0.012865,0.06,sell,False,2022-11-10T07:58:08.258131+00:00
22,5400461637,0.01298,0.04,sell,False,2022-11-10T07:58:07.809694+00:00
23,5400461635,0.01298,0.01,sell,False,2022-11-10T07:58:07.803787+00:00
24,5400461597,0.01298,0.11,sell,False,2022-11-10T07:58:07.505382+00:00
25,5400461596,0.01305,0.01,sell,False,2022-11-10T07:58:07.505382+00:00
26,5400461562,0.01305,0.01,sell,False,2022-11-10T07:58:07.397624+00:00
27,5400461385,0.0131925,0.05,sell,False,2022-11-10T07:58:06.901358+00:00
28,5400461372,0.01327,0.02,sell,False,2022-11-10T07:58:06.693969+00:00
29,5400461356,0.01333,0.02,sell,False,2022-11-10T07:58:06.556371+00:00
30,5400460585,0.01333,0.13,sell,False,2022-11-10T07:57:59.758368+00:00
31,5400460584,0.013685,0.01,sell,False,2022-11-10T07:57:59.758368+00:00
32,5400460115,0.0136825,0.14,sell,False,2022-11-10T07:57:57.100055+00:00
33,5400460039,0.01333,0.01,buy,False,2022-11-10T07:57:56.682745+00:00
34,5400460036,0.01333,0.02,buy,False,2022-11-10T07:57:56.627975+00:00
35,5400460020,0.01333,0.02,buy,False,2022-11-10T07:57:56.498720+00:00
36,5400460015,0.0133325,0.06,sell,False,2022-11-10T07:57:56.385852+00:00
37,5400460014,0.0135,0.02,sell,False,2022-11-10T07:57:56.385852+00:00
38,5400459896,0.01373,0.02,sell,False,2022-11-10T07:57:55.606356+00:00
39,5400459820,0.0138,0.06,sell,False,2022-11-10T07:57:54.951300+00:00
40,5400459794,0.01396,0.02,sell,False,2022-11-10T07:57:54.831006+00:00
41,5400459785,0.01401,0.05,sell,False,2022-11-10T07:57:54.756824+00:00
42,5400459765,0.0140325,0.11,sell,False,2022-11-10T07:57:54.543441+00:00
43,5400459721,0.0140325,0.02,sell,False,2022-11-10T07:57:54.263243+00:00
44,5400459658,0.01419,0.02,sell,False,2022-11-10T07:57:53.883626+00:00
45,5400459633,0.014265,0.01,sell,False,2022-11-10T07:57:53.744528+00:00
46,5400459594,0.014265,0.05,sell,False,2022-11-10T07:57:53.489704+00:00
47,5400459552,0.0143825,0.1,sell,False,2022-11-10T07:57:53.358368+00:00
48,5400459471,0.0143825,0.02,sell,False,2022-11-10T07:57:52.958069+00:00
49,5400459400,0.01444,0.02,sell,False,2022-11-10T07:57:52.712999+00:00
50,5400459364,0.014735,0.02,sell,False,2022-11-10T07:57:52.500392+00:00
51,5400459361,0.014735,0.05,sell,False,2022-11-10T07:57:52.490722+00:00
52,5400459342,0.014735,0.04,sell,False,2022-11-10T07:57:52.320018+00:00
53,5400459187,0.0146675,0.04,sell,False,2022-11-10T07:57:51.333555+00:00
54,5400459162,0.01469,0.02,sell,False,2022-11-10T07:57:51.128993+00:00
55,5400459139,0.0147325,0.06,sell,False,2022-11-10T07:57:50.973059+00:00
56,5400459024,0.01493,0.02,sell,False,2022-11-10T07:57:49.963610+00:00
57,5400458971,0.01519,0.04,sell,False,2022-11-10T07:57:49.566667+00:00
58,5400458944,0.015085,0.02,sell,False,2022-11-10T07:57:49.353371+00:00
59,5400458929,0.015085,0.08,sell,False,2022-11-10T07:57:49.266681+00:00
60,5400458857,0.01519,0.02,sell,False,2022-11-10T07:57:48.824941+00:00
61,5400458797,0.0152,0.02,sell,False,2022-11-10T07:57:48.520169+00:00
62,5400458787,0.0152,0.04,sell,False,2022-11-10T07:57:48.466219+00:00
63,5400458765,0.015435,0.02,sell,False,2022-11-10T07:57:48.370090+00:00
64,5400458712,0.015435,0.01,sell,False,2022-11-10T07:57:48.076842+00:00
65,5400458702,0.015435,0.04,sell,False,2022-11-10T07:57:48.018879+00:00
66,5400458653,0.015435,0.01,sell,False,2022-11-10T07:57:47.781841+00:00
67,5400458646,0.015435,0.02,sell,False,2022-11-10T07:57:47.741790+00:00
68,5400458638,0.01544,0.02,sell,False,2022-11-10T07:57:47.652159+00:00
69,5400458624,0.01561,0.03,sell,False,2022-11-10T07:57:47.446688+00:00
70,5400458603,0.015665,0.02,sell,False,2022-11-10T07:57:47.290246+00:00
71,5400458598,0.015665,0.04,sell,False,2022-11-10T07:57:47.269029+00:00
72,5400458570,0.01571,0.02,sell,False,2022-11-10T07:57:47.060106+00:00
73,5400458554,0.0157875,0.05,sell,False,2022-11-10T07:57:46.938677+00:00
74,5400458261,0.0157875,0.04,sell,False,2022-11-10T07:57:45.691882+00:00
75,5400458220,0.0159475,0.01,sell,False,2022-11-10T07:57:45.512478+00:00
76,5400458127,0.0159475,0.01,sell,False,2022-11-10T07:57:45.274365+00:00
77,5400458105,0.0159475,0.01,sell,False,2022-11-10T07:57:45.072516+00:00
78,5400458073,0.01597,0.02,sell,False,2022-11-10T07:57:44.948789+00:00
79,5400458034,0.016215,0.01,sell,False,2022-11-10T07:57:44.662464+00:00
80,5400458018,0.016215,0.02,sell,False,2022-11-10T07:57:44.608984+00:00
81,5400455527,0.01601,0.02,buy,False,2022-11-10T07:57:29.229130+00:00
82,5400455455,0.01601,0.02,buy,False,2022-11-10T07:57:28.561849+00:00
83,5400455257,0.01601,0.03,buy,False,2022-11-10T07:57:27.272137+00:00
84,5400455020,0.01601,0.02,buy,False,2022-11-10T07:57:25.448098+00:00
85,5400455013,0.01601,0.02,buy,False,2022-11-10T07:57:25.412206+00:00
86,5400455005,0.0161325,0.06,sell,False,2022-11-10T07:57:25.356269+00:00
87,5400455004,0.0161375,0.08,sell,False,2022-11-10T07:57:25.356269+00:00
88,5400455003,0.01625,0.02,sell,False,2022-11-10T07:57:25.356269+00:00
89,5400455002,0.0166,0.06,sell,False,2022-11-10T07:57:25.356269+00:00
90,5400455001,0.01673,0.03,sell,False,2022-11-10T07:57:25.356269+00:00
91,5400455000,0.01674,0.02,sell,False,2022-11-10T07:57:25.356269+00:00
92,5400454999,0.01685,0.02,sell,False,2022-11-10T07:57:25.356269+00:00
93,5400449722,0.0169025,0.03,sell,False,2022-11-10T07:56:56.978426+00:00
94,5400449520,0.0169375,0.01,sell,False,2022-11-10T07:56:56.262002+00:00
95,5400449106,0.0169375,0.01,sell,False,2022-11-10T07:56:54.497203+00:00
96,5400442678,0.0170075,0.02,sell,False,2022-11-10T07:56:10.642301+00:00
97,5400441475,0.017065,0.03,sell,False,2022-11-10T07:56:03.242345+00:00
98,5400438528,0.017065,0.01,sell,False,2022-11-10T07:55:44.300787+00:00
99,5400438425,0.017065,0.06,buy,False,2022-11-10T07:55:43.688389+00:00
100,5400425779,0.01681,0.01,buy,False,2022-11-10T07:53:54.414756+00:00
101,5400425743,0.01681,0.01,buy,False,2022-11-10T07:53:54.130155+00:00
102,5400425683,0.0166,0.01,buy,False,2022-11-10T07:53:53.535051+00:00
103,5400425568,0.0166,0.05,buy,False,2022-11-10T07:53:52.413867+00:00
104,5400408133,0.0161325,0.04,sell,False,2022-11-10T07:52:15.122532+00:00
105,5400408020,0.01625,0.02,sell,False,2022-11-10T07:52:14.877170+00:00
106,5400407938,0.0164875,0.08,sell,False,2022-11-10T07:52:14.644965+00:00
107,5400407919,0.01651,0.02,sell,False,2022-11-10T07:52:14.493317+00:00
108,5400407890,0.0166,0.03,sell,False,2022-11-10T07:52:14.332673+00:00
109,5400407876,0.0166,0.03,sell,False,2022-11-10T07:52:14.260623+00:00
110,5400407875,0.0168,0.02,sell,False,2022-11-10T07:52:14.260623+00:00
111,5400407874,0.01684,0.07,sell,False,2022-11-10T07:52:14.260623+00:00
112,5400407873,0.017065,0.06,sell,False,2022-11-10T07:52:14.260623+00:00
113,5400407872,0.0170675,0.18,sell,False,2022-11-10T07:52:14.260623+00:00
114,5400407861,0.01719,0.07,sell,False,2022-11-10T07:52:14.138891+00:00
115,5400401738,0.0175325,0.01,sell,False,2022-11-10T07:51:25.092181+00:00
116,5400401683,0.0175325,0.05,buy,False,2022-11-10T07:51:24.892987+00:00
117,5400396055,0.0175325,0.01,buy,False,2022-11-10T07:50:47.225793+00:00
118,5400393822,0.01738,0.01,buy,False,2022-11-10T07:50:33.280290+00:00
119,5400393539,0.01738,0.01,buy,False,2022-11-10T07:50:31.570288+00:00
120,5400331292,0.01711,0.19,buy,False,2022-11-10T07:42:10.381553+00:00
121,5400331290,0.01711,0.66,buy,False,2022-11-10T07:42:10.335555+00:00
122,5400327240,0.01709,0.02,buy,False,2022-11-10T07:41:40.425711+00:00
123,5400322497,0.01625,0.02,buy,False,2022-11-10T07:40:59.398878+00:00
124,5400321997,0.01653,0.02,buy,False,2022-11-10T07:40:55.629087+00:00
125,5400321609,0.017065,0.06,buy,False,2022-11-10T07:40:52.909845+00:00
126,5400321506,0.01681,0.02,buy,False,2022-11-10T07:40:51.960790+00:00
127,5400321145,0.0166,0.02,sell,False,2022-11-10T07:40:48.427473+00:00
128,5400320978,0.0171075,0.18,buy,False,2022-11-10T07:40:47.181071+00:00
129,5400320575,0.0166,0.02,sell,False,2022-11-10T07:40:45.086068+00:00
130,5400320159,0.0166,0.02,sell,False,2022-11-10T07:40:41.659005+00:00
131,5400319685,0.0161325,0.02,sell,False,2022-11-10T07:40:38.204420+00:00
132,5400319619,0.017065,0.06,buy,False,2022-11-10T07:40:37.663908+00:00
133,5400318986,0.0166,0.02,sell,False,2022-11-10T07:40:34.845196+00:00
134,5400318742,0.0166,0.02,sell,False,2022-11-10T07:40:31.348954+00:00
135,5400318248,0.0166,0.02,sell,False,2022-11-10T07:40:27.954135+00:00
136,5400314082,0.01513,0.03,sell,False,2022-11-10T07:40:02.951941+00:00
137,5400314081,0.0155075,0.03,sell,False,2022-11-10T07:40:02.951941+00:00
138,5400314038,0.0155075,0.06,sell,False,2022-11-10T07:40:02.322355+00:00
139,5400313922,0.0155075,0.02,sell,False,2022-11-10T07:40:01.383294+00:00
140,5400313921,0.0158875,0.04,sell,False,2022-11-10T07:40:01.383294+00:00
141,5400313891,0.0161325,0.02,buy,False,2022-11-10T07:40:01.123451+00:00
142,5400313881,0.0158875,0.06,sell,False,2022-11-10T07:40:00.980697+00:00
143,5400313868,0.0161325,0.02,buy,False,2022-11-10T07:40:00.714992+00:00
144,5400313864,0.0161325,0.02,buy,False,2022-11-10T07:40:00.663556+00:00
145,5400313844,0.017065,0.03,buy,False,2022-11-10T07:40:00.513933+00:00
146,5400313824,0.0166,0.04,buy,False,2022-11-10T07:40:00.345803+00:00
147,5400313817,0.0166,0.02,buy,False,2022-11-10T07:40:00.269785+00:00
148,5400313776,0.017065,0.03,buy,False,2022-11-10T07:39:59.888142+00:00
149,5400312751,0.0138,0.06,sell,False,2022-11-10T07:39:51.844130+00:00
150,5400312750,0.01396,0.02,sell,False,2022-11-10T07:39:51.844130+00:00
151,5400312749,0.01419,0.02,sell,False,2022-11-10T07:39:51.844130+00:00
152,5400312748,0.014265,0.06,sell,False,2022-11-10T07:39:51.844130+00:00
153,5400312747,0.01444,0.02,sell,False,2022-11-10T07:39:51.844130+00:00
154,5400312746,0.01469,0.02,sell,False,2022-11-10T07:39:51.844130+00:00
155,5400312745,0.0147325,0.01,sell,False,2022-11-10T07:39:51.844130+00:00
156,5400312744,0.01493,0.02,sell,False,2022-11-10T07:39:51.844130+00:00
157,5400312743,0.01519,0.02,sell,False,2022-11-10T07:39:51.844130+00:00
158,5400312742,0.0152,0.06,sell,False,2022-11-10T07:39:51.844130+00:00
159,5400312741,0.01544,0.02,sell,False,2022-11-10T07:39:51.844130+00:00
160,5400312740,0.015665,0.06,sell,False,2022-11-10T07:39:51.844130+00:00
161,5400312739,0.01571,0.02,sell,False,2022-11-10T07:39:51.844130+00:00
162,5400312738,0.01597,0.02,sell,False,2022-11-10T07:39:51.844130+00:00
163,5400312737,0.0161325,0.06,sell,False,2022-11-10T07:39:51.844130+00:00
164,5400312736,0.01625,0.02,sell,False,2022-11-10T07:39:51.844130+00:00
165,5400312735,0.016265,0.1,sell,False,2022-11-10T07:39:51.844130+00:00
166,5400312734,0.01651,0.02,sell,False,2022-11-10T07:39:51.844130+00:00
167,5400312733,0.0166,0.06,sell,False,2022-11-10T07:39:51.844130+00:00
168,5400312732,0.0166425,0.09,sell,False,2022-11-10T07:39:51.844130+00:00
169,5400312731,0.0168,0.02,sell,False,2022-11-10T07:39:51.844130+00:00
170,5400312730,0.0170225,0.08,sell,False,2022-11-10T07:39:51.844130+00:00
171,5400312729,0.017025,0.18,sell,False,2022-11-10T07:39:51.844130+00:00
172,5400312728,0.017065,0.06,sell,False,2022-11-10T07:39:51.844130+00:00
173,5400312727,0.01708,0.02,sell,False,2022-11-10T07:39:51.844130+00:00
174,5400259280,0.01738,0.02,sell,False,2022-11-10T07:32:14.737791+00:00
175,5400259104,0.0174,0.08,sell,False,2022-11-10T07:32:13.220702+00:00
176,5400243956,0.0175325,0.02,sell,False,2022-11-10T07:30:20.001756+00:00
177,5400243928,0.0175325,0.02,sell,False,2022-11-10T07:30:19.740003+00:00
178,5400243906,0.0175325,0.02,sell,False,2022-11-10T07:30:19.629959+00:00
179,5400243810,0.01767,0.02,sell,False,2022-11-10T07:30:18.977872+00:00
180,5400243595,0.0177775,0.07,sell,False,2022-11-10T07:30:18.566088+00:00
181,5400174609,0.01798,0.02,sell,False,2022-11-10T07:21:47.286708+00:00
182,5400172459,0.01827,0.02,sell,False,2022-11-10T07:21:36.062090+00:00
183,5400171653,0.0181575,0.07,sell,False,2022-11-10T07:21:30.529777+00:00
184,5400171383,0.018535,0.01,sell,False,2022-11-10T07:21:28.782688+00:00
185,5400171260,0.018535,0.02,sell,False,2022-11-10T07:21:27.220238+00:00
186,5400171218,0.018535,0.03,sell,False,2022-11-10T07:21:26.854917+00:00
187,5400165117,0.01891,0.01,sell,False,2022-11-10T07:20:48.632004+00:00
188,5400165102,0.01891,0.03,sell,False,2022-11-10T07:20:48.529959+00:00
189,5400165094,0.01891,0.02,buy,False,2022-11-10T07:20:48.479782+00:00
190,5400161409,0.0186,0.02,buy,False,2022-11-10T07:20:20.821752+00:00
191,5400158493,0.01839,0.06,buy,False,2022-11-10T07:20:02.031935+00:00
192,5400124421,0.01829,0.02,sell,False,2022-11-10T07:16:29.863046+00:00
193,5400124353,0.01829,0.02,buy,False,2022-11-10T07:16:29.493674+00:00
194,5400117912,0.018,0.06,buy,False,2022-11-10T07:16:00.822280+00:00
195,5400113023,0.01798,0.02,buy,False,2022-11-10T07:15:38.297306+00:00
196,5400105037,0.0177325,0.06,buy,False,2022-11-10T07:14:48.990302+00:00
197,5400105025,0.01768,0.02,buy,False,2022-11-10T07:14:48.904378+00:00
198,5400102192,0.0176,0.01,buy,False,2022-11-10T07:14:32.121967+00:00
199,5400102170,0.0176,0.11,buy,False,2022-11-10T07:14:31.833985+00:00
200,5400026249,0.0175325,0.06,buy,False,2022-11-10T07:06:06.941432+00:00
201,5400025002,0.01738,0.02,buy,False,2022-11-10T07:05:56.461512+00:00
202,5400024937,0.0172,0.16,buy,False,2022-11-10T07:05:56.052207+00:00
203,5400024887,0.0172,0.04,buy,False,2022-11-10T07:05:55.938154+00:00
204,5400024780,0.0171975,0.1,buy,False,2022-11-10T07:05:55.713558+00:00
205,5400024395,0.0171975,0.02,buy,False,2022-11-10T07:05:52.703407+00:00
206,5400019398,0.01709,0.02,buy,False,2022-11-10T07:05:24.500277+00:00
207,5399984645,0.017065,0.06,buy,False,2022-11-10T07:01:41.253762+00:00
208,5399971196,0.0163425,0.12,sell,False,2022-11-10T07:00:18.686110+00:00
209,5399971195,0.01651,0.02,sell,False,2022-11-10T07:00:18.686110+00:00
210,5399971194,0.0166,0.06,sell,False,2022-11-10T07:00:18.686110+00:00
211,5399961333,0.017065,0.06,buy,False,2022-11-10T06:59:06.461218+00:00
212,5399930516,0.0166,0.06,sell,False,2022-11-10T06:54:59.073224+00:00
213,5399904661,0.0166875,0.03,sell,False,2022-11-10T06:52:11.568976+00:00
214,5399904637,0.0166875,0.04,sell,False,2022-11-10T06:52:11.271248+00:00
215,5399901160,0.0168,0.02,sell,False,2022-11-10T06:51:47.545195+00:00
216,5399899439,0.017035,0.06,sell,False,2022-11-10T06:51:38.101458+00:00
217,5399899414,0.017035,0.01,sell,False,2022-11-10T06:51:37.951051+00:00
218,5399898069,0.01738,0.04,sell,False,2022-11-10T06:51:29.055216+00:00
219,5399897969,0.01738,0.02,buy,False,2022-11-10T06:51:28.332935+00:00
220,5399886840,0.01709,0.02,buy,False,2022-11-10T06:49:49.040129+00:00
221,5399886824,0.017065,0.06,buy,False,2022-11-10T06:49:48.866799+00:00
222,5399886794,0.017,0.28,buy,False,2022-11-10T06:49:48.623177+00:00
223,5399886744,0.01681,0.02,buy,False,2022-11-10T06:49:48.273752+00:00
224,5399886728,0.0166,0.06,buy,False,2022-11-10T06:49:48.071872+00:00
225,5399886709,0.01653,0.02,buy,False,2022-11-10T06:49:47.847264+00:00
226,5399886659,0.0165,0.62,buy,False,2022-11-10T06:49:47.318043+00:00
227,5399886606,0.0165,0.99,buy,False,2022-11-10T06:49:46.942248+00:00
228,5399886540,0.0165,0.13,buy,False,2022-11-10T06:49:46.252070+00:00
229,5399886479,0.01625,0.02,buy,False,2022-11-10T06:49:45.467167+00:00
230,5399886450,0.016165,0.3,buy,False,2022-11-10T06:49:45.097746+00:00
231,5399886432,0.0161625,0.19,buy,False,2022-11-10T06:49:44.846844+00:00
232,5399886412,0.0161325,0.06,buy,False,2022-11-10T06:49:44.673564+00:00
233,5399848484,0.01552,0.08,sell,False,2022-11-10T06:44:46.984971+00:00
234,5399848444,0.015665,0.02,sell,False,2022-11-10T06:44:46.623832+00:00
235,5399848393,0.015665,0.02,sell,False,2022-11-10T06:44:46.049746+00:00
236,5399848391,0.015665,0.02,sell,False,2022-11-10T06:44:45.989696+00:00
237,5399848371,0.01571,0.02,sell,False,2022-11-10T06:44:45.853433+00:00
238,5399846526,0.01585,0.03,sell,False,2022-11-10T06:44:35.501967+00:00
239,5399846455,0.01585,0.05,sell,False,2022-11-10T06:44:35.191536+00:00
240,5399845099,0.0158525,0.04,sell,False,2022-11-10T06:44:28.708938+00:00
241,5399844906,0.0158525,0.15,sell,False,2022-11-10T06:44:27.758978+00:00
242,5399844752,0.01618,0.03,sell,False,2022-11-10T06:44:27.156960+00:00
243,5399844690,0.01618,0.04,sell,False,2022-11-10T06:44:26.702548+00:00
244,5399824931,0.0165,10.07,buy,False,2022-11-10T06:42:51.739740+00:00
245,5399824930,0.0165,69.93,buy,False,2022-11-10T06:42:51.739740+00:00
246,5399813136,0.0165,0.07,buy,False,2022-11-10T06:41:57.331386+00:00
247,5399787844,0.0163375,0.22,buy,False,2022-11-10T06:39:55.257632+00:00
248,5399787470,0.016335,0.18,buy,False,2022-11-10T06:39:52.875213+00:00
249,5399786041,0.01625,0.02,buy,False,2022-11-10T06:39:43.879840+00:00
250,5399779044,0.0161325,0.04,buy,False,2022-11-10T06:39:06.712272+00:00
251,5399721550,0.0161325,0.02,buy,False,2022-11-10T06:34:20.457992+00:00
252,5399721362,0.015665,0.06,sell,False,2022-11-10T06:34:18.243186+00:00
253,5399721350,0.01571,0.02,sell,False,2022-11-10T06:34:18.077759+00:00
254,5399721254,0.01585,0.08,sell,False,2022-11-10T06:34:17.447411+00:00
255,5399721194,0.01618,0.24,sell,False,2022-11-10T06:34:17.002627+00:00
256,5399721193,0.01618,0.07,sell,False,2022-11-10T06:34:17.002627+00:00
257,5399721186,0.0161825,0.18,sell,False,2022-11-10T06:34:16.952216+00:00
258,5399719554,0.0165,0.43,buy,False,2022-11-10T06:33:58.782144+00:00
259,5399719424,0.0165,0.94,buy,False,2022-11-10T06:33:57.406127+00:00
260,5399719330,0.0165,0.07,buy,False,2022-11-10T06:33:56.887837+00:00
261,5399719329,0.0165,0.01,buy,False,2022-11-10T06:33:56.882345+00:00
262,5399719303,0.0165,1.02,buy,False,2022-11-10T06:33:56.678776+00:00
263,5399719301,0.0165,0.09,buy,False,2022-11-10T06:33:56.634836+00:00
264,5399719288,0.0165,0.3,buy,False,2022-11-10T06:33:56.472855+00:00
265,5399719280,0.0165,1.01,buy,False,2022-11-10T06:33:56.363797+00:00
266,5399719240,0.0165,0.08,buy,False,2022-11-10T06:33:55.913980+00:00
267,5399719229,0.0165,0.53,buy,False,2022-11-10T06:33:55.733003+00:00
268,5399719150,0.0165,0.91,buy,False,2022-11-10T06:33:55.299498+00:00
269,5399719126,0.0165,0.08,buy,False,2022-11-10T06:33:55.012416+00:00
270,5399718517,0.0165,0.06,buy,False,2022-11-10T06:33:48.362166+00:00
271,5399717327,0.0165,0.01,buy,False,2022-11-10T06:33:38.890334+00:00
272,5399717284,0.0165,0.01,buy,False,2022-11-10T06:33:38.271773+00:00
273,5399713828,0.0165,0.01,buy,False,2022-11-10T06:33:03.068677+00:00
274,5399713802,0.0165,0.01,buy,False,2022-11-10T06:33:02.795437+00:00
275,5399713364,0.0165,0.01,buy,False,2022-11-10T06:32:58.032522+00:00
276,5399713362,0.0165,0.95,buy,False,2022-11-10T06:32:57.997452+00:00
277,5399713348,0.0165,0.03,buy,False,2022-11-10T06:32:57.826772+00:00
278,5399713321,0.0165,1.01,buy,False,2022-11-10T06:32:57.583660+00:00
279,5399713307,0.0165,0.06,buy,False,2022-11-10T06:32:57.473786+00:00
280,5399713304,0.0165,1.0,buy,False,2022-11-10T06:32:57.461200+00:00
281,5399713256,0.0165,0.96,buy,False,2022-11-10T06:32:56.955933+00:00
282,5399713243,0.0165,0.96,buy,False,2022-11-10T06:32:56.561789+00:00
283,5399713210,0.0165,0.04,buy,False,2022-11-10T06:32:56.238683+00:00
284,5399713178,0.0165,0.98,buy,False,2022-11-10T06:32:55.874392+00:00
285,5399713133,0.0165,0.98,buy,False,2022-11-10T06:32:55.328875+00:00
286,5399712979,0.0165,0.02,buy,False,2022-11-10T06:32:53.102355+00:00
287,5399712878,0.0165,0.02,buy,False,2022-11-10T06:32:52.229112+00:00
288,5399712853,0.0165,0.02,buy,False,2022-11-10T06:32:51.791198+00:00
289,5399712847,0.0165,0.01,buy,False,2022-11-10T06:32:51.739765+00:00
290,5399712815,0.0165,0.01,buy,False,2022-11-10T06:32:50.962114+00:00
291,5399712686,0.0165,0.02,buy,False,2022-11-10T06:32:49.945049+00:00
292,5399705851,0.0165,0.01,buy,False,2022-11-10T06:32:03.941112+00:00
293,5399703929,0.0165,0.04,buy,False,2022-11-10T06:31:51.472209+00:00
294,5399703874,0.0165,0.96,buy,False,2022-11-10T06:31:51.062963+00:00
295,5399703672,0.0165,2.5,buy,False,2022-11-10T06:31:49.543731+00:00
296,5399703585,0.0165,0.03,buy,False,2022-11-10T06:31:49.039693+00:00
297,5399701981,0.0165,0.01,buy,False,2022-11-10T06:31:38.977315+00:00
298,5399701895,0.0165,0.01,buy,False,2022-11-10T06:31:38.071510+00:00
299,5399701255,0.0165,1.0,buy,False,2022-11-10T06:31:34.083203+00:00
300,5399701178,0.0165,0.97,buy,False,2022-11-10T06:31:33.587170+00:00
301,5399701102,0.0165,1.0,buy,False,2022-11-10T06:31:33.091708+00:00
302,5399693398,0.0165,0.05,buy,False,2022-11-10T06:30:32.886187+00:00
303,5399675035,0.0165,0.96,buy,False,2022-11-10T06:28:39.581118+00:00
304,5399674964,0.0165,0.97,buy,False,2022-11-10T06:28:39.036678+00:00
305,5399674753,0.0165,0.01,buy,False,2022-11-10T06:28:37.468854+00:00
306,5399674699,0.0165,0.01,buy,False,2022-11-10T06:28:37.066824+00:00
307,5399671261,0.0165,0.01,buy,False,2022-11-10T06:28:13.538585+00:00
308,5399631975,0.0165,1.0,buy,False,2022-11-10T06:23:07.379233+00:00
309,5399631961,0.0165,1.0,buy,False,2022-11-10T06:23:07.198995+00:00
310,5399626017,0.0165,0.07,buy,False,2022-11-10T06:22:28.166283+00:00
311,5399607329,0.01625,0.02,buy,False,2022-11-10T06:20:04.116873+00:00
312,5399606258,0.0162375,0.14,buy,False,2022-11-10T06:20:03.739814+00:00
313,5399606161,0.0162375,0.08,buy,False,2022-11-10T06:20:03.116232+00:00
314,5399606007,0.016235,0.07,buy,False,2022-11-10T06:20:02.538517+00:00
315,5399605876,0.016235,0.09,buy,False,2022-11-10T06:20:01.939034+00:00
316,5399605738,0.016235,0.02,buy,False,2022-11-10T06:20:01.432702+00:00
317,5399602578,0.0161325,0.06,buy,False,2022-11-10T06:19:43.578090+00:00
318,5399580050,0.015665,0.06,sell,False,2022-11-10T06:17:46.738732+00:00
319,5399580008,0.01571,0.02,sell,False,2022-11-10T06:17:46.448126+00:00
320,5399579980,0.0157525,0.08,sell,False,2022-11-10T06:17:46.187032+00:00
321,5399579901,0.01576,0.01,sell,False,2022-11-10T06:17:45.586751+00:00
322,5399579820,0.01576,3.54,sell,False,2022-11-10T06:17:45.159353+00:00
323,5399579765,0.01576,4.72,sell,False,2022-11-10T06:17:44.825775+00:00
324,5399579719,0.01576,0.07,sell,False,2022-11-10T06:17:44.503266+00:00
325,5399579710,0.01576,4.73,sell,False,2022-11-10T06:17:44.444942+00:00
326,5399579639,0.01576,2.37,sell,False,2022-11-10T06:17:44.353562+00:00
327,5399579606,0.01608,0.07,sell,False,2022-11-10T06:17:44.175327+00:00
328,5399579504,0.0160825,0.18,sell,False,2022-11-10T06:17:43.298700+00:00
329,5399579432,0.0164,45.29,sell,False,2022-11-10T06:17:42.879754+00:00
330,5399567308,0.0164,0.01,sell,False,2022-11-10T06:15:50.586299+00:00
331,5399554545,0.0164,0.07,buy,False,2022-11-10T06:14:04.052864+00:00
332,5399549018,0.016255,0.01,buy,False,2022-11-10T06:13:25.259006+00:00
333,5399508130,0.016255,0.06,buy,False,2022-11-10T06:07:32.096246+00:00
334,5399475920,0.016,0.91,buy,False,2022-11-10T06:02:18.369231+00:00
335,5399475889,0.016,1.0,buy,False,2022-11-10T06:02:17.951064+00:00
336,5399474619,0.016,0.65,buy,False,2022-11-10T06:02:05.030191+00:00
337,5399474597,0.016,0.64,buy,False,2022-11-10T06:02:04.914139+00:00
338,5399472041,0.016,1.0,buy,False,2022-11-10T06:01:39.629819+00:00
339,5399471996,0.016,0.01,buy,False,2022-11-10T06:01:39.338190+00:00
340,5399471921,0.016,0.99,buy,False,2022-11-10T06:01:38.734614+00:00
341,5399471728,0.016,1.0,buy,False,2022-11-10T06:01:36.816042+00:00
342,5399471720,0.016,1.0,buy,False,2022-11-10T06:01:36.731575+00:00
343,5399471668,0.016,0.98,buy,False,2022-11-10T06:01:36.084716+00:00
344,5399471113,0.016,0.02,buy,False,2022-11-10T06:01:29.787429+00:00
345,5399450681,0.016,0.98,buy,False,2022-11-10T05:58:00.950916+00:00
346,5399450658,0.016,0.99,buy,False,2022-11-10T05:58:00.721911+00:00
347,5399450608,0.016,0.01,buy,False,2022-11-10T05:58:00.332773+00:00
348,5399450457,0.016,0.01,buy,False,2022-11-10T05:57:59.172037+00:00
349,5399450411,0.016,0.98,buy,False,2022-11-10T05:57:58.349591+00:00
350,5399449333,0.016,0.01,buy,False,2022-11-10T05:57:52.480952+00:00
351,5399449330,0.016,0.02,buy,False,2022-11-10T05:57:52.452013+00:00
352,5399386154,0.016,0.01,buy,False,2022-11-10T05:49:58.473462+00:00
353,5399386090,0.016,1.0,buy,False,2022-11-10T05:49:58.213040+00:00
354,5399386068,0.016,1.0,buy,False,2022-11-10T05:49:58.039778+00:00
355,5399386035,0.016,0.85,buy,False,2022-11-10T05:49:57.687788+00:00
356,5399386033,0.016,0.85,buy,False,2022-11-10T05:49:57.664712+00:00
357,5399385987,0.0160825,0.07,sell,False,2022-11-10T05:49:57.559949+00:00
358,5399382957,0.01581,0.05,buy,False,2022-11-10T05:49:24.723861+00:00
359,5399382786,0.01625,0.02,buy,False,2022-11-10T05:49:22.254255+00:00
360,5399382770,0.0161325,0.06,buy,False,2022-11-10T05:49:22.102692+00:00
361,5399382766,0.0160825,0.09,buy,False,2022-11-10T05:49:22.018708+00:00
362,5399369244,0.0156625,0.05,sell,False,2022-11-10T05:46:11.273842+00:00
363,5399368071,0.0156625,0.02,sell,False,2022-11-10T05:45:50.879537+00:00
364,5399358805,0.01598,0.05,sell,False,2022-11-10T05:43:40.889594+00:00
365,5399358315,0.01598,0.02,buy,False,2022-11-10T05:43:34.832728+00:00
366,5399356938,0.01571,0.02,buy,False,2022-11-10T05:43:19.511489+00:00
367,5399356912,0.0156775,0.01,buy,False,2022-11-10T05:43:19.265000+00:00
368,5399356811,0.0156775,0.06,buy,False,2022-11-10T05:43:18.262088+00:00
369,5399356717,0.015665,0.01,buy,False,2022-11-10T05:43:17.926632+00:00
370,5399354021,0.0155,0.36,buy,False,2022-11-10T05:42:50.789511+00:00
371,5399354000,0.0155,0.34,buy,False,2022-11-10T05:42:50.291252+00:00
372,5399353945,0.0155,0.39,buy,False,2022-11-10T05:42:49.819741+00:00
373,5399353915,0.0155,0.34,buy,False,2022-11-10T05:42:49.291322+00:00
374,5399353892,0.0155,0.4,buy,False,2022-11-10T05:42:49.045147+00:00
375,5399353881,0.0155,0.34,buy,False,2022-11-10T05:42:48.639279+00:00
376,5399353797,0.0155,0.4,buy,False,2022-11-10T05:42:47.967921+00:00
377,5399353782,0.0155,0.35,buy,False,2022-11-10T05:42:47.608693+00:00
378,5399353711,0.0155,0.39,buy,False,2022-11-10T05:42:47.196072+00:00
379,5399353692,0.0155,0.35,buy,False,2022-11-10T05:42:46.808595+00:00
380,5399353610,0.0155,0.36,buy,False,2022-11-10T05:42:46.127382+00:00
381,5399353583,0.0155,0.03,buy,False,2022-11-10T05:42:45.764778+00:00
382,5399353563,0.0155,0.35,buy,False,2022-11-10T05:42:45.341783+00:00
383,5399353539,0.0155,0.03,buy,False,2022-11-10T05:42:45.285142+00:00
384,5399353471,0.0155,0.37,buy,False,2022-11-10T05:42:44.814841+00:00
385,5399353074,0.0155,0.36,buy,False,2022-11-10T05:42:41.291030+00:00
386,5399353042,0.0155,0.04,buy,False,2022-11-10T05:42:40.882701+00:00
387,5399353005,0.0155,0.36,buy,False,2022-11-10T05:42:40.324620+00:00
388,5399352639,0.0155,0.14,buy,False,2022-11-10T05:42:37.229342+00:00
389,5399352590,0.0155,0.36,buy,False,2022-11-10T05:42:36.934716+00:00
390,5399352255,0.0155,0.24,buy,False,2022-11-10T05:42:33.856323+00:00
391,5399352218,0.0155,0.31,buy,False,2022-11-10T05:42:33.428950+00:00
392,5399352194,0.0155,0.25,buy,False,2022-11-10T05:42:33.167687+00:00
393,5399352155,0.0155,0.29,buy,False,2022-11-10T05:42:32.716358+00:00
394,5399351560,0.0155,0.37,buy,False,2022-11-10T05:42:26.324017+00:00
395,5399351213,0.0155,0.84,buy,False,2022-11-10T05:42:22.664851+00:00
396,5399351185,0.0155,0.35,buy,False,2022-11-10T05:42:21.961244+00:00
397,5399351183,0.0155,0.88,buy,False,2022-11-10T05:42:21.918891+00:00
398,5399351163,0.0155,0.02,buy,False,2022-11-10T05:42:21.523296+00:00
399,5399350965,0.0155,0.89,buy,False,2022-11-10T05:42:18.395483+00:00
400,5399350801,0.0155,0.02,buy,False,2022-11-10T05:42:17.437122+00:00
401,5399350788,0.0155,0.02,buy,False,2022-11-10T05:42:17.340535+00:00
402,5399350774,0.0155,0.9,buy,False,2022-11-10T05:42:17.161813+00:00
403,5399350607,0.0155,0.91,buy,False,2022-11-10T05:42:16.772109+00:00
404,5399350562,0.0155,0.92,buy,False,2022-11-10T05:42:16.244690+00:00
405,5399350528,0.0155,0.93,buy,False,2022-11-10T05:42:15.867584+00:00
406,5399350502,0.0155,0.03,buy,False,2022-11-10T05:42:15.362017+00:00
407,5399350484,0.0155,0.77,buy,False,2022-11-10T05:42:15.131182+00:00
408,5399350483,0.0155,0.18,buy,False,2022-11-10T05:42:15.131182+00:00
409,5399350140,0.0155,0.04,buy,False,2022-11-10T05:42:11.502250+00:00
410,5399350095,0.0155,0.03,buy,False,2022-11-10T05:42:11.301562+00:00
411,5399350085,0.0155,0.01,buy,False,2022-11-10T05:42:11.210373+00:00
412,5399350082,0.0155,0.05,buy,False,2022-11-10T05:42:11.201299+00:00
413,5399350079,0.0155,0.57,buy,False,2022-11-10T05:42:11.111004+00:00
414,5399350075,0.0155,63.09,buy,False,2022-11-10T05:42:10.978385+00:00
415,5399350060,0.0155,0.4,buy,False,2022-11-10T05:42:10.767632+00:00
416,5399350059,0.0155,83.52,buy,False,2022-11-10T05:42:10.751644+00:00
417,5399350032,0.0155,0.57,buy,False,2022-11-10T05:42:10.406083+00:00
418,5399350007,0.0155,0.4,buy,False,2022-11-10T05:42:09.935779+00:00
419,5399349988,0.0155,0.89,buy,False,2022-11-10T05:42:09.435804+00:00
420,5399349974,0.0155,0.08,buy,False,2022-11-10T05:42:09.031031+00:00
421,5399349965,0.0155,0.9,buy,False,2022-11-10T05:42:08.752753+00:00
422,5399349945,0.0155,0.08,buy,False,2022-11-10T05:42:08.286330+00:00
423,5399349934,0.0155,0.91,buy,False,2022-11-10T05:42:07.981200+00:00
424,5399349884,0.0155,0.08,buy,False,2022-11-10T05:42:07.677742+00:00
425,5399349871,0.0155,0.92,buy,False,2022-11-10T05:42:07.270122+00:00
426,5399349840,0.0155,0.08,buy,False,2022-11-10T05:42:06.975656+00:00
427,5399349822,0.0155,0.93,buy,False,2022-11-10T05:42:06.550290+00:00
428,5399349788,0.0155,0.08,buy,False,2022-11-10T05:42:06.183079+00:00
429,5399349777,0.0155,1.02,buy,False,2022-11-10T05:42:06.090173+00:00
430,5399349712,0.0155,0.47,buy,False,2022-11-10T05:42:05.465120+00:00
431,5399349654,0.0155,1.03,buy,False,2022-11-10T05:42:04.886015+00:00
432,5399349609,0.0155,0.04,buy,False,2022-11-10T05:42:04.482894+00:00
433,5399349578,0.0155,1.04,buy,False,2022-11-10T05:42:04.301085+00:00
434,5399349243,0.0155,0.58,buy,False,2022-11-10T05:41:59.760518+00:00
435,5399349152,0.0155,1.17,buy,False,2022-11-10T05:41:59.003860+00:00
436,5399349145,0.0155,0.07,buy,False,2022-11-10T05:41:58.881044+00:00
437,5399348609,0.0155,1.04,buy,False,2022-11-10T05:41:55.062558+00:00
438,5399348477,0.0155,1.05,buy,False,2022-11-10T05:41:53.744922+00:00
439,5399348378,0.0155,1.06,buy,False,2022-11-10T05:41:52.909726+00:00
440,5399348327,0.0155,1.07,buy,False,2022-11-10T05:41:52.387479+00:00
441,5399348251,0.0155,1.08,buy,False,2022-11-10T05:41:51.537194+00:00
442,5399348185,0.0155,1.76,buy,False,2022-11-10T05:41:51.108799+00:00
443,5399347780,0.0155,1.08,buy,False,2022-11-10T05:41:44.449967+00:00
444,5399347588,0.0155,10.0,buy,False,2022-11-10T05:41:42.507879+00:00
445,5399347337,0.0155,0.01,buy,False,2022-11-10T05:41:39.528457+00:00
446,5399345629,0.0155,0.07,buy,False,2022-11-10T05:41:18.914121+00:00
447,5399345116,0.0155,0.37,buy,False,2022-11-10T05:41:13.030738+00:00
448,5399345107,0.0155,2.11,buy,False,2022-11-10T05:41:12.960652+00:00
449,5399345090,0.0155,2.52,buy,False,2022-11-10T05:41:12.685954+00:00
450,5399344864,0.0155,2.11,buy,False,2022-11-10T05:41:09.278342+00:00
451,5399344850,0.0155,2.54,buy,False,2022-11-10T05:41:08.962101+00:00
452,5399344829,0.0155,0.31,buy,False,2022-11-10T05:41:08.460707+00:00
453,5399344440,0.0155,1.0,buy,False,2022-11-10T05:41:02.789839+00:00
454,5399344408,0.0155,0.17,buy,False,2022-11-10T05:41:02.354708+00:00
455,5399344403,0.0155,2.56,buy,False,2022-11-10T05:41:02.185581+00:00
456,5399344386,0.0155,2.86,buy,False,2022-11-10T05:41:01.751199+00:00
457,5399344357,0.0155,3.45,buy,False,2022-11-10T05:41:01.285780+00:00
458,5399344354,0.0155,2.55,buy,False,2022-11-10T05:41:01.187586+00:00
459,5399344335,0.0155,2.57,buy,False,2022-11-10T05:41:00.833665+00:00
460,5399344297,0.0155,2.88,buy,False,2022-11-10T05:41:00.459759+00:00
461,5399344232,0.0155,2.9,buy,False,2022-11-10T05:40:59.956629+00:00
462,5399344168,0.0155,2.88,buy,False,2022-11-10T05:40:59.416254+00:00
463,5399344118,0.0155,0.31,buy,False,2022-11-10T05:40:59.101657+00:00
464,5399344093,0.0155,3.25,buy,False,2022-11-10T05:40:58.714397+00:00
465,5399344063,0.0155,3.21,buy,False,2022-11-10T05:40:58.218056+00:00
466,5399344026,0.0155,3.23,buy,False,2022-11-10T05:40:57.750260+00:00
467,5399344018,0.0155,1.0,buy,False,2022-11-10T05:40:57.633634+00:00
468,5399344013,0.0155,1.0,buy,False,2022-11-10T05:40:57.563865+00:00
469,5399343934,0.0155,0.01,buy,False,2022-11-10T05:40:56.681435+00:00
470,5399343918,0.0155,0.99,buy,False,2022-11-10T05:40:56.309221+00:00
471,5399343862,0.0155,0.01,buy,False,2022-11-10T05:40:55.840049+00:00
472,5399343239,0.0155,0.42,buy,False,2022-11-10T05:40:47.298059+00:00
473,5399343218,0.0155,1.13,buy,False,2022-11-10T05:40:47.101737+00:00
474,5399343129,0.0155,1.4,buy,False,2022-11-10T05:40:46.626943+00:00
475,5399343113,0.0155,1.14,buy,False,2022-11-10T05:40:46.272627+00:00
476,5399343090,0.0155,1.41,buy,False,2022-11-10T05:40:45.880867+00:00
477,5399343075,0.0155,1.15,buy,False,2022-11-10T05:40:45.482876+00:00
478,5399343055,0.0155,1.42,buy,False,2022-11-10T05:40:45.169706+00:00
479,5399343014,0.0155,0.33,buy,False,2022-11-10T05:40:44.548094+00:00
480,5399343010,0.0155,2.59,buy,False,2022-11-10T05:40:44.487934+00:00
481,5399342861,0.0155,0.29,buy,False,2022-11-10T05:40:43.512865+00:00
482,5399342859,0.0155,2.62,buy,False,2022-11-10T05:40:43.471637+00:00
483,5399342802,0.0155,2.65,buy,False,2022-11-10T05:40:42.937821+00:00
484,5399342653,0.0155,1.94,buy,False,2022-11-10T05:40:40.470232+00:00
485,5399342650,0.0155,2.66,buy,False,2022-11-10T05:40:40.420315+00:00
486,5399342629,0.0155,2.68,buy,False,2022-11-10T05:40:39.910668+00:00
487,5399342617,0.0155,2.68,buy,False,2022-11-10T05:40:39.780342+00:00
488,5399342580,0.0155,2.54,buy,False,2022-11-10T05:40:39.078146+00:00
489,5399342561,0.0155,2.74,buy,False,2022-11-10T05:40:38.729627+00:00
490,5399342554,0.0155,2.68,buy,False,2022-11-10T05:40:38.578703+00:00
491,5399342520,0.0155,2.76,buy,False,2022-11-10T05:40:38.107736+00:00
492,5399342512,0.0155,0.07,buy,False,2022-11-10T05:40:37.980625+00:00
493,5399342495,0.0155,2.69,buy,False,2022-11-10T05:40:37.872314+00:00
494,5399342422,0.0155,2.71,buy,False,2022-11-10T05:40:37.183055+00:00
495,5399342374,0.0155,3.23,buy,False,2022-11-10T05:40:36.673127+00:00
496,5399342367,0.0155,2.66,buy,False,2022-11-10T05:40:36.498620+00:00
497,5399342357,0.0155,0.07,buy,False,2022-11-10T05:40:36.414827+00:00
498,5399342295,0.0155,1.67,buy,False,2022-11-10T05:40:35.855787+00:00
499,5399342287,0.0155,2.62,buy,False,2022-11-10T05:40:35.773746+00:00
500,5399342270,0.0155,0.32,buy,False,2022-11-10T05:40:35.365624+00:00
501,5399342250,0.0155,2.96,buy,False,2022-11-10T05:40:35.254672+00:00
502,5399341888,0.0155,2.5,buy,False,2022-11-10T05:40:30.531719+00:00
503,5399341872,0.0155,1.43,buy,False,2022-11-10T05:40:30.191001+00:00
504,5399341868,0.0155,3.0,buy,False,2022-11-10T05:40:30.097919+00:00
505,5399341823,0.0155,3.02,buy,False,2022-11-10T05:40:29.460848+00:00
506,5399341596,0.0155,1.9,buy,False,2022-11-10T05:40:26.735740+00:00
507,5399341585,0.0155,3.02,buy,False,2022-11-10T05:40:26.576816+00:00
508,5399341573,0.0155,5.1,buy,False,2022-11-10T05:40:26.184815+00:00
509,5399341470,0.0155,0.01,buy,False,2022-11-10T05:40:23.842934+00:00
510,5399341463,0.0155,9.76,buy,False,2022-11-10T05:40:23.662358+00:00
511,5399341441,0.0155,1.1,buy,False,2022-11-10T05:40:23.072178+00:00
512,5399341316,0.0155,3.01,buy,False,2022-11-10T05:40:21.788731+00:00
513,5399341235,0.0155,1.29,buy,False,2022-11-10T05:40:21.098089+00:00
514,5399341162,0.0155,1.75,buy,False,2022-11-10T05:40:20.619490+00:00
515,5399341100,0.0155,3.03,buy,False,2022-11-10T05:40:20.178306+00:00
516,5399341071,0.0155,0.33,buy,False,2022-11-10T05:40:19.334456+00:00
517,5399341058,0.0155,3.06,buy,False,2022-11-10T05:40:19.291847+00:00
518,5399340880,0.0155,3.09,buy,False,2022-11-10T05:40:15.954536+00:00
519,5399340868,0.0155,0.31,buy,False,2022-11-10T05:40:15.345237+00:00
520,5399340865,0.0155,3.12,buy,False,2022-11-10T05:40:15.274611+00:00
521,5399340313,0.0155,0.07,buy,False,2022-11-10T05:40:07.970028+00:00
522,5399339722,0.0155,0.99,buy,False,2022-11-10T05:40:00.089920+00:00
523,5399339718,0.0155,0.36,buy,False,2022-11-10T05:39:59.976945+00:00
524,5399339272,0.0155,0.78,buy,False,2022-11-10T05:39:52.323984+00:00
525,5399339261,0.0155,0.28,buy,False,2022-11-10T05:39:52.051395+00:00
526,5399335073,0.0155,0.02,buy,False,2022-11-10T05:38:57.939465+00:00
527,5399335064,0.0155,3.17,buy,False,2022-11-10T05:38:57.821339+00:00
528,5399335045,0.0155,31.51,buy,False,2022-11-10T05:38:57.703051+00:00
529,5399332240,0.0155,8.95,buy,False,2022-11-10T05:38:19.663274+00:00
530,5399332213,0.0155,0.05,buy,False,2022-11-10T05:38:19.310642+00:00
531,5399332205,0.0155,0.05,buy,False,2022-11-10T05:38:19.104998+00:00
532,5399303480,0.0155,0.02,buy,False,2022-11-10T05:33:04.784266+00:00
533,5399303082,0.0155,0.02,buy,False,2022-11-10T05:33:00.822743+00:00
534,5399296296,0.0155,0.02,buy,False,2022-11-10T05:31:55.159260+00:00
535,5399295996,0.0155,0.97,buy,False,2022-11-10T05:31:52.462147+00:00
536,5399295975,0.0155,0.97,buy,False,2022-11-10T05:31:52.293884+00:00
537,5399295878,0.0155,0.04,buy,False,2022-11-10T05:31:51.144587+00:00
538,5399295788,0.0155,0.02,buy,False,2022-11-10T05:31:50.517942+00:00
539,5399295773,0.0155,0.32,buy,False,2022-11-10T05:31:50.343743+00:00
540,5399295718,0.0155,0.31,buy,False,2022-11-10T05:31:49.979685+00:00
541,5399295693,0.0155,0.12,buy,False,2022-11-10T05:31:49.864686+00:00
542,5399295675,0.0155,0.31,buy,False,2022-11-10T05:31:49.651971+00:00
543,5399295674,0.0155,0.96,buy,False,2022-11-10T05:31:49.640275+00:00
544,5399295667,0.0155,0.12,buy,False,2022-11-10T05:31:49.623346+00:00
545,5399295651,0.0155,0.07,buy,False,2022-11-10T05:31:49.526849+00:00
546,5399295623,0.0155,0.68,buy,False,2022-11-10T05:31:49.289686+00:00
547,5399295599,0.0155,1.06,buy,False,2022-11-10T05:31:49.133307+00:00
548,5399295565,0.0155,0.01,buy,False,2022-11-10T05:31:48.913281+00:00
549,5399295563,0.0155,0.12,buy,False,2022-11-10T05:31:48.905268+00:00
550,5399295512,0.0155,0.04,buy,False,2022-11-10T05:31:48.633532+00:00
551,5399295509,0.0155,0.12,buy,False,2022-11-10T05:31:48.612497+00:00
552,5399295506,0.0155,0.9,buy,False,2022-11-10T05:31:48.607890+00:00
553,5399295478,0.0155,0.82,buy,False,2022-11-10T05:31:48.324789+00:00
554,5399295474,0.0155,0.12,buy,False,2022-11-10T05:31:48.249707+00:00
555,5399295425,0.0155,0.17,buy,False,2022-11-10T05:31:47.967922+00:00
556,5399295419,0.0155,0.12,buy,False,2022-11-10T05:31:47.933029+00:00
557,5399295411,0.0155,1.0,buy,False,2022-11-10T05:31:47.879580+00:00
558,5399295409,0.0155,0.06,buy,False,2022-11-10T05:31:47.860269+00:00
559,5399295382,0.0155,0.12,buy,False,2022-11-10T05:31:47.675769+00:00
560,5399295363,0.0155,0.93,buy,False,2022-11-10T05:31:47.589138+00:00
561,5399295294,0.0155,0.06,buy,False,2022-11-10T05:31:47.147068+00:00
562,5399295275,0.0155,0.18,buy,False,2022-11-10T05:31:46.887371+00:00
563,5399295258,0.0155,0.88,buy,False,2022-11-10T05:31:46.587568+00:00
564,5399295146,0.0155,0.4,buy,False,2022-11-10T05:31:45.235218+00:00
565,5399295133,0.0155,0.16,buy,False,2022-11-10T05:31:45.158717+00:00
566,5399295128,0.0155,1.04,buy,False,2022-11-10T05:31:45.128491+00:00
567,5399295105,0.0155,0.94,buy,False,2022-11-10T05:31:44.905227+00:00
568,5399295104,0.0155,0.98,buy,False,2022-11-10T05:31:44.904999+00:00
569,5399295060,0.0155,0.06,buy,False,2022-11-10T05:31:44.448841+00:00
570,5399295057,0.0155,0.05,buy,False,2022-11-10T05:31:44.426815+00:00
571,5399295017,0.0155,0.92,buy,False,2022-11-10T05:31:44.105302+00:00
572,5399294995,0.0155,1.0,buy,False,2022-11-10T05:31:43.960148+00:00
573,5399294963,0.0155,0.07,buy,False,2022-11-10T05:31:43.658995+00:00
574,5399294944,0.0155,0.08,buy,False,2022-11-10T05:31:43.595289+00:00
575,5399294934,0.0155,0.91,buy,False,2022-11-10T05:31:43.432328+00:00
576,5399294929,0.0155,0.94,buy,False,2022-11-10T05:31:43.296097+00:00
577,5399294917,0.0155,0.45,buy,False,2022-11-10T05:31:43.065117+00:00
578,5399294916,0.0155,0.02,buy,False,2022-11-10T05:31:43.061762+00:00
579,5399293613,0.0155,0.04,buy,False,2022-11-10T05:31:27.676949+00:00
580,5399293565,0.0155,0.04,buy,False,2022-11-10T05:31:27.355930+00:00
581,5399290233,0.0155,0.04,buy,False,2022-11-10T05:30:54.207644+00:00
582,5399289029,0.0155,1.16,buy,False,2022-11-10T05:30:38.689461+00:00
583,5399286688,0.0155,0.02,buy,False,2022-11-10T05:30:15.563886+00:00
584,5399285919,0.0155,2.42,buy,False,2022-11-10T05:30:08.750345+00:00
585,5399285076,0.0155,6.4,buy,False,2022-11-10T05:30:02.459385+00:00
586,5399284989,0.0155,0.32,buy,False,2022-11-10T05:30:01.805087+00:00
587,5399282244,0.0155,0.04,buy,False,2022-11-10T05:29:37.124885+00:00
588,5399279052,0.0155,0.04,buy,False,2022-11-10T05:29:09.529917+00:00
589,5399278647,0.0155,0.99,buy,False,2022-11-10T05:29:06.626486+00:00
590,5399278536,0.0155,1.11,buy,False,2022-11-10T05:29:06.125334+00:00
591,5399278486,0.0155,0.99,buy,False,2022-11-10T05:29:05.929902+00:00
592,5399278306,0.0155,1.09,buy,False,2022-11-10T05:29:05.089652+00:00
593,5399278253,0.0155,1.08,buy,False,2022-11-10T05:29:04.627936+00:00
594,5399278175,0.0155,1.0,buy,False,2022-11-10T05:29:04.283773+00:00
595,5399278052,0.0155,1.08,buy,False,2022-11-10T05:29:03.761062+00:00
596,5399278040,0.0155,1.0,buy,False,2022-11-10T05:29:03.679635+00:00
597,5399277953,0.0155,1.07,buy,False,2022-11-10T05:29:03.435798+00:00
598,5399277884,0.0155,1.06,buy,False,2022-11-10T05:29:03.086302+00:00
599,5399277841,0.0155,1.0,buy,False,2022-11-10T05:29:02.659450+00:00
600,5399277831,0.0155,1.05,buy,False,2022-11-10T05:29:02.578669+00:00
601,5399277750,0.0155,1.04,buy,False,2022-11-10T05:29:01.875007+00:00
602,5399277727,0.0155,1.0,buy,False,2022-11-10T05:29:01.554204+00:00
603,5399277724,0.0155,1.03,buy,False,2022-11-10T05:29:01.507607+00:00
604,5399277674,0.0155,0.99,buy,False,2022-11-10T05:29:01.177166+00:00
605,5399277620,0.0155,1.01,buy,False,2022-11-10T05:29:00.914090+00:00
606,5399277587,0.0155,1.0,buy,False,2022-11-10T05:29:00.673297+00:00
607,5399277310,0.0155,0.95,buy,False,2022-11-10T05:28:59.355152+00:00
608,5399277263,0.0155,0.76,buy,False,2022-11-10T05:28:59.006816+00:00
609,5399277170,0.0155,0.99,buy,False,2022-11-10T05:28:58.952962+00:00
610,5399275352,0.0155,0.04,buy,False,2022-11-10T05:28:47.138931+00:00
611,5399268060,0.0155,0.01,buy,False,2022-11-10T05:28:05.602706+00:00
612,5399268024,0.0155,0.14,buy,False,2022-11-10T05:28:05.391357+00:00
613,5399267982,0.0155,0.38,buy,False,2022-11-10T05:28:05.122886+00:00
614,5399267937,0.0155,0.42,buy,False,2022-11-10T05:28:04.772028+00:00
615,5399267882,0.0155,0.57,buy,False,2022-11-10T05:28:04.390990+00:00
616,5399267849,0.0155,0.19,buy,False,2022-11-10T05:28:04.165593+00:00
617,5399267395,0.0155,0.04,buy,False,2022-11-10T05:28:02.845600+00:00
618,5399266592,0.0155,0.01,buy,False,2022-11-10T05:27:58.915898+00:00
619,5399264659,0.0155,0.02,buy,False,2022-11-10T05:27:48.685431+00:00
620,5399259224,0.0155,0.02,buy,False,2022-11-10T05:27:10.482361+00:00
621,5399259063,0.0155,0.04,buy,False,2022-11-10T05:27:09.554083+00:00
622,5399259014,0.0155,0.35,buy,False,2022-11-10T05:27:09.139285+00:00
623,5399258857,0.0155,0.99,buy,False,2022-11-10T05:27:08.137357+00:00
624,5399258847,0.0155,0.36,buy,False,2022-11-10T05:27:08.052863+00:00
625,5399258822,0.0155,0.01,buy,False,2022-11-10T05:27:07.895755+00:00
626,5399258699,0.0155,0.24,buy,False,2022-11-10T05:27:07.149482+00:00
627,5399258692,0.0155,0.99,buy,False,2022-11-10T05:27:07.041042+00:00
628,5399258579,0.0155,0.02,buy,False,2022-11-10T05:27:06.146600+00:00
629,5399258563,0.0155,0.99,buy,False,2022-11-10T05:27:06.066757+00:00
630,5399258549,0.0155,1.02,buy,False,2022-11-10T05:27:05.989896+00:00
631,5399258460,0.0155,1.04,buy,False,2022-11-10T05:27:05.129628+00:00
632,5399258426,0.0155,0.71,buy,False,2022-11-10T05:27:04.899195+00:00
633,5399258412,0.0155,1.0,buy,False,2022-11-10T05:27:04.707196+00:00
634,5399258404,0.0155,1.05,buy,False,2022-11-10T05:27:04.680069+00:00
635,5399258361,0.0155,1.05,buy,False,2022-11-10T05:27:04.404228+00:00
636,5399258241,0.0155,1.06,buy,False,2022-11-10T05:27:03.884307+00:00
637,5399258149,0.0155,1.07,buy,False,2022-11-10T05:27:03.430545+00:00
638,5399258077,0.0155,1.08,buy,False,2022-11-10T05:27:02.987832+00:00
639,5399258036,0.0155,0.02,buy,False,2022-11-10T05:27:02.765606+00:00
640,5399258022,0.0155,0.34,buy,False,2022-11-10T05:27:02.664213+00:00
641,5399257991,0.0155,0.36,buy,False,2022-11-10T05:27:02.341883+00:00
642,5399257944,0.0155,0.2,buy,False,2022-11-10T05:27:01.944113+00:00
643,5399257926,0.0155,0.62,buy,False,2022-11-10T05:27:01.794916+00:00
644,5399257811,0.0155,0.01,buy,False,2022-11-10T05:27:01.018274+00:00
645,5399257775,0.0155,0.32,buy,False,2022-11-10T05:27:00.724687+00:00
646,5399257750,0.0155,0.6,buy,False,2022-11-10T05:27:00.446329+00:00
647,5399257735,0.0155,0.02,buy,False,2022-11-10T05:27:00.337084+00:00
648,5399257575,0.0155,0.02,buy,False,2022-11-10T05:26:59.056474+00:00
649,5399257512,0.0155,0.02,buy,False,2022-11-10T05:26:58.547386+00:00
650,5399257487,0.0155,0.02,buy,False,2022-11-10T05:26:58.423730+00:00
651,5399257478,0.0155,0.02,buy,False,2022-11-10T05:26:58.375975+00:00
652,5399256271,0.0155,0.05,buy,False,2022-11-10T05:26:48.875495+00:00
653,5399256233,0.0155,0.01,buy,False,2022-11-10T05:26:48.543745+00:00
654,5399256026,0.0155,0.04,buy,False,2022-11-10T05:26:47.472818+00:00
655,5399252953,0.0155,2.66,buy,False,2022-11-10T05:26:27.826136+00:00
656,5399252924,0.0155,8.22,buy,False,2022-11-10T05:26:27.671443+00:00
657,5399252841,0.0155,1.49,buy,False,2022-11-10T05:26:27.163953+00:00
658,5399252826,0.0155,8.33,buy,False,2022-11-10T05:26:27.084629+00:00
659,5399252502,0.0155,0.05,buy,False,2022-11-10T05:26:25.035610+00:00
660,5399252142,0.0155,0.07,buy,False,2022-11-10T05:26:22.916108+00:00
661,5399252081,0.0155,4.76,buy,False,2022-11-10T05:26:22.504819+00:00
662,5399252062,0.0155,4.79,buy,False,2022-11-10T05:26:22.378525+00:00
663,5399252016,0.0155,0.36,buy,False,2022-11-10T05:26:22.089366+00:00
664,5399251835,0.0155,0.68,buy,False,2022-11-10T05:26:20.536136+00:00
665,5399251820,0.0155,0.07,buy,False,2022-11-10T05:26:20.426777+00:00
666,5399251785,0.0155,0.08,buy,False,2022-11-10T05:26:20.146135+00:00
667,5399251672,0.0155,5.71,buy,False,2022-11-10T05:26:19.276444+00:00
668,5399250545,0.0155,9.89,buy,False,2022-11-10T05:26:12.079523+00:00
669,5399248275,0.0155,9.89,buy,False,2022-11-10T05:25:58.946589+00:00
670,5399244055,0.0155,2.88,buy,False,2022-11-10T05:25:40.189731+00:00
671,5399243486,0.0155,1.3,buy,False,2022-11-10T05:25:38.023138+00:00
672,5399233974,0.0155,7.8,buy,False,2022-11-10T05:24:43.539848+00:00
673,5399231183,0.0155,9.28,buy,False,2022-11-10T05:24:31.022996+00:00
674,5399229409,0.0155,9.89,buy,False,2022-11-10T05:24:21.667285+00:00
675,5399226650,0.0155,0.05,buy,False,2022-11-10T05:24:04.940637+00:00
676,5399226639,0.0155,0.04,buy,False,2022-11-10T05:24:04.865689+00:00
677,5399225525,0.0155,0.04,buy,False,2022-11-10T05:23:58.015818+00:00
678,5399225493,0.0155,0.99,buy,False,2022-11-10T05:23:57.861676+00:00
679,5399223073,0.0155,0.04,buy,False,2022-11-10T05:23:47.246195+00:00
680,5399223052,0.0155,0.02,buy,False,2022-11-10T05:23:47.140769+00:00
681,5399222226,0.0155,0.02,buy,False,2022-11-10T05:23:43.081059+00:00
682,5399222085,0.0155,0.02,buy,False,2022-11-10T05:23:42.710465+00:00
683,5399221035,0.0155,0.01,buy,False,2022-11-10T05:23:37.159050+00:00
684,5399220941,0.0155,0.01,buy,False,2022-11-10T05:23:36.468096+00:00
685,5399219017,0.0155,9.9,buy,False,2022-11-10T05:23:24.668646+00:00
686,5399216838,0.0155,9.9,buy,False,2022-11-10T05:23:09.703132+00:00
687,5399215388,0.0155,9.9,buy,False,2022-11-10T05:23:00.990780+00:00
688,5399214156,0.0155,0.37,buy,False,2022-11-10T05:22:52.696954+00:00
689,5399214087,0.0155,0.04,buy,False,2022-11-10T05:22:51.495552+00:00
690,5399213458,0.0155,0.05,buy,False,2022-11-10T05:22:43.877633+00:00
691,5399212133,0.0155,0.04,buy,False,2022-11-10T05:22:32.311731+00:00
692,5399211428,0.0155,9.46,buy,False,2022-11-10T05:22:26.789991+00:00
693,5399211360,0.0155,20.17,buy,False,2022-11-10T05:22:26.088218+00:00
694,5399210459,0.0155,0.05,buy,False,2022-11-10T05:22:18.397474+00:00
695,5399208596,0.0155,0.05,buy,False,2022-11-10T05:22:07.214347+00:00
696,5399208493,0.0155,9.89,buy,False,2022-11-10T05:22:06.615699+00:00
697,5399208428,0.0155,9.89,buy,False,2022-11-10T05:22:06.080715+00:00
698,5399207500,0.0155,9.89,buy,False,2022-11-10T05:22:01.387343+00:00
699,5399207160,0.0155,0.05,buy,False,2022-11-10T05:21:59.406350+00:00
700,5399206863,0.0155,9.89,buy,False,2022-11-10T05:21:57.876707+00:00
701,5399205895,0.0155,9.89,buy,False,2022-11-10T05:21:55.120994+00:00
702,5399205546,0.0155,0.05,buy,False,2022-11-10T05:21:53.807936+00:00
703,5399205533,0.0155,9.89,buy,False,2022-11-10T05:21:53.693006+00:00
704,5399204881,0.0155,0.06,buy,False,2022-11-10T05:21:49.117894+00:00
705,5399204655,0.0155,9.89,buy,False,2022-11-10T05:21:47.171066+00:00
706,5399204303,0.0155,9.89,buy,False,2022-11-10T05:21:45.131861+00:00
707,5399203542,0.0155,0.03,buy,False,2022-11-10T05:21:37.946252+00:00
708,5399203485,0.0155,0.02,buy,False,2022-11-10T05:21:37.162423+00:00
709,5399203369,0.0155,9.89,buy,False,2022-11-10T05:21:36.279160+00:00
710,5399202216,0.0155,0.05,buy,False,2022-11-10T05:21:27.758997+00:00
711,5399201181,0.0155,9.89,buy,False,2022-11-10T05:21:17.428146+00:00
712,5399200163,0.0155,9.89,buy,False,2022-11-10T05:21:08.987546+00:00
713,5399196897,0.0155,0.01,buy,False,2022-11-10T05:20:51.473622+00:00
714,5399196777,0.0155,1.12,buy,False,2022-11-10T05:20:50.693472+00:00
715,5399196125,0.0155,9.22,buy,False,2022-11-10T05:20:44.933339+00:00
716,5399196094,0.0155,8.87,buy,False,2022-11-10T05:20:44.711296+00:00
717,5399196032,0.0155,0.32,buy,False,2022-11-10T05:20:44.217252+00:00
718,5399195203,0.0155,0.97,buy,False,2022-11-10T05:20:37.994666+00:00
719,5399194916,0.0155,0.01,buy,False,2022-11-10T05:20:36.157990+00:00
720,5399194613,0.0155,0.02,buy,False,2022-11-10T05:20:34.788763+00:00
721,5399194582,0.0155,0.05,buy,False,2022-11-10T05:20:34.574053+00:00
722,5399194479,0.0155,0.05,buy,False,2022-11-10T05:20:34.197074+00:00
723,5399194236,0.0155,0.01,buy,False,2022-11-10T05:20:32.406593+00:00
724,5399194127,0.0155,6.61,buy,False,2022-11-10T05:20:31.963472+00:00
725,5399194085,0.0155,2.35,buy,False,2022-11-10T05:20:31.606551+00:00
726,5399193386,0.0155,0.98,buy,False,2022-11-10T05:20:27.213670+00:00
727,5399193197,0.0155,1.97,buy,False,2022-11-10T05:20:25.093654+00:00
728,5399193190,0.0155,0.04,buy,False,2022-11-10T05:20:25.006809+00:00
729,5399193180,0.0155,5.41,buy,False,2022-11-10T05:20:24.875124+00:00
730,5399193131,0.0155,0.57,buy,False,2022-11-10T05:20:24.572599+00:00
731,5399190307,0.0155,1.05,buy,False,2022-11-10T05:20:05.065686+00:00
732,5399186544,0.0155,0.03,buy,False,2022-11-10T05:19:40.320712+00:00
733,5399186516,0.0155,0.03,buy,False,2022-11-10T05:19:39.983988+00:00
734,5399180273,0.0155,128.96,buy,False,2022-11-10T05:19:05.447859+00:00
735,5399160583,0.0155,0.02,buy,False,2022-11-10T05:17:18.823359+00:00
736,5399156098,0.0155,0.05,buy,False,2022-11-10T05:17:03.497471+00:00
737,5399155232,0.0155,0.99,buy,False,2022-11-10T05:16:59.702198+00:00
738,5399155189,0.0155,1.0,buy,False,2022-11-10T05:16:59.458836+00:00
739,5399155140,0.0155,0.99,buy,False,2022-11-10T05:16:59.234383+00:00
740,5399155036,0.0155,0.01,buy,False,2022-11-10T05:16:58.633932+00:00
741,5399154022,0.0155,0.99,buy,False,2022-11-10T05:16:55.911831+00:00
742,5399149760,0.0155,0.99,buy,False,2022-11-10T05:16:40.401612+00:00
743,5399149636,0.0155,0.99,buy,False,2022-11-10T05:16:39.674632+00:00
744,5399146875,0.0155,1.0,buy,False,2022-11-10T05:16:27.768008+00:00
745,5399146844,0.0155,0.01,buy,False,2022-11-10T05:16:27.700970+00:00
746,5399146837,0.0155,0.12,buy,False,2022-11-10T05:16:27.629949+00:00
747,5399146798,0.0155,0.88,buy,False,2022-11-10T05:16:27.397971+00:00
748,5399146788,0.0155,0.87,buy,False,2022-11-10T05:16:27.294306+00:00
749,5399146701,0.0155,0.05,buy,False,2022-11-10T05:16:27.007172+00:00
750,5399143218,0.0155,0.6,buy,False,2022-11-10T05:16:10.682965+00:00
751,5399143174,0.0155,4.46,buy,False,2022-11-10T05:16:10.556271+00:00
752,5399143138,0.0155,0.12,buy,False,2022-11-10T05:16:10.349176+00:00
753,5399143009,0.0155,0.39,buy,False,2022-11-10T05:16:09.660342+00:00
754,5399139296,0.0155,0.67,buy,False,2022-11-10T05:15:55.667959+00:00
755,5399139228,0.0155,1.0,buy,False,2022-11-10T05:15:54.896713+00:00
756,5399139208,0.0155,0.01,buy,False,2022-11-10T05:15:54.661224+00:00
757,5399139170,0.0155,0.48,buy,False,2022-11-10T05:15:53.997496+00:00
758,5399139164,0.0155,0.51,buy,False,2022-11-10T05:15:53.771959+00:00
759,5399139140,0.0155,1.0,buy,False,2022-11-10T05:15:53.586755+00:00
760,5399137606,0.0155,0.93,buy,False,2022-11-10T05:15:44.740282+00:00
761,5399137594,0.0155,0.02,buy,False,2022-11-10T05:15:44.548944+00:00
762,5399137541,0.0155,0.05,buy,False,2022-11-10T05:15:44.131845+00:00
763,5399137480,0.01549,0.01,buy,False,2022-11-10T05:15:43.818758+00:00
764,5399137275,0.01549,0.06,buy,False,2022-11-10T05:15:42.074082+00:00
765,5399133991,0.01549,0.02,buy,False,2022-11-10T05:15:16.093729+00:00
766,5399133309,0.01549,0.02,buy,False,2022-11-10T05:15:10.939599+00:00
767,5399132725,0.0155,0.02,buy,False,2022-11-10T05:15:06.938991+00:00
768,5399132359,0.0155,0.01,buy,False,2022-11-10T05:15:04.638220+00:00
769,5399132254,0.0155,0.26,buy,False,2022-11-10T05:15:04.232369+00:00
770,5399132163,0.0155,0.09,buy,False,2022-11-10T05:15:03.666831+00:00
771,5399132122,0.0155,1.0,buy,False,2022-11-10T05:15:03.542961+00:00
772,5399132050,0.0155,0.99,buy,False,2022-11-10T05:15:03.271593+00:00
773,5399132006,0.0155,0.01,buy,False,2022-11-10T05:15:03.049439+00:00
774,5399131992,0.0155,0.01,buy,False,2022-11-10T05:15:02.935373+00:00
775,5399131954,0.0155,0.99,buy,False,2022-11-10T05:15:02.676121+00:00
776,5399131918,0.0155,0.99,buy,False,2022-11-10T05:15:02.370341+00:00
777,5399131836,0.0155,0.94,buy,False,2022-11-10T05:15:01.906702+00:00
778,5399131779,0.0155,0.91,buy,False,2022-11-10T05:15:01.607422+00:00
779,5399131771,0.0155,0.99,buy,False,2022-11-10T05:15:01.586115+00:00
780,5399131642,0.0155,1.04,buy,False,2022-11-10T05:15:00.993020+00:00
781,5399131613,0.0155,0.11,buy,False,2022-11-10T05:15:00.854661+00:00
782,5399131567,0.0155,0.15,buy,False,2022-11-10T05:15:00.471074+00:00
783,5399131559,0.0155,0.04,buy,False,2022-11-10T05:15:00.322056+00:00
784,5399131555,0.0155,1.05,buy,False,2022-11-10T05:15:00.258873+00:00
785,5399131520,0.0155,1.06,buy,False,2022-11-10T05:14:59.864353+00:00
786,5399131509,0.0155,0.85,buy,False,2022-11-10T05:14:59.803230+00:00
787,5399131477,0.0155,1.07,buy,False,2022-11-10T05:14:59.376791+00:00
788,5399131438,0.0155,0.13,buy,False,2022-11-10T05:14:59.067999+00:00
789,5399131425,0.0155,0.49,buy,False,2022-11-10T05:14:58.935560+00:00
790,5399131383,0.0155,0.52,buy,False,2022-11-10T05:14:58.553904+00:00
791,5399131376,0.0155,0.57,buy,False,2022-11-10T05:14:58.501485+00:00
792,5399126796,0.0155,0.05,buy,False,2022-11-10T05:14:31.968175+00:00
793,5399126729,0.0155,1.0,buy,False,2022-11-10T05:14:31.654031+00:00
794,5399126688,0.0155,1.01,buy,False,2022-11-10T05:14:31.403214+00:00
795,5399126530,0.0155,1.0,buy,False,2022-11-10T05:14:31.035455+00:00
796,5399125979,0.0155,0.99,buy,False,2022-11-10T05:14:30.352059+00:00
797,5399125244,0.0155,0.8,buy,False,2022-11-10T05:14:29.949250+00:00
798,5399125242,0.0155,0.81,buy,False,2022-11-10T05:14:29.924630+00:00
799,5399125192,0.0155,0.08,buy,False,2022-11-10T05:14:29.634046+00:00
800,5399125133,0.0155,0.13,buy,False,2022-11-10T05:14:29.425883+00:00
801,5399121417,0.0155,0.24,buy,False,2022-11-10T05:14:03.250698+00:00
802,5399121381,0.0155,9.72,buy,False,2022-11-10T05:14:02.890528+00:00
803,5399121034,0.0155,0.02,buy,False,2022-11-10T05:13:59.994015+00:00
804,5399121021,0.0155,1.0,buy,False,2022-11-10T05:13:59.886733+00:00
805,5399120970,0.0155,0.99,buy,False,2022-11-10T05:13:59.503691+00:00
806,5399120944,0.0155,0.97,buy,False,2022-11-10T05:13:59.210013+00:00
807,5399120938,0.0155,1.0,buy,False,2022-11-10T05:13:59.153264+00:00
808,5399120793,0.0155,0.01,buy,False,2022-11-10T05:13:57.675938+00:00
809,5399118122,0.0155,0.62,buy,False,2022-11-10T05:13:37.293135+00:00
810,5399118090,0.0155,0.08,buy,False,2022-11-10T05:13:37.200732+00:00
811,5399116559,0.0155,0.3,buy,False,2022-11-10T05:13:27.951739+00:00
812,5399116557,0.0155,0.81,buy,False,2022-11-10T05:13:27.939645+00:00
813,5399116527,0.0155,0.05,buy,False,2022-11-10T05:13:27.846266+00:00
814,5399116520,0.0155,0.05,buy,False,2022-11-10T05:13:27.800273+00:00
815,5399112175,0.0155,1.0,buy,False,2022-11-10T05:12:58.168260+00:00
816,5399112138,0.0155,0.08,buy,False,2022-11-10T05:12:57.933686+00:00
817,5399109698,0.0155,0.98,buy,False,2022-11-10T05:12:43.277076+00:00
818,5399109391,0.0155,0.07,buy,False,2022-11-10T05:12:41.028209+00:00
819,5399105810,0.0155,0.99,buy,False,2022-11-10T05:12:24.460855+00:00
820,5399103487,0.0155,0.05,buy,False,2022-11-10T05:12:09.733565+00:00
821,5399103477,0.0155,0.12,buy,False,2022-11-10T05:12:09.682060+00:00
822,5399103437,0.0155,0.97,buy,False,2022-11-10T05:12:09.277926+00:00
823,5399103417,0.0155,0.9,buy,False,2022-11-10T05:12:09.096689+00:00
824,5399103381,0.0155,0.99,buy,False,2022-11-10T05:12:08.894716+00:00
825,5399100480,0.0155,0.99,buy,False,2022-11-10T05:11:53.029499+00:00
826,5399100438,0.0155,0.98,buy,False,2022-11-10T05:11:52.831093+00:00
827,5399097823,0.0155,1.0,buy,False,2022-11-10T05:11:41.028939+00:00
828,5399097709,0.0155,1.0,buy,False,2022-11-10T05:11:40.397715+00:00
829,5399097445,0.0155,0.01,buy,False,2022-11-10T05:11:39.144766+00:00
830,5399097308,0.0155,0.01,buy,False,2022-11-10T05:11:38.466735+00:00
831,5399097215,0.0155,0.01,buy,False,2022-11-10T05:11:37.884694+00:00
832,5399097061,0.0155,0.01,buy,False,2022-11-10T05:11:37.151552+00:00
833,5399094449,0.0155,0.99,buy,False,2022-11-10T05:11:26.147714+00:00
834,5399092271,0.0155,0.99,buy,False,2022-11-10T05:11:22.600827+00:00
835,5399090845,0.0155,0.02,buy,False,2022-11-10T05:11:11.173916+00:00
836,5399090383,0.0155,0.02,buy,False,2022-11-10T05:11:06.436281+00:00
837,5399087250,0.0155,0.07,buy,False,2022-11-10T05:10:49.328489+00:00
838,5399087175,0.0155,2.97,buy,False,2022-11-10T05:10:48.983709+00:00
839,5399086718,0.0155,0.99,buy,False,2022-11-10T05:10:45.716268+00:00
840,5399086536,0.0155,1.0,buy,False,2022-11-10T05:10:44.857437+00:00
841,5399086249,0.0155,1.02,buy,False,2022-11-10T05:10:42.985030+00:00
842,5399086190,0.0155,0.57,buy,False,2022-11-10T05:10:42.366980+00:00
843,5399086118,0.0155,1.04,buy,False,2022-11-10T05:10:41.848100+00:00
844,5399086083,0.0155,0.23,buy,False,2022-11-10T05:10:41.543427+00:00
845,5399086039,0.0155,1.05,buy,False,2022-11-10T05:10:41.127989+00:00
846,5399085869,0.0155,0.48,buy,False,2022-11-10T05:10:39.932084+00:00
847,5399085861,0.0155,0.48,buy,False,2022-11-10T05:10:39.867328+00:00
848,5399085728,0.0155,1.06,buy,False,2022-11-10T05:10:39.071215+00:00
849,5399085607,0.0155,1.07,buy,False,2022-11-10T05:10:38.489685+00:00
850,5399085537,0.0155,0.17,buy,False,2022-11-10T05:10:37.956545+00:00
851,5399082225,0.0155,9.89,buy,False,2022-11-10T05:10:16.575908+00:00
852,5399081282,0.0155,9.94,buy,False,2022-11-10T05:10:12.650685+00:00
853,5399081263,0.0155,9.68,buy,False,2022-11-10T05:10:12.465622+00:00
854,5399081022,0.0155,1.0,buy,False,2022-11-10T05:10:10.540968+00:00
855,5399080802,0.0155,0.99,buy,False,2022-11-10T05:10:09.388009+00:00
856,5399077765,0.0155,40.14,buy,False,2022-11-10T05:09:49.847874+00:00
857,5399077399,0.0155,0.07,buy,False,2022-11-10T05:09:47.787431+00:00
858,5399077383,0.0155,0.01,buy,False,2022-11-10T05:09:47.552960+00:00
859,5399076102,0.0155,0.07,buy,False,2022-11-10T05:09:39.011827+00:00
860,5399073621,0.0153475,0.23,buy,False,2022-11-10T05:09:24.554741+00:00
861,5399072986,0.0147325,0.05,sell,False,2022-11-10T05:09:19.855902+00:00
862,5399072985,0.0148875,0.08,sell,False,2022-11-10T05:09:19.855902+00:00
863,5399072984,0.0151975,0.08,sell,False,2022-11-10T05:09:19.855902+00:00
864,5399071344,0.0155,0.53,buy,False,2022-11-10T05:09:10.641349+00:00
865,5399071330,0.0155,0.61,buy,False,2022-11-10T05:09:10.499216+00:00
866,5399071299,0.0155,0.61,buy,False,2022-11-10T05:09:10.392318+00:00
867,5399071175,0.0155,0.01,buy,False,2022-11-10T05:09:10.080820+00:00
868,5399071172,0.0155,1.05,buy,False,2022-11-10T05:09:10.062295+00:00
869,5399071144,0.0155,0.07,buy,False,2022-11-10T05:09:09.919295+00:00
870,5399071116,0.0155,0.01,buy,False,2022-11-10T05:09:09.791128+00:00
871,5399071002,0.0155,0.04,buy,False,2022-11-10T05:09:09.239556+00:00
872,5399070997,0.0155,0.06,buy,False,2022-11-10T05:09:09.181605+00:00
873,5399070987,0.0155,0.99,buy,False,2022-11-10T05:09:09.077760+00:00
874,5399070957,0.0155,0.93,buy,False,2022-11-10T05:09:08.922112+00:00
875,5399070900,0.0155,1.11,buy,False,2022-11-10T05:09:08.671172+00:00
876,5399070860,0.0155,0.95,buy,False,2022-11-10T05:09:08.442251+00:00
877,5399070841,0.0155,1.1,buy,False,2022-11-10T05:09:08.271163+00:00
878,5399070827,0.0155,0.02,buy,False,2022-11-10T05:09:08.182088+00:00
879,5399070816,0.0155,0.02,buy,False,2022-11-10T05:09:08.146916+00:00
880,5399070773,0.0155,0.01,buy,False,2022-11-10T05:09:07.935972+00:00
881,5399070772,0.0155,1.07,buy,False,2022-11-10T05:09:07.930154+00:00
882,5399070690,0.0155,0.02,buy,False,2022-11-10T05:09:07.695647+00:00
883,5399070681,0.0155,1.09,buy,False,2022-11-10T05:09:07.596178+00:00
884,5399070660,0.0155,0.97,buy,False,2022-11-10T05:09:07.444783+00:00
885,5399070643,0.0155,1.08,buy,False,2022-11-10T05:09:07.289157+00:00
886,5399070638,0.0155,0.02,buy,False,2022-11-10T05:09:07.263651+00:00
887,5399070556,0.0155,1.07,buy,False,2022-11-10T05:09:06.784652+00:00
888,5399070507,0.0155,0.97,buy,False,2022-11-10T05:09:06.568732+00:00
889,5399070498,0.0155,0.22,buy,False,2022-11-10T05:09:06.512438+00:00
890,5399070431,0.0155,0.82,buy,False,2022-11-10T05:09:06.278853+00:00
891,5399070424,0.0155,0.79,buy,False,2022-11-10T05:09:06.162784+00:00
892,5399070388,0.0155,1.0,buy,False,2022-11-10T05:09:05.925333+00:00
893,5399070370,0.0155,0.02,buy,False,2022-11-10T05:09:05.790826+00:00
894,5399070351,0.0155,0.08,buy,False,2022-11-10T05:09:05.653957+00:00
895,5399070312,0.0155,0.08,buy,False,2022-11-10T05:09:05.454040+00:00
896,5399070307,0.0155,0.91,buy,False,2022-11-10T05:09:05.405358+00:00
897,5399070282,0.0155,0.09,buy,False,2022-11-10T05:09:05.173599+00:00
898,5399070253,0.0155,0.92,buy,False,2022-11-10T05:09:05.142075+00:00
899,5399070199,0.0155,0.08,buy,False,2022-11-10T05:09:04.868279+00:00
900,5399070088,0.0155,0.99,buy,False,2022-11-10T05:09:04.558855+00:00
901,5399070076,0.0155,0.08,buy,False,2022-11-10T05:09:04.478988+00:00
902,5399070055,0.0155,0.01,buy,False,2022-11-10T05:09:04.376018+00:00
903,5399070021,0.0155,0.02,buy,False,2022-11-10T05:09:04.224604+00:00
904,5399069968,0.0155,0.98,buy,False,2022-11-10T05:09:03.972770+00:00
905,5399069928,0.0155,0.01,buy,False,2022-11-10T05:09:03.634622+00:00
906,5399069869,0.0155,0.98,buy,False,2022-11-10T05:09:03.318985+00:00
907,5399069823,0.0155,0.98,buy,False,2022-11-10T05:09:03.086163+00:00
908,5399067498,0.0155,0.07,buy,False,2022-11-10T05:08:53.565827+00:00
909,5399065221,0.0155,0.01,buy,False,2022-11-10T05:08:40.356109+00:00
910,5399065141,0.01425,0.12,buy,False,2022-11-10T05:08:39.578910+00:00
911,5399064621,0.0138975,0.03,sell,False,2022-11-10T05:08:36.730730+00:00
912,5399064620,0.014205,0.03,sell,False,2022-11-10T05:08:36.730730+00:00
913,5399064552,0.0155,0.02,buy,False,2022-11-10T05:08:36.311345+00:00
914,5399064551,0.0155,0.02,buy,False,2022-11-10T05:08:36.309737+00:00
915,5399064547,0.014205,0.06,sell,False,2022-11-10T05:08:36.255210+00:00
916,5399064493,0.014265,0.06,buy,False,2022-11-10T05:08:35.862237+00:00
917,5399064384,0.0147325,0.06,buy,False,2022-11-10T05:08:35.497713+00:00
918,5399064356,0.0152,0.06,buy,False,2022-11-10T05:08:35.357751+00:00
919,5399064006,0.0151075,0.01,buy,False,2022-11-10T05:08:33.680880+00:00
920,5399063988,0.0151075,0.01,buy,False,2022-11-10T05:08:33.568708+00:00
921,5399063951,0.0151075,0.17,buy,False,2022-11-10T05:08:33.319743+00:00
922,5399063887,0.01511,0.01,buy,False,2022-11-10T05:08:33.032719+00:00
923,5399063806,0.01511,0.31,buy,False,2022-11-10T05:08:32.546555+00:00
924,5399063466,0.0155,0.02,buy,False,2022-11-10T05:08:30.870113+00:00
925,5399063449,0.0155,0.02,buy,False,2022-11-10T05:08:30.697747+00:00
926,5399063251,0.0155,0.02,buy,False,2022-11-10T05:08:29.154358+00:00
927,5399063127,0.0155,0.99,buy,False,2022-11-10T05:08:28.754101+00:00
928,5399063042,0.0155,0.98,buy,False,2022-11-10T05:08:28.442516+00:00
929,5399062844,0.012865,0.06,sell,False,2022-11-10T05:08:26.856561+00:00
930,5399062843,0.0133325,0.06,sell,False,2022-11-10T05:08:26.856561+00:00
931,5399062842,0.0138,0.06,sell,False,2022-11-10T05:08:26.856561+00:00
932,5399062841,0.014265,0.06,sell,False,2022-11-10T05:08:26.856561+00:00
933,5399062840,0.014515,0.09,sell,False,2022-11-10T05:08:26.856561+00:00
934,5399062839,0.0145175,0.19,sell,False,2022-11-10T05:08:26.856561+00:00
935,5399062838,0.0147325,0.04,sell,False,2022-11-10T05:08:26.856561+00:00
936,5399062837,0.0148225,0.08,sell,False,2022-11-10T05:08:26.856561+00:00
937,5399062836,0.0151325,0.08,sell,False,2022-11-10T05:08:26.856561+00:00
938,5399057712,0.0154425,0.07,sell,False,2022-11-10T05:08:00.840085+00:00
939,5399056318,0.0155,0.98,buy,False,2022-11-10T05:07:55.875646+00:00
940,5399056150,0.0155,0.99,buy,False,2022-11-10T05:07:55.346194+00:00
941,5399056069,0.0155,0.15,buy,False,2022-11-10T05:07:54.876113+00:00
942,5399056065,0.0155,0.16,buy,False,2022-11-10T05:07:54.769564+00:00
943,5399055847,0.0155,0.84,buy,False,2022-11-10T05:07:54.409768+00:00
944,5399055837,0.0155,0.85,buy,False,2022-11-10T05:07:54.336880+00:00
945,5399055637,0.0155,1.02,buy,False,2022-11-10T05:07:54.250127+00:00
946,5399055592,0.0155,1.02,buy,False,2022-11-10T05:07:53.741716+00:00
947,5399055575,0.0155,1.03,buy,False,2022-11-10T05:07:53.396944+00:00
948,5399055549,0.0155,1.04,buy,False,2022-11-10T05:07:53.084787+00:00
949,5399055508,0.0155,1.03,buy,False,2022-11-10T05:07:52.712059+00:00
950,5399055507,0.01545,0.02,buy,False,2022-11-10T05:07:52.712059+00:00
951,5399055486,0.0155,0.16,buy,False,2022-11-10T05:07:52.320816+00:00
952,5399055477,0.0155,0.16,buy,False,2022-11-10T05:07:52.183092+00:00
953,5399055464,0.0155,0.9,buy,False,2022-11-10T05:07:52.064309+00:00
954,5399055433,0.0155,0.84,buy,False,2022-11-10T05:07:51.881273+00:00
955,5399055383,0.0155,0.15,buy,False,2022-11-10T05:07:51.449383+00:00
956,5399055358,0.0155,1.07,buy,False,2022-11-10T05:07:51.323436+00:00
957,5399055272,0.0155,0.93,buy,False,2022-11-10T05:07:50.861962+00:00
958,5399055254,0.0155,0.85,buy,False,2022-11-10T05:07:50.668781+00:00
959,5399055142,0.0155,0.08,buy,False,2022-11-10T05:07:49.510343+00:00
960,5399055136,0.0155,0.86,buy,False,2022-11-10T05:07:49.459769+00:00
961,5399055116,0.0155,0.08,buy,False,2022-11-10T05:07:49.331181+00:00
962,5399055086,0.0153375,0.02,buy,False,2022-11-10T05:07:49.191219+00:00
963,5399055056,0.0153375,0.01,buy,False,2022-11-10T05:07:49.023821+00:00
964,5399054993,0.0153375,0.13,buy,False,2022-11-10T05:07:48.271430+00:00
965,5399054977,0.01519,0.02,buy,False,2022-11-10T05:07:48.058045+00:00
966,5399054946,0.0153375,0.07,buy,False,2022-11-10T05:07:47.773294+00:00
967,5399054439,0.0148775,0.02,sell,False,2022-11-10T05:07:43.467119+00:00
968,5399053855,0.0148775,0.02,sell,False,2022-11-10T05:07:38.714844+00:00
969,5399053250,0.01494,0.02,buy,False,2022-11-10T05:07:35.500929+00:00
970,5399052799,0.0148775,0.02,sell,False,2022-11-10T05:07:31.230132+00:00
971,5399052235,0.0148775,0.02,sell,False,2022-11-10T05:07:27.234544+00:00
972,5399051611,0.0151875,0.02,sell,False,2022-11-10T05:07:23.108873+00:00
973,5399051158,0.0151875,0.02,sell,False,2022-11-10T05:07:19.765570+00:00
974,5399050499,0.0151875,0.02,sell,False,2022-11-10T05:07:16.321270+00:00
975,5399050404,0.0155,0.86,buy,False,2022-11-10T05:07:16.005240+00:00
976,5399050402,0.0155,0.88,buy,False,2022-11-10T05:07:15.992275+00:00
977,5399050394,0.0155,1.01,buy,False,2022-11-10T05:07:15.939672+00:00
978,5399050391,0.0155,0.08,buy,False,2022-11-10T05:07:15.912422+00:00
979,5399050337,0.0155,0.13,buy,False,2022-11-10T05:07:15.561600+00:00
980,5399050099,0.0155,1.0,buy,False,2022-11-10T05:07:15.040700+00:00
981,5399049905,0.0155,0.99,buy,False,2022-11-10T05:07:13.737284+00:00
982,5399049895,0.0155,0.99,buy,False,2022-11-10T05:07:13.684298+00:00
983,5399049821,0.0155,0.99,buy,False,2022-11-10T05:07:13.316715+00:00
984,5399049564,0.0151875,0.02,sell,False,2022-11-10T05:07:12.181801+00:00
985,5399048576,0.0147325,0.02,sell,False,2022-11-10T05:07:08.111531+00:00
986,5399048128,0.0154975,0.03,sell,False,2022-11-10T05:07:05.530829+00:00
987,5399048078,0.0154975,0.04,sell,False,2022-11-10T05:07:05.274679+00:00
988,5399047791,0.0155,0.09,buy,False,2022-11-10T05:07:02.954555+00:00
989,5399047785,0.0155,0.41,buy,False,2022-11-10T05:07:02.875494+00:00
990,5399047784,0.0155,0.04,buy,False,2022-11-10T05:07:02.867388+00:00
991,5399047766,0.0154975,0.09,buy,False,2022-11-10T05:07:02.700686+00:00
992,5399047750,0.0154975,0.09,buy,False,2022-11-10T05:07:02.623953+00:00
993,5399047600,0.01501,0.13,buy,False,2022-11-10T05:07:01.821291+00:00
994,5399047577,0.01501,0.01,buy,False,2022-11-10T05:07:01.625274+00:00
995,5399047505,0.01501,0.01,buy,False,2022-11-10T05:07:01.001841+00:00
996,5399047471,0.01501,0.04,buy,False,2022-11-10T05:07:00.642629+00:00
997,5399047452,0.01501,0.05,buy,False,2022-11-10T05:07:00.389038+00:00
998,5399047423,0.01501,0.17,buy,False,2022-11-10T05:07:00.174376+00:00
999,5399047183,0.0137325,0.06,buy,False,2022-11-10T05:06:57.922014+00:00
1000,5399047134,0.0138,0.06,buy,False,2022-11-10T05:06:57.548919+00:00
1001,5399047081,0.014265,0.06,buy,False,2022-11-10T05:06:57.060388+00:00
1002,5399046977,0.0147325,0.06,buy,False,2022-11-10T05:06:56.465459+00:00
1003,5399046941,0.0152,0.04,buy,False,2022-11-10T05:06:56.208263+00:00
1004,5399046932,0.0152,0.02,buy,False,2022-11-10T05:06:56.142473+00:00
1005,5399046697,0.0127,0.11,sell,False,2022-11-10T05:06:53.482046+00:00
1006,5399046208,0.0126,0.11,sell,False,2022-11-10T05:06:51.297523+00:00
1007,5399045670,0.01241,0.02,sell,False,2022-11-10T05:06:49.369435+00:00
1008,5399045669,0.01262,0.02,sell,False,2022-11-10T05:06:49.369435+00:00
1009,5399045668,0.01283,0.02,sell,False,2022-11-10T05:06:49.369435+00:00
1010,5399045667,0.012865,0.06,sell,False,2022-11-10T05:06:49.369435+00:00
1011,5399045666,0.01305,0.02,sell,False,2022-11-10T05:06:49.369435+00:00
1012,5399045665,0.01327,0.02,sell,False,2022-11-10T05:06:49.369435+00:00
1013,5399045664,0.0133325,0.06,sell,False,2022-11-10T05:06:49.369435+00:00
1014,5399045663,0.0135,0.02,sell,False,2022-11-10T05:06:49.369435+00:00
1015,5399045662,0.01373,0.02,sell,False,2022-11-10T05:06:49.369435+00:00
1016,5399045661,0.0138,0.06,sell,False,2022-11-10T05:06:49.369435+00:00
1017,5399045660,0.01396,0.02,sell,False,2022-11-10T05:06:49.369435+00:00
1018,5399045659,0.01419,0.02,sell,False,2022-11-10T05:06:49.369435+00:00
1019,5399045658,0.014265,0.06,sell,False,2022-11-10T05:06:49.369435+00:00
1020,5399045657,0.0142675,0.09,sell,False,2022-11-10T05:06:49.369435+00:00
1021,5399045656,0.01444,0.02,sell,False,2022-11-10T05:06:49.369435+00:00
1022,5399045655,0.0145775,0.09,sell,False,2022-11-10T05:06:49.369435+00:00
1023,5399045654,0.01458,0.18,sell,False,2022-11-10T05:06:49.369435+00:00
1024,5399045653,0.01469,0.02,sell,False,2022-11-10T05:06:49.369435+00:00
1025,5399045652,0.0147325,0.06,sell,False,2022-11-10T05:06:49.369435+00:00
1026,5399045651,0.0148875,0.08,sell,False,2022-11-10T05:06:49.369435+00:00
1027,5399045650,0.01493,0.02,sell,False,2022-11-10T05:06:49.369435+00:00
1028,5399045649,0.01495,0.09,sell,False,2022-11-10T05:06:49.369435+00:00
1029,5399044797,0.0155,0.02,buy,False,2022-11-10T05:06:46.018097+00:00
1030,5399044775,0.0155,0.02,buy,False,2022-11-10T05:06:45.888325+00:00
1031,5399044681,0.0155,0.02,buy,False,2022-11-10T05:06:45.427018+00:00
1032,5399044087,0.0155,0.02,buy,False,2022-11-10T05:06:42.651354+00:00
1033,5399043741,0.0155,0.98,buy,False,2022-11-10T05:06:40.910022+00:00
1034,5399043415,0.0155,0.34,buy,False,2022-11-10T05:06:39.397938+00:00
1035,5399043391,0.0155,0.34,buy,False,2022-11-10T05:06:39.252913+00:00
1036,5399043357,0.0155,0.03,buy,False,2022-11-10T05:06:39.080218+00:00
1037,5399043348,0.0155,0.08,buy,False,2022-11-10T05:06:39.064463+00:00
1038,5399043300,0.0155,0.03,buy,False,2022-11-10T05:06:38.980786+00:00
1039,5399043286,0.0155,0.23,buy,False,2022-11-10T05:06:38.887384+00:00
1040,5399043280,0.0155,0.23,buy,False,2022-11-10T05:06:38.866395+00:00
1041,5399043244,0.0155,0.07,buy,False,2022-11-10T05:06:38.734285+00:00
1042,5399043157,0.0155,0.02,buy,False,2022-11-10T05:06:38.329900+00:00
1043,5399042615,0.0155,0.02,buy,False,2022-11-10T05:06:38.155135+00:00
1044,5399042614,0.0155,0.02,buy,False,2022-11-10T05:06:38.120667+00:00
1045,5399042601,0.0155,1.01,buy,False,2022-11-10T05:06:38.028717+00:00
1046,5399042256,0.0155,1.02,buy,False,2022-11-10T05:06:37.575217+00:00
1047,5399042229,0.0155,0.98,buy,False,2022-11-10T05:06:37.339956+00:00
1048,5399042202,0.0155,1.02,buy,False,2022-11-10T05:06:37.237704+00:00
1049,5399042101,0.0155,1.03,buy,False,2022-11-10T05:06:36.718834+00:00
1050,5399041793,0.0155,1.0,buy,False,2022-11-10T05:06:35.853077+00:00
1051,5399041769,0.0155,1.05,buy,False,2022-11-10T05:06:35.757521+00:00
1052,5399041617,0.0155,1.06,buy,False,2022-11-10T05:06:35.290911+00:00
1053,5399041545,0.0155,0.31,buy,False,2022-11-10T05:06:35.040329+00:00
1054,5399041523,0.0155,1.06,buy,False,2022-11-10T05:06:34.915347+00:00
1055,5399041429,0.0155,0.68,buy,False,2022-11-10T05:06:34.700085+00:00
1056,5399041396,0.0155,0.74,buy,False,2022-11-10T05:06:34.567534+00:00
1057,5399041378,0.0155,0.13,buy,False,2022-11-10T05:06:34.421797+00:00
1058,5399041374,0.0155,0.13,buy,False,2022-11-10T05:06:34.332881+00:00
1059,5399041341,0.0155,0.01,buy,False,2022-11-10T05:06:33.856135+00:00
1060,5399041313,0.0155,0.38,buy,False,2022-11-10T05:06:33.480719+00:00
1061,5399041293,0.0155,0.02,buy,False,2022-11-10T05:06:33.313336+00:00
1062,5399041247,0.0155,0.6,buy,False,2022-11-10T05:06:32.920001+00:00
1063,5399041195,0.0155,0.63,buy,False,2022-11-10T05:06:32.872050+00:00
1064,5399041135,0.0155,0.03,buy,False,2022-11-10T05:06:32.754697+00:00
1065,5399041124,0.0155,0.03,buy,False,2022-11-10T05:06:32.651592+00:00
1066,5399041121,0.0155,0.18,buy,False,2022-11-10T05:06:32.607958+00:00
1067,5399041111,0.0155,0.17,buy,False,2022-11-10T05:06:32.539574+00:00
1068,5399041101,0.0155,0.04,buy,False,2022-11-10T05:06:32.381323+00:00
1069,5399041072,0.0155,0.46,buy,False,2022-11-10T05:06:32.129413+00:00
1070,5399041039,0.0155,0.12,buy,False,2022-11-10T05:06:32.026052+00:00
1071,5399041036,0.0155,0.11,buy,False,2022-11-10T05:06:31.996179+00:00
1072,5399040973,0.0155,0.46,buy,False,2022-11-10T05:06:31.646712+00:00
1073,5399040950,0.0155,0.52,buy,False,2022-11-10T05:06:31.595304+00:00
1074,5399040853,0.0155,0.56,buy,False,2022-11-10T05:06:31.110226+00:00
1075,5399040850,0.0155,0.51,buy,False,2022-11-10T05:06:31.095757+00:00
1076,5399040840,0.0155,0.52,buy,False,2022-11-10T05:06:31.009115+00:00
1077,5399040798,0.0155,0.14,buy,False,2022-11-10T05:06:30.664210+00:00
1078,5399040767,0.0155,0.56,buy,False,2022-11-10T05:06:30.484201+00:00
1079,5399040689,0.0155,0.43,buy,False,2022-11-10T05:06:30.200136+00:00
1080,5399040559,0.0155,0.42,buy,False,2022-11-10T05:06:29.601178+00:00
1081,5399040530,0.0155,0.14,buy,False,2022-11-10T05:06:29.518524+00:00
1082,5399040520,0.0155,0.14,buy,False,2022-11-10T05:06:29.460071+00:00
1083,5399038455,0.0155,0.04,buy,False,2022-11-10T05:06:18.800479+00:00
1084,5399035629,0.0155,0.02,buy,False,2022-11-10T05:06:05.282372+00:00
1085,5399035589,0.0155,0.02,buy,False,2022-11-10T05:06:05.197428+00:00
1086,5399026873,0.0151975,0.08,sell,False,2022-11-10T05:05:16.742305+00:00
1087,5399018497,0.0155,0.02,buy,False,2022-11-10T05:04:19.873083+00:00
1088,5399017888,0.0155,0.02,buy,False,2022-11-10T05:04:15.870003+00:00
1089,5399017314,0.0155,0.02,buy,False,2022-11-10T05:04:10.935926+00:00
1090,5399010992,0.0155,0.07,buy,False,2022-11-10T05:03:23.140636+00:00
1091,5399009795,0.0155,0.04,buy,False,2022-11-10T05:03:15.753124+00:00
1092,5399008119,0.0155,0.6,buy,False,2022-11-10T05:03:05.445102+00:00
1093,5399008079,0.0155,0.65,buy,False,2022-11-10T05:03:05.313239+00:00
1094,5399007571,0.0155,0.98,buy,False,2022-11-10T05:03:02.094948+00:00
1095,5399007528,0.0155,0.79,buy,False,2022-11-10T05:03:01.975178+00:00
1096,5399007522,0.0155,0.89,buy,False,2022-11-10T05:03:01.911061+00:00
1097,5399007475,0.0155,0.14,buy,False,2022-11-10T05:03:01.549337+00:00
1098,5399007474,0.0155,0.19,buy,False,2022-11-10T05:03:01.547140+00:00
1099,5399007456,0.0155,0.07,buy,False,2022-11-10T05:03:01.424758+00:00
1100,5399007441,0.0155,0.09,buy,False,2022-11-10T05:03:01.381247+00:00
1101,5399007422,0.0155,0.21,buy,False,2022-11-10T05:03:01.199441+00:00
1102,5399007417,0.0155,0.52,buy,False,2022-11-10T05:03:01.150006+00:00
1103,5399007307,0.0155,1.0,buy,False,2022-11-10T05:02:59.836585+00:00
1104,5399007268,0.0155,1.0,buy,False,2022-11-10T05:02:59.530675+00:00
1105,5399007244,0.0155,1.0,buy,False,2022-11-10T05:02:59.031038+00:00
1106,5399007182,0.0155,0.96,buy,False,2022-11-10T05:02:58.567707+00:00
1107,5399007101,0.0155,0.04,buy,False,2022-11-10T05:02:58.019040+00:00
1108,5399007094,0.0155,0.74,buy,False,2022-11-10T05:02:57.982669+00:00
1109,5399007028,0.0155,0.25,buy,False,2022-11-10T05:02:57.520641+00:00
1110,5399006906,0.0155,1.0,buy,False,2022-11-10T05:02:57.210058+00:00
1111,5399006869,0.0155,0.01,buy,False,2022-11-10T05:02:56.948637+00:00
1112,5399006845,0.0155,0.99,buy,False,2022-11-10T05:02:56.764760+00:00
1113,5399006692,0.0155,0.95,buy,False,2022-11-10T05:02:56.122726+00:00
1114,5399006661,0.0155,0.01,buy,False,2022-11-10T05:02:55.864901+00:00
1115,5399006628,0.0155,0.4,buy,False,2022-11-10T05:02:55.597955+00:00
1116,5399006565,0.0155,0.91,buy,False,2022-11-10T05:02:55.073715+00:00
1117,5399006518,0.0155,0.04,buy,False,2022-11-10T05:02:54.836369+00:00
1118,5399006504,0.0155,0.01,buy,False,2022-11-10T05:02:54.571856+00:00
1119,5399006458,0.0155,0.54,buy,False,2022-11-10T05:02:54.349303+00:00
1120,5399006433,0.0155,0.98,buy,False,2022-11-10T05:02:53.996209+00:00
1121,5399006430,0.0155,1.02,buy,False,2022-11-10T05:02:53.947027+00:00
1122,5399006403,0.0155,0.02,buy,False,2022-11-10T05:02:53.740260+00:00
1123,5399006397,0.0155,0.13,buy,False,2022-11-10T05:02:53.677186+00:00
1124,5399006348,0.0155,0.33,buy,False,2022-11-10T05:02:53.314831+00:00
1125,5399006309,0.0155,0.51,buy,False,2022-11-10T05:02:53.118617+00:00
1126,5399003910,0.0155,0.02,buy,False,2022-11-10T05:02:40.091448+00:00
1127,5399003800,0.0155,0.04,buy,False,2022-11-10T05:02:39.374536+00:00
1128,5399003782,0.0155,0.02,buy,False,2022-11-10T05:02:39.283981+00:00
1129,5399003774,0.0155,0.02,buy,False,2022-11-10T05:02:39.193675+00:00
1130,5399003738,0.01545,0.01,buy,False,2022-11-10T05:02:39.030699+00:00
1131,5399003512,0.01545,0.01,buy,False,2022-11-10T05:02:37.391553+00:00
1132,5399003443,0.015355,0.03,buy,False,2022-11-10T05:02:37.242053+00:00
1133,5399003180,0.015355,0.02,buy,False,2022-11-10T05:02:36.019263+00:00
1134,5399003164,0.015355,0.02,buy,False,2022-11-10T05:02:35.935997+00:00
1135,5399003155,0.0152,0.02,buy,False,2022-11-10T05:02:35.900322+00:00
1136,5399002734,0.0152,0.02,buy,False,2022-11-10T05:02:33.995157+00:00
1137,5399002436,0.0152,0.02,buy,False,2022-11-10T05:02:32.047685+00:00
1138,5398993368,0.01519,0.01,sell,False,2022-11-10T05:01:34.754575+00:00
1139,5398993365,0.01519,0.02,sell,False,2022-11-10T05:01:34.717215+00:00
1140,5398993359,0.01519,0.02,sell,False,2022-11-10T05:01:34.667106+00:00
1141,5398993351,0.01519,0.02,buy,False,2022-11-10T05:01:34.568923+00:00
1142,5398991103,0.01494,0.02,buy,False,2022-11-10T05:01:15.166837+00:00
1143,5398990850,0.0147325,0.06,buy,False,2022-11-10T05:01:12.483807+00:00
1144,5398990805,0.01469,0.01,buy,False,2022-11-10T05:01:12.295177+00:00
1145,5398990759,0.01469,0.01,buy,False,2022-11-10T05:01:12.026679+00:00
1146,5398990550,0.01444,0.02,buy,False,2022-11-10T05:01:10.998518+00:00
1147,5398990501,0.014265,0.04,buy,False,2022-11-10T05:01:10.574963+00:00
1148,5398990359,0.013925,0.01,buy,False,2022-11-10T05:01:09.144364+00:00
1149,5398990292,0.013925,0.16,buy,False,2022-11-10T05:01:08.980155+00:00
1150,5398990285,0.0139225,0.01,buy,False,2022-11-10T05:01:08.924301+00:00
1151,5398983330,0.013645,0.09,sell,False,2022-11-10T04:59:43.014360+00:00
1152,5398982202,0.014265,0.02,buy,False,2022-11-10T04:59:25.182069+00:00
1153,5398982201,0.0138,0.06,buy,False,2022-11-10T04:59:25.182069+00:00
1154,5398982010,0.0133325,0.02,sell,False,2022-11-10T04:59:22.379295+00:00
1155,5398981994,0.0133325,0.01,sell,False,2022-11-10T04:59:22.146111+00:00
1156,5398981978,0.0133325,0.02,sell,False,2022-11-10T04:59:21.856691+00:00
1157,5398978360,0.0133325,0.01,sell,False,2022-11-10T04:58:40.598483+00:00
1158,5398977851,0.0138,0.06,sell,False,2022-11-10T04:58:32.671118+00:00
1159,5398976712,0.014265,0.01,buy,False,2022-11-10T04:58:16.392842+00:00
1160,5398976707,0.014265,0.04,buy,False,2022-11-10T04:58:16.353169+00:00
1161,5398976663,0.014265,0.01,buy,False,2022-11-10T04:58:15.809722+00:00
1162,5398976637,0.01421,0.02,buy,False,2022-11-10T04:58:15.681651+00:00
1163,5398975659,0.01396,0.02,buy,False,2022-11-10T04:58:01.577276+00:00
1164,5398975634,0.0138,0.06,buy,False,2022-11-10T04:58:01.389719+00:00
1165,5398975608,0.01373,0.02,buy,False,2022-11-10T04:58:01.235289+00:00
1166,5398975578,0.01351,0.02,buy,False,2022-11-10T04:58:00.970768+00:00
1167,5398975523,0.0133325,0.06,buy,False,2022-11-10T04:58:00.173699+00:00
1168,5398975508,0.01327,0.02,buy,False,2022-11-10T04:57:59.887270+00:00
1169,5398975497,0.0130825,0.1,buy,False,2022-11-10T04:57:59.762785+00:00
1170,5398975482,0.0130825,0.04,buy,False,2022-11-10T04:57:59.451290+00:00
1171,5398975459,0.0130825,1.0,buy,False,2022-11-10T04:57:59.188237+00:00
1172,5398975444,0.0130825,0.67,buy,False,2022-11-10T04:57:59.036856+00:00
1173,5398975407,0.01306,0.02,buy,False,2022-11-10T04:57:58.946630+00:00
1174,5398975336,0.012865,0.06,buy,False,2022-11-10T04:57:58.617140+00:00
1175,5398975072,0.0128625,0.19,buy,False,2022-11-10T04:57:57.760070+00:00
1176,5398975066,0.01283,0.02,buy,False,2022-11-10T04:57:57.696940+00:00
1177,5398975052,0.01262,0.02,buy,False,2022-11-10T04:57:57.535882+00:00
1178,5398975039,0.01241,0.02,buy,False,2022-11-10T04:57:57.382301+00:00
1179,5398975008,0.0124,0.06,buy,False,2022-11-10T04:57:57.154716+00:00
1180,5398964176,0.01219,0.02,buy,False,2022-11-10T04:55:44.902713+00:00
1181,5398964160,0.012,0.02,buy,False,2022-11-10T04:55:44.745736+00:00
1182,5398964149,0.0119325,0.06,buy,False,2022-11-10T04:55:44.592812+00:00
1183,5398964108,0.0118,0.02,buy,False,2022-11-10T04:55:44.114128+00:00
1184,5398935617,0.01159,0.02,buy,False,2022-11-10T04:49:47.930124+00:00
1185,5398935612,0.0114,0.02,buy,False,2022-11-10T04:49:47.885132+00:00
1186,5398880449,0.011,0.03,sell,False,2022-11-10T04:37:28.389580+00:00
1187,5398880426,0.01102,0.02,sell,False,2022-11-10T04:37:28.226192+00:00
1188,5398878832,0.011165,0.19,sell,False,2022-11-10T04:37:08.826709+00:00
1189,5398878811,0.011475,0.18,sell,False,2022-11-10T04:37:08.323348+00:00
1190,5398878734,0.01121,0.02,sell,False,2022-11-10T04:37:07.101136+00:00
1191,5398878639,0.0114,0.02,sell,False,2022-11-10T04:37:06.394129+00:00
1192,5398878611,0.011465,0.06,sell,False,2022-11-10T04:37:06.034552+00:00
1193,5398878603,0.0116,0.02,sell,False,2022-11-10T04:37:05.897769+00:00
1194,5398878557,0.0117875,0.16,sell,False,2022-11-10T04:37:05.473696+00:00
1195,5398878546,0.01179,0.02,sell,False,2022-11-10T04:37:05.325855+00:00
1196,5398878543,0.0119325,0.04,sell,False,2022-11-10T04:37:05.268698+00:00
1197,5398878513,0.0119325,0.02,sell,False,2022-11-10T04:37:04.915916+00:00
1198,5398878492,0.01199,0.02,sell,False,2022-11-10T04:37:04.744653+00:00
1199,5398878434,0.0120975,0.15,sell,False,2022-11-10T04:37:04.029096+00:00
1200,5398878417,0.0122,0.02,sell,False,2022-11-10T04:37:03.778994+00:00
1201,5398877770,0.0124,0.06,sell,False,2022-11-10T04:36:55.641587+00:00
1202,5398877756,0.0124075,0.08,sell,False,2022-11-10T04:36:55.434074+00:00
1203,5398877722,0.0124075,0.06,sell,False,2022-11-10T04:36:55.087929+00:00
1204,5398877716,0.01241,0.02,sell,False,2022-11-10T04:36:54.935697+00:00
1205,5398874937,0.0138,0.06,sell,False,2022-11-10T04:36:23.277276+00:00
1206,5398874898,0.012865,0.06,sell,False,2022-11-10T04:36:22.873318+00:00
1207,5398874869,0.0133325,0.02,sell,False,2022-11-10T04:36:22.635621+00:00
1208,5398874850,0.0133325,0.04,sell,False,2022-11-10T04:36:22.502199+00:00
1209,5398874648,0.0142675,0.21,sell,False,2022-11-10T04:36:20.351192+00:00
1210,5398874551,0.0142675,0.15,sell,False,2022-11-10T04:36:19.737554+00:00
1211,5398874411,0.0142675,0.01,sell,False,2022-11-10T04:36:18.279759+00:00
1212,5398874354,0.014265,0.06,buy,False,2022-11-10T04:36:17.861053+00:00
1213,5398874353,0.0138,0.06,buy,False,2022-11-10T04:36:17.861053+00:00
1214,5398874352,0.0133325,0.06,buy,False,2022-11-10T04:36:17.861053+00:00
1215,5398873618,0.0127175,0.13,sell,False,2022-11-10T04:36:10.563293+00:00
1216,5398873611,0.0130275,0.12,sell,False,2022-11-10T04:36:10.384496+00:00
1217,5398873282,0.01262,0.02,sell,False,2022-11-10T04:36:07.284815+00:00
1218,5398873244,0.01283,0.02,sell,False,2022-11-10T04:36:06.872166+00:00
1219,5398873231,0.012865,0.06,sell,False,2022-11-10T04:36:06.752182+00:00
1220,5398873203,0.0145775,0.51,sell,False,2022-11-10T04:36:06.466796+00:00
1221,5398873133,0.01305,0.02,sell,False,2022-11-10T04:36:06.078676+00:00
1222,5398873118,0.0133375,0.12,sell,False,2022-11-10T04:36:05.948380+00:00
1223,5398873057,0.0136475,0.11,sell,False,2022-11-10T04:36:05.694014+00:00
1224,5398873000,0.0139575,0.1,sell,False,2022-11-10T04:36:05.255360+00:00
1225,5398872938,0.01327,0.02,sell,False,2022-11-10T04:36:04.877702+00:00
1226,5398872926,0.0133325,0.04,sell,False,2022-11-10T04:36:04.810480+00:00
1227,5398872701,0.0135,0.02,sell,False,2022-11-10T04:36:03.400272+00:00
1228,5398872620,0.01373,0.02,sell,False,2022-11-10T04:36:02.650851+00:00
1229,5398872603,0.0138,0.06,sell,False,2022-11-10T04:36:02.441268+00:00
1230,5398872545,0.01396,0.02,sell,False,2022-11-10T04:36:01.664072+00:00
1231,5398872460,0.01419,0.02,sell,False,2022-11-10T04:36:00.818025+00:00
1232,5398872436,0.014265,0.06,sell,False,2022-11-10T04:36:00.524859+00:00
1233,5398872416,0.0142675,0.09,sell,False,2022-11-10T04:36:00.357441+00:00
1234,5398872345,0.01444,0.02,sell,False,2022-11-10T04:35:59.894980+00:00
1235,5398872311,0.0145775,0.09,sell,False,2022-11-10T04:35:59.522760+00:00
1236,5398872275,0.01469,0.02,sell,False,2022-11-10T04:35:58.982940+00:00
1237,5398872250,0.0147325,0.06,sell,False,2022-11-10T04:35:58.863385+00:00
1238,5398872125,0.0148875,0.08,sell,False,2022-11-10T04:35:57.320070+00:00
1239,5398872095,0.01489,0.45,sell,False,2022-11-10T04:35:57.140970+00:00
1240,5398871859,0.01489,0.01,sell,False,2022-11-10T04:35:54.850344+00:00
1241,5398871608,0.01489,0.01,sell,False,2022-11-10T04:35:51.450644+00:00
1242,5398871316,0.01493,0.01,sell,False,2022-11-10T04:35:48.044233+00:00
1243,5398871096,0.01493,0.01,sell,False,2022-11-10T04:35:44.725115+00:00
1244,5398870520,0.0151975,0.07,sell,False,2022-11-10T04:35:38.184674+00:00
1245,5398870463,0.0151975,0.01,sell,False,2022-11-10T04:35:37.650994+00:00
1246,5398869774,0.0152,0.43,sell,False,2022-11-10T04:35:33.680536+00:00
1247,5398869758,0.0152025,0.2,sell,False,2022-11-10T04:35:33.538256+00:00
1248,5398868281,0.0155,14.9,buy,False,2022-11-10T04:35:17.945869+00:00
1249,5398867690,0.0155,2.8,buy,False,2022-11-10T04:35:11.726651+00:00
1250,5398866434,0.0155,0.61,buy,False,2022-11-10T04:34:57.071250+00:00
1251,5398866420,0.0155,0.3,buy,False,2022-11-10T04:34:56.931486+00:00
1252,5398866417,0.0155,0.61,buy,False,2022-11-10T04:34:56.848986+00:00
1253,5398853682,0.0155,0.04,buy,False,2022-11-10T04:32:10.717898+00:00
1254,5398852095,0.0155,0.04,buy,False,2022-11-10T04:31:46.700313+00:00
1255,5398851993,0.0155,1.5,buy,False,2022-11-10T04:31:44.922646+00:00
1256,5398851772,0.0155,1.0,buy,False,2022-11-10T04:31:43.346309+00:00
1257,5398851717,0.0155,0.99,buy,False,2022-11-10T04:31:42.869931+00:00
1258,5398849483,0.0155,0.26,buy,False,2022-11-10T04:31:09.934309+00:00
1259,5398849468,0.0155,0.26,buy,False,2022-11-10T04:31:09.849106+00:00
1260,5398849410,0.0155,0.07,buy,False,2022-11-10T04:31:09.476966+00:00
1261,5398848829,0.0155,0.66,buy,False,2022-11-10T04:31:03.650819+00:00
1262,5398848282,0.0155,0.01,buy,False,2022-11-10T04:30:52.721959+00:00
1263,5398847878,0.0155,0.05,buy,False,2022-11-10T04:30:45.152973+00:00
1264,5398847857,0.0155,0.05,buy,False,2022-11-10T04:30:44.395623+00:00
1265,5398847837,0.0155,0.04,buy,False,2022-11-10T04:30:44.056693+00:00
1266,5398847808,0.0155,0.05,buy,False,2022-11-10T04:30:43.673308+00:00
1267,5398847750,0.0155,0.04,buy,False,2022-11-10T04:30:43.202518+00:00
1268,5398847713,0.0155,0.04,buy,False,2022-11-10T04:30:42.934662+00:00
1269,5398847431,0.0155,0.16,buy,False,2022-11-10T04:30:38.073052+00:00
1270,5398847398,0.0155,0.17,buy,False,2022-11-10T04:30:37.798162+00:00
1271,5398847347,0.0155,0.17,buy,False,2022-11-10T04:30:37.540479+00:00
1272,5398847335,0.0155,0.7,buy,False,2022-11-10T04:30:37.346898+00:00
1273,5398847333,0.0155,0.17,buy,False,2022-11-10T04:30:37.331862+00:00
1274,5398847318,0.0155,0.17,buy,False,2022-11-10T04:30:37.114553+00:00
1275,5398847287,0.0155,0.17,buy,False,2022-11-10T04:30:36.817722+00:00
1276,5398847262,0.0155,0.88,buy,False,2022-11-10T04:30:36.593180+00:00
1277,5398847232,0.0155,0.17,buy,False,2022-11-10T04:30:36.103122+00:00
1278,5398847177,0.0155,1.0,buy,False,2022-11-10T04:30:35.352026+00:00
1279,5398847171,0.0155,0.17,buy,False,2022-11-10T04:30:35.251772+00:00
1280,5398847127,0.0155,0.17,buy,False,2022-11-10T04:30:34.846529+00:00
1281,5398847126,0.0155,0.3,buy,False,2022-11-10T04:30:34.839322+00:00
1282,5398847075,0.0155,0.11,buy,False,2022-11-10T04:30:34.551187+00:00
1283,5398847052,0.0155,0.31,buy,False,2022-11-10T04:30:34.522087+00:00
1284,5398847029,0.0155,1.0,buy,False,2022-11-10T04:30:34.180709+00:00
1285,5398847003,0.0155,1.0,buy,False,2022-11-10T04:30:33.852160+00:00
1286,5398846952,0.0155,0.31,buy,False,2022-11-10T04:30:33.427288+00:00
1287,5398845619,0.0155,0.1,buy,False,2022-11-10T04:30:20.346825+00:00
1288,5398837631,0.0155,0.26,buy,False,2022-11-10T04:28:55.166703+00:00
1289,5398833751,0.0155,0.04,buy,False,2022-11-10T04:28:16.217535+00:00
1290,5398831260,0.0155,0.78,buy,False,2022-11-10T04:27:53.726077+00:00
1291,5398830394,0.0155,0.05,buy,False,2022-11-10T04:27:44.572831+00:00
1292,5398830376,0.0155,0.05,buy,False,2022-11-10T04:27:44.247202+00:00
1293,5398830350,0.0155,0.05,buy,False,2022-11-10T04:27:43.731748+00:00
1294,5398829043,0.0155,0.9,buy,False,2022-11-10T04:27:33.331905+00:00
1295,5398826654,0.0155,0.05,buy,False,2022-11-10T04:27:19.335004+00:00
1296,5398826626,0.0155,0.05,buy,False,2022-11-10T04:27:18.963602+00:00
1297,5398826337,0.0155,0.02,buy,False,2022-11-10T04:27:15.670444+00:00
1298,5398826121,0.0155,1.0,buy,False,2022-11-10T04:27:13.459218+00:00
1299,5398823641,0.0155,0.04,buy,False,2022-11-10T04:26:43.486349+00:00
1300,5398823357,0.0155,1.0,buy,False,2022-11-10T04:26:41.692433+00:00
1301,5398823353,0.0155,0.12,buy,False,2022-11-10T04:26:41.622255+00:00
1302,5398823336,0.0155,0.05,buy,False,2022-11-10T04:26:41.508112+00:00
1303,5398823309,0.0155,1.0,buy,False,2022-11-10T04:26:41.286958+00:00
1304,5398823300,0.0155,0.05,buy,False,2022-11-10T04:26:41.197407+00:00
1305,5398823290,0.0155,0.02,buy,False,2022-11-10T04:26:41.155857+00:00
1306,5398823241,0.0155,0.05,buy,False,2022-11-10T04:26:40.687132+00:00
1307,5398823226,0.0155,1.0,buy,False,2022-11-10T04:26:40.566780+00:00
1308,5398823208,0.0155,1.0,buy,False,2022-11-10T04:26:40.286003+00:00
1309,5398823191,0.0155,1.0,buy,False,2022-11-10T04:26:39.964355+00:00
1310,5398823178,0.0155,1.0,buy,False,2022-11-10T04:26:39.693919+00:00
1311,5398823156,0.0155,1.0,buy,False,2022-11-10T04:26:39.296737+00:00
1312,5398823015,0.0155,0.01,buy,False,2022-11-10T04:26:36.507084+00:00
1313,5398822866,0.0155,0.02,buy,False,2022-11-10T04:26:34.476849+00:00
1314,5398820829,0.0155,0.05,buy,False,2022-11-10T04:26:09.523808+00:00
1315,5398820409,0.0155,0.25,buy,False,2022-11-10T04:26:04.949608+00:00
1316,5398818059,0.0155,1.0,buy,False,2022-11-10T04:25:39.284864+00:00
1317,5398817996,0.0155,0.99,buy,False,2022-11-10T04:25:38.766712+00:00
1318,5398817923,0.0155,1.0,buy,False,2022-11-10T04:25:38.218620+00:00
1319,5398817822,0.0155,1.0,buy,False,2022-11-10T04:25:37.774760+00:00
1320,5398817675,0.0155,0.05,buy,False,2022-11-10T04:25:36.998789+00:00
1321,5398817640,0.0155,0.05,buy,False,2022-11-10T04:25:36.528730+00:00
1322,5398817622,0.0155,0.05,buy,False,2022-11-10T04:25:36.147229+00:00
1323,5398817594,0.0155,0.05,buy,False,2022-11-10T04:25:35.690722+00:00
1324,5398813538,0.0155,0.05,buy,False,2022-11-10T04:24:49.350266+00:00
1325,5398813514,0.0155,0.05,buy,False,2022-11-10T04:24:49.108336+00:00
1326,5398813474,0.0155,0.05,buy,False,2022-11-10T04:24:48.764092+00:00
1327,5398813447,0.0155,0.05,buy,False,2022-11-10T04:24:48.418435+00:00
1328,5398812843,0.0155,0.95,buy,False,2022-11-10T04:24:40.163909+00:00
1329,5398812785,0.0155,0.9,buy,False,2022-11-10T04:24:39.408990+00:00
1330,5398812656,0.0155,1.0,buy,False,2022-11-10T04:24:38.265650+00:00
1331,5398812608,0.0155,0.07,buy,False,2022-11-10T04:24:37.732770+00:00
1332,5398812604,0.0155,1.0,buy,False,2022-11-10T04:24:37.688672+00:00
1333,5398812589,0.0155,0.01,buy,False,2022-11-10T04:24:37.478264+00:00
1334,5398812583,0.0155,1.0,buy,False,2022-11-10T04:24:37.303753+00:00
1335,5398811742,0.0155,0.05,buy,False,2022-11-10T04:24:26.520094+00:00
1336,5398810574,0.0155,0.05,buy,False,2022-11-10T04:24:07.913675+00:00
1337,5398809878,0.0155,0.03,buy,False,2022-11-10T04:24:02.690888+00:00
1338,5398809872,0.0155,0.05,buy,False,2022-11-10T04:24:02.606712+00:00
1339,5398809834,0.0155,0.65,buy,False,2022-11-10T04:24:01.993048+00:00
1340,5398809396,0.0155,0.25,buy,False,2022-11-10T04:23:57.052010+00:00
1341,5398809344,0.0155,1.0,buy,False,2022-11-10T04:23:56.218919+00:00
1342,5398809328,0.0155,1.0,buy,False,2022-11-10T04:23:55.871646+00:00
1343,5398809299,0.0155,0.95,buy,False,2022-11-10T04:23:55.402600+00:00
1344,5398809245,0.0155,0.9,buy,False,2022-11-10T04:23:54.767380+00:00
1345,5398809206,0.0155,1.0,buy,False,2022-11-10T04:23:54.423834+00:00
1346,5398809167,0.0155,0.06,buy,False,2022-11-10T04:23:53.963349+00:00
1347,5398807450,0.0155,0.05,buy,False,2022-11-10T04:23:35.281632+00:00
1348,5398807345,0.0155,0.05,buy,False,2022-11-10T04:23:33.852952+00:00
1349,5398807300,0.0155,0.05,buy,False,2022-11-10T04:23:33.316714+00:00
1350,5398807290,0.0155,0.05,buy,False,2022-11-10T04:23:33.035582+00:00
1351,5398807269,0.0155,0.05,buy,False,2022-11-10T04:23:32.627915+00:00
1352,5398807094,0.0155,1.0,buy,False,2022-11-10T04:23:28.189953+00:00
1353,5398807062,0.0155,1.0,buy,False,2022-11-10T04:23:27.695050+00:00
1354,5398805471,0.0155,1.0,buy,False,2022-11-10T04:23:03.000760+00:00
1355,5398805450,0.0155,1.0,buy,False,2022-11-10T04:23:02.502755+00:00
1356,5398805423,0.0155,1.0,buy,False,2022-11-10T04:23:02.091182+00:00
1357,5398805404,0.0155,1.0,buy,False,2022-11-10T04:23:01.706477+00:00
1358,5398805366,0.0155,1.0,buy,False,2022-11-10T04:23:01.138613+00:00
1359,5398805326,0.0155,1.0,buy,False,2022-11-10T04:23:00.273112+00:00
1360,5398805131,0.0155,0.05,buy,False,2022-11-10T04:22:57.903388+00:00
1361,5398805113,0.0155,0.05,buy,False,2022-11-10T04:22:57.347279+00:00
1362,5398805090,0.0155,0.05,buy,False,2022-11-10T04:22:56.925833+00:00
1363,5398805071,0.0155,0.05,buy,False,2022-11-10T04:22:56.544716+00:00
1364,5398805056,0.0155,0.05,buy,False,2022-11-10T04:22:56.031761+00:00
1365,5398804267,0.0155,1.0,buy,False,2022-11-10T04:22:43.293887+00:00
1366,5398804105,0.0155,0.07,buy,False,2022-11-10T04:22:40.353586+00:00
1367,5398801544,0.0155,0.02,buy,False,2022-11-10T04:22:14.087409+00:00
1368,5398801484,0.0155,0.05,buy,False,2022-11-10T04:22:13.196689+00:00
1369,5398800646,0.0155,0.65,buy,False,2022-11-10T04:22:02.882902+00:00
1370,5398798963,0.0155,2.48,buy,False,2022-11-10T04:21:43.364069+00:00
1371,5398798948,0.0155,38.22,buy,False,2022-11-10T04:21:43.135491+00:00
1372,5398798946,0.0155,96.92,buy,False,2022-11-10T04:21:43.126448+00:00
1373,5398798706,0.0155,0.67,buy,False,2022-11-10T04:21:40.721100+00:00
1374,5398798701,0.0155,1.03,buy,False,2022-11-10T04:21:40.622890+00:00
1375,5398798626,0.0155,0.3,buy,False,2022-11-10T04:21:39.866158+00:00
1376,5398798623,0.0155,0.03,buy,False,2022-11-10T04:21:39.815398+00:00
1377,5398798593,0.0155,0.66,buy,False,2022-11-10T04:21:39.217158+00:00
1378,5398798588,0.0155,1.02,buy,False,2022-11-10T04:21:39.153380+00:00
1379,5398798568,0.0155,1.01,buy,False,2022-11-10T04:21:38.685024+00:00
1380,5398798515,0.0155,1.0,buy,False,2022-11-10T04:21:38.233618+00:00
1381,5398798503,0.0155,0.02,buy,False,2022-11-10T04:21:38.039708+00:00
1382,5398798472,0.0155,0.99,buy,False,2022-11-10T04:21:37.325362+00:00
1383,5398798446,0.0155,0.01,buy,False,2022-11-10T04:21:36.866772+00:00
1384,5398798442,0.0155,0.38,buy,False,2022-11-10T04:21:36.753987+00:00
1385,5398798441,0.0155,0.37,buy,False,2022-11-10T04:21:36.737372+00:00
1386,5398798288,0.0155,0.02,buy,False,2022-11-10T04:21:33.821790+00:00
1387,5398798194,0.0155,0.04,buy,False,2022-11-10T04:21:32.167223+00:00
1388,5398798116,0.0155,0.05,buy,False,2022-11-10T04:21:30.954483+00:00
1389,5398798005,0.0155,0.05,buy,False,2022-11-10T04:21:29.663869+00:00
