,id,price,size,side,liquidation,time
0,5400638297,170.85,0.005,sell,False,2022-11-10T08:19:28.877224+00:00
1,5398939597,170.85,0.15,sell,False,2022-11-10T04:50:43.345778+00:00
2,5398939596,170.85,0.105,sell,False,2022-11-10T04:50:43.345778+00:00
3,5398845884,170.85,0.1,sell,False,2022-11-10T04:30:22.994671+00:00
4,5398821410,170.85,0.1,sell,False,2022-11-10T04:26:19.313772+00:00
5,5398312032,238.7,0.2,buy,False,2022-11-10T03:10:35.630951+00:00
6,5398312031,228.375,0.16,buy,False,2022-11-10T03:10:35.630951+00:00
7,5398312030,222.0,3.0,buy,False,2022-11-10T03:10:35.630951+00:00
8,5398312029,211.0,3.0,buy,False,2022-11-10T03:10:35.630951+00:00
9,5398312028,208.7,0.2,buy,False,2022-11-10T03:10:35.630951+00:00
10,5396512524,207.825,5.25,buy,False,2022-11-09T23:39:37.214788+00:00
11,5396169459,205.6,9.515,buy,False,2022-11-09T23:12:37.312670+00:00
12,5396135299,200.0,3.0,buy,False,2022-11-09T23:10:29.477690+00:00
13,5396135298,199.0,3.0,buy,False,2022-11-09T23:10:29.477690+00:00
14,5396135297,198.375,0.01,buy,False,2022-11-09T23:10:29.477690+00:00
15,5395928709,198.375,14.38,buy,False,2022-11-09T22:55:00.736710+00:00
16,5395928708,198.35,0.12,buy,False,2022-11-09T22:55:00.736710+00:00
17,5395928707,198.35,0.5,buy,False,2022-11-09T22:55:00.736710+00:00
18,5394901838,192.425,0.145,buy,False,2022-11-09T21:39:07.094211+00:00
19,5394851336,170.875,0.06,sell,False,2022-11-09T21:35:47.543816+00:00
20,5394851233,170.875,0.06,sell,False,2022-11-09T21:35:47.228632+00:00
21,5394848532,170.875,0.5,sell,False,2022-11-09T21:35:39.304830+00:00
22,5394846583,170.85,0.145,buy,False,2022-11-09T21:35:34.285350+00:00
23,5394494329,170.825,0.925,buy,False,2022-11-09T21:17:31.607190+00:00
24,5391355175,165.3,0.535,sell,False,2022-11-09T17:32:46.079169+00:00
25,5389845298,167.95,0.02,sell,False,2022-11-09T15:50:01.102678+00:00
26,5388036747,160.825,8.4,sell,False,2022-11-09T13:34:18.984588+00:00
27,5388036443,160.85,0.84,sell,False,2022-11-09T13:34:17.440025+00:00
28,5381959027,159.425,0.06,sell,False,2022-11-09T06:44:56.220239+00:00
29,5379639325,163.475,0.045,sell,False,2022-11-09T03:24:00.070162+00:00
30,5376685710,163.475,0.01,sell,False,2022-11-08T23:09:33.948940+00:00
31,5375385536,163.45,0.495,sell,False,2022-11-08T21:37:15.816301+00:00
32,5373933079,163.3,0.25,sell,False,2022-11-08T20:18:36.963778+00:00
33,5373182012,163.45,3.0,sell,False,2022-11-08T19:53:20.397064+00:00
34,5371448967,163.475,0.94,sell,False,2022-11-08T19:14:20.580264+00:00
35,5367867517,167.15,0.025,sell,False,2022-11-08T17:34:36.586087+00:00
36,5366632642,166.95,0.015,buy,False,2022-11-08T16:48:35.289973+00:00
37,5366624559,166.75,0.145,buy,False,2022-11-08T16:48:13.598379+00:00
38,5365182805,164.125,4.0,sell,False,2022-11-08T16:09:01.414741+00:00
39,5358400349,163.75,1.235,sell,False,2022-11-08T06:39:14.259145+00:00
40,5352146247,163.15,0.335,sell,False,2022-11-08T00:33:52.757157+00:00
41,5346606176,159.05,0.04,buy,False,2022-11-07T14:31:35.150937+00:00
42,5346559126,157.55,0.445,sell,False,2022-11-07T14:26:50.332187+00:00
43,5345210001,157.15,0.515,sell,False,2022-11-07T11:29:43.971250+00:00
44,5334847485,159.05,0.02,buy,False,2022-11-06T14:03:14.815832+00:00
45,5334616904,158.0,0.105,sell,False,2022-11-06T13:19:16.302018+00:00
46,5309850394,147.975,1.0,buy,False,2022-11-04T05:08:51.972950+00:00
47,5307409527,140.25,0.07,sell,False,2022-11-04T00:02:05.338497+00:00
48,5305237544,146.55,0.04,sell,False,2022-11-03T18:08:29.707290+00:00
49,5303322820,145.75,0.15,buy,False,2022-11-03T13:54:47.305185+00:00
50,5303152714,144.0,0.14,buy,False,2022-11-03T13:35:48.590353+00:00
51,5303121008,138.325,0.145,buy,False,2022-11-03T13:33:22.599065+00:00
52,5302348696,135.45,0.01,sell,False,2022-11-03T11:57:50.111415+00:00
53,5302348691,136.2,0.045,sell,False,2022-11-03T11:57:50.052112+00:00
54,5302348656,136.2,0.01,sell,False,2022-11-03T11:57:49.557345+00:00
55,5302348630,136.2,0.01,sell,False,2022-11-03T11:57:49.136470+00:00
56,5302348595,136.2,0.01,sell,False,2022-11-03T11:57:48.557423+00:00
57,5302348461,136.375,0.075,sell,False,2022-11-03T11:57:47.541751+00:00
58,5302342711,136.875,0.075,sell,False,2022-11-03T11:56:59.162194+00:00
59,5301946632,137.525,0.075,buy,False,2022-11-03T11:20:49.879328+00:00
60,5301906096,138.2,0.075,buy,False,2022-11-03T11:17:12.287477+00:00
61,5301889315,137.775,0.075,sell,False,2022-11-03T11:15:13.377535+00:00
62,5301817500,137.6,0.06,sell,False,2022-11-03T11:06:05.345334+00:00
63,5301814932,140.875,0.115,buy,False,2022-11-03T11:05:45.886990+00:00
64,5301802181,143.975,0.03,sell,False,2022-11-03T11:04:06.282583+00:00
65,5301801617,145.0,8.14,sell,False,2022-11-03T11:04:00.793595+00:00
66,5299206569,148.5,1.0,sell,False,2022-11-03T03:51:33.295727+00:00
67,5297562810,148.0,0.6,sell,False,2022-11-02T23:32:45.218812+00:00
68,5296100954,148.8,0.025,buy,False,2022-11-02T20:02:16.100461+00:00
69,5296036691,149.375,0.13,buy,False,2022-11-02T19:56:27.653767+00:00
70,5290559320,154.375,0.125,buy,False,2022-11-02T09:59:18.829505+00:00
71,5285658476,155.0,0.005,buy,False,2022-11-01T20:33:52.043708+00:00
72,5282882761,155.525,0.19,buy,False,2022-11-01T12:35:15.752561+00:00
73,5251023221,151.325,0.395,buy,False,2022-10-29T07:53:11.669721+00:00
74,5247101593,147.375,0.1,sell,False,2022-10-28T18:25:08.656754+00:00
75,5247053985,150.0,3.0,buy,False,2022-10-28T18:15:39.522381+00:00
76,5246549451,148.875,1.42,buy,False,2022-10-28T17:03:16.572043+00:00
77,5241604676,143.975,0.085,buy,False,2022-10-28T05:24:47.526515+00:00
78,5235760110,145.7,0.045,buy,False,2022-10-27T14:16:47.043924+00:00
79,5235277752,141.45,0.07,sell,False,2022-10-27T13:35:01.375434+00:00
80,5234022229,143.7,8.14,buy,False,2022-10-27T11:00:45.943342+00:00
81,5229704139,143.675,0.245,buy,False,2022-10-26T23:17:39.199931+00:00
82,5226632433,144.75,6.0,sell,False,2022-10-26T15:36:20.447424+00:00
83,5226527354,146.4,1.96,buy,False,2022-10-26T15:23:36.158844+00:00
84,5226233033,144.375,0.015,buy,False,2022-10-26T14:52:39.169447+00:00
85,5226232466,144.375,1.395,buy,False,2022-10-26T14:52:35.277305+00:00
86,5226169969,143.8,1.995,buy,False,2022-10-26T14:47:28.124675+00:00
87,5226007762,142.325,1.41,sell,False,2022-10-26T14:39:02.806372+00:00
88,5225876260,141.925,0.07,sell,False,2022-10-26T14:27:25.415691+00:00
89,5225214786,142.125,0.145,buy,False,2022-10-26T13:49:33.450434+00:00
90,5225170704,141.0,1.0,buy,False,2022-10-26T13:45:42.959265+00:00
91,5225029720,140.825,0.03,buy,False,2022-10-26T13:34:19.277670+00:00
92,5225028877,140.625,1.365,buy,False,2022-10-26T13:34:15.281611+00:00
93,5225028876,140.6,0.235,buy,False,2022-10-26T13:34:15.281611+00:00
94,5214916849,136.95,0.085,buy,False,2022-10-25T15:39:26.801772+00:00
95,5214179958,137.575,1.63,sell,False,2022-10-25T14:16:45.550788+00:00
96,5214088207,137.225,0.005,buy,False,2022-10-25T14:07:48.922120+00:00
97,5213681303,136.325,0.035,buy,False,2022-10-25T13:33:09.158566+00:00
98,5213680611,136.25,1.34,buy,False,2022-10-25T13:33:05.323478+00:00
99,5213680610,134.975,0.34,buy,False,2022-10-25T13:33:05.323478+00:00
100,5212946420,132.675,1.715,sell,False,2022-10-25T11:08:09.479964+00:00
101,5209262300,132.925,0.34,buy,False,2022-10-24T18:04:38.342980+00:00
102,5207780988,131.325,0.675,buy,False,2022-10-24T13:49:56.018554+00:00
103,5207656284,130.0,8.14,buy,False,2022-10-24T13:37:24.132374+00:00
104,5206301676,126.95,0.06,sell,False,2022-10-24T08:39:02.338924+00:00
105,5203739349,128.825,0.01,buy,False,2022-10-23T22:50:30.383263+00:00
106,5203738879,128.825,0.01,buy,False,2022-10-23T22:50:23.604188+00:00
107,5203738230,128.825,1.79,buy,False,2022-10-23T22:50:16.154571+00:00
108,5200916222,128.875,0.01,buy,False,2022-10-23T12:00:47.106782+00:00
109,5193003479,127.825,1.795,sell,False,2022-10-21T19:52:24.584373+00:00
110,5192954500,128.125,1.705,buy,False,2022-10-21T19:44:52.662762+00:00
111,5192534166,129.65,1.7,sell,False,2022-10-21T18:08:08.886904+00:00
112,5191797840,128.525,0.595,buy,False,2022-10-21T16:01:11.452711+00:00
113,5191175345,127.175,0.06,buy,False,2022-10-21T14:23:33.597507+00:00
114,5190709063,124.475,0.165,sell,False,2022-10-21T13:31:40.029515+00:00
115,5190707020,125.475,0.05,sell,False,2022-10-21T13:31:27.266697+00:00
116,5190704797,125.225,0.71,buy,False,2022-10-21T13:31:14.692737+00:00
117,5190697598,124.0,38.9,buy,False,2022-10-21T13:30:51.665878+00:00
118,5189559512,118.6,0.07,buy,False,2022-10-21T10:53:54.716956+00:00
119,5188738356,118.425,19.0,sell,False,2022-10-21T08:15:55.959607+00:00
120,5185386045,118.775,0.695,sell,False,2022-10-20T18:12:40.915965+00:00
121,5185385813,118.9,0.32,sell,False,2022-10-20T18:12:39.283622+00:00
122,5185384886,119.05,0.105,sell,False,2022-10-20T18:12:32.315180+00:00
123,5185366632,119.125,0.105,sell,False,2022-10-20T18:10:54.756184+00:00
124,5185251983,119.475,0.1,sell,False,2022-10-20T18:03:48.131600+00:00
125,5185091646,120.0,0.08,sell,False,2022-10-20T17:41:28.941043+00:00
126,5185091645,120.0,1.165,sell,False,2022-10-20T17:41:28.941043+00:00
127,5185003894,120.975,1.855,buy,False,2022-10-20T17:20:31.593302+00:00
128,5184612141,120.575,0.04,buy,False,2022-10-20T16:08:36.559906+00:00
129,5184490731,120.575,0.1,sell,False,2022-10-20T15:45:54.170441+00:00
130,5184487321,120.675,0.1,sell,False,2022-10-20T15:45:12.801758+00:00
131,5184440226,120.925,1.85,sell,False,2022-10-20T15:31:07.075185+00:00
132,5184430548,120.975,0.095,sell,False,2022-10-20T15:29:08.095876+00:00
133,5184418298,121.45,0.085,sell,False,2022-10-20T15:27:06.194245+00:00
134,5184390307,121.775,0.9,sell,False,2022-10-20T15:19:40.428698+00:00
135,5184390306,121.775,0.74,sell,False,2022-10-20T15:19:40.397435+00:00
136,5184390303,121.775,0.705,sell,False,2022-10-20T15:19:40.291615+00:00
137,5184390302,122.075,0.095,sell,False,2022-10-20T15:19:40.291615+00:00
138,5184389419,122.15,0.095,sell,False,2022-10-20T15:19:26.296977+00:00
139,5184389333,122.2,20.0,sell,False,2022-10-20T15:19:24.605016+00:00
140,5184319955,122.4,0.09,sell,False,2022-10-20T15:03:11.449846+00:00
141,5184052379,123.875,0.085,buy,False,2022-10-20T14:12:41.091601+00:00
142,5183979716,123.425,0.01,buy,False,2022-10-20T14:03:56.106434+00:00
143,5183967394,123.25,1.835,buy,False,2022-10-20T14:01:35.540634+00:00
144,5183712174,123.0,1.845,sell,False,2022-10-20T13:12:39.461925+00:00
145,5183705727,123.55,0.335,buy,False,2022-10-20T13:11:14.830637+00:00
146,5183697652,123.0,0.315,sell,False,2022-10-20T13:09:37.440650+00:00
147,5183697651,123.0,0.02,sell,False,2022-10-20T13:09:37.440650+00:00
148,5183451775,124.625,0.02,buy,False,2022-10-20T12:25:08.551505+00:00
149,5183450357,124.625,1.895,buy,False,2022-10-20T12:24:43.871348+00:00
150,5183416841,123.7,1.915,sell,False,2022-10-20T12:17:47.808812+00:00
151,5183372147,124.475,1.85,buy,False,2022-10-20T12:04:14.380224+00:00
152,5179001329,123.525,0.09,sell,False,2022-10-19T18:42:05.564371+00:00
153,5178995441,123.625,0.09,sell,False,2022-10-19T18:41:02.687589+00:00
154,5178815690,123.8,0.09,sell,False,2022-10-19T17:56:33.984275+00:00
155,5178388550,124.925,0.085,sell,False,2022-10-19T16:24:50.618630+00:00
156,5178381336,125.025,0.085,sell,False,2022-10-19T16:23:15.301963+00:00
157,5178346105,125.15,0.085,sell,False,2022-10-19T16:15:25.464725+00:00
158,5178326641,125.3,0.7,sell,False,2022-10-19T16:11:10.654907+00:00
159,5178326640,125.3,0.805,sell,False,2022-10-19T16:11:10.654907+00:00
160,5178326639,125.3,0.745,sell,False,2022-10-19T16:11:10.654907+00:00
161,5178326638,125.3,0.905,sell,False,2022-10-19T16:11:10.654907+00:00
162,5178326637,125.3,1.475,sell,False,2022-10-19T16:11:10.654907+00:00
163,5178195454,126.125,1.845,sell,False,2022-10-19T15:47:37.362491+00:00
164,5178178132,126.3,0.085,sell,False,2022-10-19T15:44:21.380540+00:00
165,5178153466,126.4,0.085,sell,False,2022-10-19T15:39:20.340269+00:00
166,5178151300,126.475,0.08,sell,False,2022-10-19T15:38:54.111363+00:00
167,5178140153,126.825,0.09,buy,False,2022-10-19T15:36:44.385243+00:00
168,5178029433,126.925,0.055,sell,False,2022-10-19T15:12:50.114645+00:00
169,5177900619,127.625,0.08,sell,False,2022-10-19T14:47:22.484825+00:00
170,5177875951,127.7,0.08,buy,False,2022-10-19T14:42:11.342877+00:00
171,5177860961,127.725,0.08,sell,False,2022-10-19T14:39:29.929358+00:00
172,5177627464,128.875,0.08,buy,False,2022-10-19T14:01:42.647765+00:00
173,5177562762,129.025,0.08,sell,False,2022-10-19T13:52:08.531559+00:00
174,5177124764,133.0,11.6,sell,False,2022-10-19T12:31:44.683576+00:00
175,5176813584,133.0,17.49,sell,False,2022-10-19T11:20:47.297386+00:00
176,5172787553,133.75,4.4,buy,False,2022-10-18T19:34:40.613530+00:00
177,5172607671,133.375,4.88,buy,False,2022-10-18T19:06:12.771536+00:00
178,5172420714,132.8,1.055,sell,False,2022-10-18T18:47:35.171341+00:00
179,5170045055,140.3,1.0,buy,False,2022-10-18T11:18:24.782698+00:00
180,5165737536,140.0,1.0,buy,False,2022-10-17T16:22:48.783448+00:00
181,5165551394,140.125,14.27,buy,False,2022-10-17T15:42:09.916730+00:00
182,5155953968,133.575,0.045,sell,False,2022-10-15T15:59:01.555619+00:00
183,5150428661,135.0,14.81,buy,False,2022-10-14T16:55:16.168655+00:00
184,5147935230,135.2,0.085,buy,False,2022-10-14T11:12:48.925452+00:00
185,5147934489,135.0,0.13,buy,False,2022-10-14T11:12:28.584079+00:00
186,5147536312,134.575,0.07,sell,False,2022-10-14T09:34:42.088474+00:00
187,5145844395,135.4,0.32,buy,False,2022-10-14T03:07:07.664621+00:00
188,5142653328,134.375,0.385,sell,False,2022-10-13T17:15:10.048883+00:00
189,5141932084,135.375,0.845,buy,False,2022-10-13T15:40:46.596525+00:00
190,5140313349,127.7,0.1,sell,False,2022-10-13T13:06:36.721945+00:00
191,5139536194,129.5,0.095,sell,False,2022-10-13T12:32:04.020328+00:00
192,5137470092,131.25,0.095,sell,False,2022-10-13T08:53:30.636605+00:00
193,5137458316,131.9,0.045,buy,False,2022-10-13T08:51:59.854441+00:00
194,5137455770,131.9,0.09,buy,False,2022-10-13T08:51:43.024002+00:00
195,5137455714,131.9,0.085,buy,False,2022-10-13T08:51:42.514850+00:00
196,5137455645,131.9,0.085,buy,False,2022-10-13T08:51:42.040524+00:00
197,5137453945,137.75,0.08,sell,False,2022-10-13T08:51:35.285077+00:00
198,5137453944,139.275,0.075,sell,False,2022-10-13T08:51:35.285077+00:00
199,5137453943,140.725,0.04,sell,False,2022-10-13T08:51:35.285077+00:00
200,5137005164,140.725,0.035,sell,False,2022-10-13T07:36:37.388449+00:00
201,5136697606,142.1,0.075,buy,False,2022-10-13T06:51:43.412381+00:00
202,5136675671,116.225,0.345,sell,False,2022-10-13T06:47:34.654354+00:00
203,5133118618,133.2,0.15,sell,False,2022-10-12T15:19:31.594575+00:00
204,5133006150,131.675,1.695,sell,False,2022-10-12T14:49:18.704713+00:00
205,5132998740,131.95,0.26,buy,False,2022-10-12T14:47:07.589996+00:00
206,5132995828,131.5,1.585,buy,False,2022-10-12T14:46:33.191242+00:00
207,5132720317,136.0,4.08,sell,False,2022-10-12T13:46:14.383626+00:00
208,5132676873,140.075,0.175,sell,False,2022-10-12T13:40:06.196088+00:00
209,5132460320,134.95,0.035,sell,False,2022-10-12T12:59:11.421222+00:00
210,5132112909,128.775,0.175,sell,False,2022-10-12T12:19:43.545824+00:00
211,5132112256,128.25,0.045,sell,False,2022-10-12T12:19:27.194052+00:00
212,5132111788,128.0,9.99,buy,False,2022-10-12T12:19:17.073360+00:00
213,5132055641,125.55,0.015,sell,False,2022-10-12T12:03:14.439588+00:00
214,5132054649,126.425,0.02,buy,False,2022-10-12T12:02:58.871417+00:00
215,5120407859,123.1,0.325,buy,False,2022-10-10T13:43:15.776314+00:00
216,5120399183,122.025,0.085,sell,False,2022-10-10T13:41:12.853048+00:00
217,5119116297,117.65,0.145,sell,False,2022-10-10T08:27:24.992356+00:00
218,5110486210,118.725,0.085,buy,False,2022-10-07T19:34:11.310253+00:00
219,5109462923,121.9,0.205,buy,False,2022-10-07T16:00:56.558332+00:00
220,5100087261,125.9,7.19,buy,False,2022-10-06T02:51:27.123302+00:00
221,5100063050,125.5,14.61,sell,False,2022-10-06T02:43:26.188868+00:00
222,5097744365,124.775,0.085,sell,False,2022-10-05T17:38:49.926681+00:00
223,5097452393,124.425,0.085,buy,False,2022-10-05T16:48:15.328288+00:00
224,5097139876,122.9,0.03,sell,False,2022-10-05T16:03:00.314445+00:00
225,5097079758,122.525,0.885,sell,False,2022-10-05T15:51:11.245781+00:00
226,5092422227,125.575,0.01,sell,False,2022-10-04T20:42:40.773636+00:00
227,5092387926,126.125,0.01,buy,False,2022-10-04T20:36:17.838832+00:00
228,5090997116,126.0,30.0,buy,False,2022-10-04T15:58:51.311357+00:00
229,5090957918,125.625,0.085,buy,False,2022-10-04T15:48:24.570088+00:00
230,5090385774,125.45,0.925,sell,False,2022-10-04T14:02:53.694994+00:00
231,5090161478,124.075,0.085,sell,False,2022-10-04T13:33:49.389167+00:00
232,5088887207,121.65,0.045,sell,False,2022-10-04T08:23:43.315156+00:00
233,5088783855,122.7,0.08,buy,False,2022-10-04T08:08:45.500285+00:00
234,5085457911,119.7,0.4,buy,False,2022-10-03T17:11:30.793045+00:00
235,5085394686,119.775,3.0,buy,False,2022-10-03T16:57:06.161492+00:00
236,5084702378,121.65,0.085,buy,False,2022-10-03T14:33:37.927940+00:00
237,5084257813,116.45,0.695,buy,False,2022-10-03T13:34:11.560453+00:00
238,5084257477,116.625,0.885,buy,False,2022-10-03T13:34:10.827023+00:00
239,5084257296,116.625,0.145,buy,False,2022-10-03T13:34:10.334241+00:00
240,5074894117,118.875,0.01,buy,False,2022-10-01T12:02:27.921881+00:00
241,5070596056,122.4,0.4,sell,False,2022-09-30T15:13:50.463463+00:00
242,5070140833,121.575,0.085,buy,False,2022-09-30T14:31:01.313603+00:00
243,5069902577,120.4,0.085,buy,False,2022-09-30T13:56:05.855747+00:00
244,5067494211,118.5,0.325,buy,False,2022-09-30T05:46:26.044533+00:00
245,5064571383,116.7,2.0,buy,False,2022-09-29T17:55:35.999475+00:00
246,5063647972,116.775,0.085,buy,False,2022-09-29T15:06:58.266242+00:00
247,5063482183,115.6,0.05,sell,False,2022-09-29T14:45:31.166462+00:00
248,5063367835,115.7,0.09,sell,False,2022-09-29T14:33:59.944936+00:00
249,5063367834,115.7,0.09,sell,False,2022-09-29T14:33:59.944936+00:00
250,5063360100,115.725,0.09,sell,False,2022-09-29T14:32:36.899525+00:00
251,5063351123,115.5,0.09,buy,False,2022-09-29T14:31:08.397335+00:00
252,5063087450,117.05,0.105,buy,False,2022-09-29T13:57:58.570205+00:00
253,5063085913,117.0,0.085,sell,False,2022-09-29T13:57:40.666400+00:00
254,5062992213,117.225,0.085,sell,False,2022-09-29T13:47:58.203539+00:00
255,5062895185,117.8,0.15,sell,False,2022-09-29T13:41:21.454624+00:00
256,5062881464,117.95,0.15,sell,False,2022-09-29T13:41:01.248677+00:00
257,5062865403,118.35,0.21,sell,False,2022-09-29T13:38:42.960584+00:00
258,5062856344,119.025,3.0,sell,False,2022-09-29T13:36:42.918906+00:00
259,5062854368,119.5,0.04,sell,False,2022-09-29T13:36:26.542737+00:00
260,5057540262,121.925,0.2,sell,False,2022-09-28T17:04:11.353391+00:00
261,5054416633,121.2,0.02,sell,False,2022-09-28T09:23:15.673262+00:00
262,5047776391,124.8,0.16,sell,False,2022-09-27T14:59:44.968301+00:00
263,5045585120,120.6,0.4,sell,False,2022-09-27T07:59:48.101389+00:00
264,5042771062,119.4,0.04,sell,False,2022-09-26T23:14:23.084988+00:00
265,5041356682,120.625,0.145,sell,False,2022-09-26T17:14:09.058938+00:00
266,5041346998,120.775,0.145,sell,False,2022-09-26T17:11:57.342059+00:00
267,5040873673,121.9,0.04,sell,False,2022-09-26T15:45:37.686179+00:00
268,5040867535,122.125,0.04,sell,False,2022-09-26T15:44:57.240129+00:00
269,5038555645,123.1,0.08,sell,False,2022-09-26T09:59:27.178271+00:00
270,5031290847,124.15,0.5,sell,False,2022-09-25T07:45:00.955076+00:00
271,5029174665,124.225,54.285,buy,False,2022-09-24T20:48:41.459132+00:00
272,5025112163,124.2,0.4,buy,False,2022-09-24T02:00:17.212672+00:00
273,5021204283,121.8,0.375,sell,False,2022-09-23T15:02:38.052365+00:00
274,5021116085,122.75,152.74,sell,False,2022-09-23T14:47:49.498382+00:00
275,5020380683,124.675,0.375,buy,False,2022-09-23T13:35:11.786338+00:00
276,5019516467,121.8,0.375,sell,False,2022-09-23T11:25:54.491619+00:00
277,5019516466,121.8,0.375,sell,False,2022-09-23T11:25:54.491619+00:00
278,5019516465,121.8,0.375,sell,False,2022-09-23T11:25:54.491619+00:00
279,5019516464,121.8,0.375,sell,False,2022-09-23T11:25:54.491619+00:00
280,5018571983,123.325,0.025,sell,False,2022-09-23T08:44:11.121317+00:00
281,5014683754,123.325,0.06,sell,False,2022-09-22T19:43:30.275325+00:00
282,5014578138,125.15,0.02,buy,False,2022-09-22T19:29:42.186654+00:00
283,5013171050,125.075,0.03,sell,False,2022-09-22T15:18:49.659631+00:00
284,5012846033,125.775,0.08,buy,False,2022-09-22T14:27:14.580856+00:00
285,5012573767,124.05,0.47,buy,False,2022-09-22T13:49:04.610198+00:00
286,5012507642,123.175,5.215,sell,False,2022-09-22T13:42:38.130307+00:00
287,5012496733,123.375,0.135,sell,False,2022-09-22T13:41:26.914480+00:00
288,5012496078,123.525,0.135,sell,False,2022-09-22T13:41:21.700858+00:00
289,5012399123,125.0,4.0,sell,False,2022-09-22T13:30:16.532965+00:00
290,5007918567,125.3,0.2,sell,False,2022-09-21T22:25:52.871750+00:00
291,5007917806,125.3,0.2,sell,False,2022-09-21T22:25:44.231442+00:00
292,5007869933,125.3,0.02,sell,True,2022-09-21T22:21:12.124621+00:00
293,5007856962,124.775,0.2,sell,False,2022-09-21T22:19:57.684133+00:00
294,5007853780,124.775,0.2,sell,False,2022-09-21T22:19:40.460907+00:00
295,5006393836,126.425,0.04,buy,False,2022-09-21T19:45:28.881763+00:00
296,5000901485,129.625,0.02,sell,False,2022-09-21T08:34:21.367060+00:00
297,4996633993,132.325,0.15,sell,False,2022-09-20T16:48:38.416964+00:00
298,4996155878,132.5,0.2,sell,False,2022-09-20T15:45:52.258995+00:00
299,4996146919,132.675,0.2,sell,False,2022-09-20T15:44:02.105166+00:00
300,4996064443,133.525,0.395,buy,False,2022-09-20T15:31:26.100478+00:00
301,4995985047,133.4,0.395,buy,False,2022-09-20T15:19:00.642705+00:00
302,4995777740,134.15,0.315,buy,False,2022-09-20T14:52:51.169546+00:00
303,4995630834,133.35,0.045,sell,False,2022-09-20T14:32:57.336932+00:00
304,4995587482,132.5,0.035,buy,False,2022-09-20T14:26:47.963810+00:00
305,4995275470,132.65,1.06,buy,False,2022-09-20T13:43:02.998086+00:00
306,4995215593,131.625,0.32,buy,False,2022-09-20T13:36:21.753830+00:00
307,4995206811,131.0,0.155,buy,False,2022-09-20T13:35:14.797738+00:00
308,4992708510,127.825,0.16,sell,False,2022-09-20T04:24:51.313873+00:00
309,4990341685,127.375,0.24,buy,False,2022-09-19T19:36:09.958892+00:00
310,4989291139,124.0,0.08,sell,False,2022-09-19T16:27:06.175713+00:00
311,4989290040,124.075,0.085,sell,False,2022-09-19T16:27:00.934686+00:00
312,4989290010,124.1,0.24,sell,False,2022-09-19T16:27:00.198770+00:00
313,4989218946,124.325,0.085,sell,False,2022-09-19T16:12:06.033579+00:00
314,4989177933,124.55,0.09,sell,False,2022-09-19T16:06:47.513248+00:00
315,4989177932,124.55,0.09,sell,False,2022-09-19T16:06:47.513248+00:00
316,4989171892,124.65,0.375,sell,False,2022-09-19T16:06:15.529485+00:00
317,4989003277,124.8,2.0,buy,False,2022-09-19T15:38:33.689947+00:00
318,4988955333,124.75,0.085,sell,False,2022-09-19T15:31:36.111295+00:00
319,4988915904,125.6,0.395,sell,False,2022-09-19T15:25:32.679732+00:00
320,4988915014,125.45,0.795,sell,False,2022-09-19T15:25:29.739524+00:00
321,4988911908,125.6,0.795,sell,False,2022-09-19T15:25:25.919094+00:00
322,4988905759,125.775,0.795,buy,False,2022-09-19T15:25:10.087121+00:00
323,4988905292,125.775,0.795,buy,False,2022-09-19T15:25:05.932154+00:00
324,4988855259,125.95,0.005,buy,False,2022-09-19T15:19:15.056962+00:00
325,4988778639,126.85,0.08,sell,False,2022-09-19T15:06:40.754960+00:00
326,4988710538,126.1,0.175,sell,False,2022-09-19T14:57:11.783936+00:00
327,4988684502,126.1,0.22,sell,False,2022-09-19T14:53:55.267426+00:00
328,4988576013,126.15,0.005,buy,False,2022-09-19T14:41:43.160497+00:00
329,4988575309,126.05,0.02,buy,False,2022-09-19T14:41:38.700956+00:00
330,4988574705,126.05,0.3,buy,False,2022-09-19T14:41:36.097202+00:00
331,4988394877,125.275,0.08,buy,False,2022-09-19T14:22:39.288851+00:00
332,4988371149,125.7,0.275,sell,False,2022-09-19T14:19:28.451635+00:00
333,4988367386,125.925,0.085,sell,False,2022-09-19T14:19:05.043138+00:00
334,4988367385,125.925,0.085,sell,False,2022-09-19T14:19:05.043138+00:00
335,4988364271,126.0,0.075,sell,False,2022-09-19T14:18:42.616352+00:00
336,4988364270,126.025,0.13,sell,False,2022-09-19T14:18:42.616352+00:00
337,4988364269,126.075,0.08,sell,False,2022-09-19T14:18:42.616352+00:00
338,4988357761,126.2,0.13,sell,False,2022-09-19T14:17:52.728257+00:00
339,4988282593,127.3,0.08,buy,False,2022-09-19T14:11:09.388042+00:00
340,4988254368,127.125,0.045,buy,False,2022-09-19T14:07:20.514522+00:00
341,4988237495,127.225,0.08,sell,False,2022-09-19T14:05:48.480481+00:00
342,4988237494,127.225,0.08,sell,False,2022-09-19T14:05:48.480481+00:00
343,4988220642,127.5,0.375,sell,False,2022-09-19T14:03:51.329785+00:00
344,4988212420,128.0,20.0,sell,False,2022-09-19T14:02:55.199709+00:00
345,4988210185,128.475,0.08,buy,False,2022-09-19T14:02:37.124992+00:00
346,4988210176,128.475,0.08,buy,False,2022-09-19T14:02:37.088604+00:00
347,4988185665,128.625,0.125,sell,False,2022-09-19T14:00:16.117873+00:00
348,4988171444,128.775,0.125,sell,False,2022-09-19T13:58:16.607306+00:00
349,4981249911,137.45,0.21,sell,False,2022-09-18T18:55:15.604868+00:00
350,4968893025,135.375,0.1,sell,False,2022-09-16T15:18:05.459890+00:00
351,4968890001,135.875,0.5,buy,False,2022-09-16T15:17:40.045395+00:00
352,4967917856,134.075,0.1,sell,False,2022-09-16T13:19:11.344893+00:00
353,4967877495,134.375,0.1,sell,False,2022-09-16T13:07:53.174279+00:00
354,4967730860,134.65,0.1,sell,False,2022-09-16T12:39:51.863662+00:00
355,4967456717,134.925,0.1,sell,False,2022-09-16T11:43:29.328707+00:00
356,4967350031,135.2,0.1,sell,False,2022-09-16T11:17:17.348264+00:00
357,4966633094,134.425,0.38,sell,False,2022-09-16T08:41:17.168490+00:00
358,4961269203,136.0,20.0,sell,False,2022-09-15T15:01:06.835266+00:00
359,4960769800,136.725,0.1,sell,False,2022-09-15T14:33:16.853583+00:00
360,4960738575,137.1,0.1,sell,False,2022-09-15T14:30:08.806738+00:00
361,4956706641,139.25,0.025,sell,False,2022-09-15T06:05:22.841456+00:00
362,4953920199,139.4,0.01,sell,False,2022-09-14T22:13:09.964002+00:00
363,4952258828,139.625,1.0,sell,False,2022-09-14T17:04:25.528350+00:00
364,4951498811,137.4,0.1,sell,False,2022-09-14T14:37:39.481864+00:00
365,4951482858,137.725,0.1,sell,False,2022-09-14T14:34:48.097223+00:00
366,4951345191,139.125,0.22,buy,False,2022-09-14T14:14:59.322812+00:00
367,4951324389,139.3,0.22,buy,False,2022-09-14T14:11:51.413778+00:00
368,4951106272,139.0,25.59,buy,False,2022-09-14T13:39:22.174839+00:00
369,4951106271,138.925,0.375,buy,False,2022-09-14T13:39:22.174839+00:00
370,4951084849,138.2,0.225,buy,False,2022-09-14T13:37:04.143926+00:00
371,4951029926,136.225,0.08,sell,False,2022-09-14T13:32:07.663422+00:00
372,4951016886,136.075,0.375,buy,False,2022-09-14T13:30:52.945901+00:00
373,4951014066,135.525,0.31,buy,False,2022-09-14T13:30:30.661232+00:00
374,4950464352,133.225,0.375,buy,False,2022-09-14T12:17:52.871309+00:00
375,4949632746,132.925,1.0,buy,False,2022-09-14T09:31:30.482815+00:00
376,4949547424,132.925,0.755,buy,False,2022-09-14T09:16:46.781495+00:00
377,4949465998,132.0,25.595,sell,False,2022-09-14T09:00:26.480903+00:00
378,4949312929,132.875,0.08,buy,False,2022-09-14T08:34:39.164527+00:00
379,4947625093,131.275,0.16,sell,False,2022-09-14T03:03:13.476907+00:00
380,4947620828,131.65,2.53,buy,False,2022-09-14T03:02:10.947918+00:00
381,4947597726,131.625,0.005,buy,False,2022-09-14T02:57:09.732103+00:00
382,4945330164,131.25,0.08,sell,False,2022-09-13T19:55:35.129836+00:00
383,4945188786,131.475,0.08,sell,False,2022-09-13T19:34:19.983376+00:00
384,4943894367,132.05,0.085,sell,False,2022-09-13T16:31:03.451201+00:00
385,4943852123,132.625,0.08,sell,False,2022-09-13T16:25:34.402069+00:00
386,4943655419,132.85,0.08,sell,False,2022-09-13T15:59:44.005275+00:00
387,4942815161,133.6,0.05,sell,False,2022-09-13T14:24:42.503425+00:00
388,4942592028,133.5,0.08,sell,False,2022-09-13T14:02:35.434134+00:00
389,4942585561,133.6,0.095,sell,False,2022-09-13T14:02:20.283161+00:00
390,4942388279,134.15,0.075,buy,False,2022-09-13T13:46:08.772956+00:00
391,4942383968,133.925,0.075,buy,False,2022-09-13T13:45:36.318685+00:00
392,4942275021,134.9,0.075,sell,False,2022-09-13T13:37:08.353348+00:00
393,4941761627,136.225,0.075,buy,False,2022-09-13T13:01:42.872492+00:00
394,4941213003,139.25,0.04,sell,False,2022-09-13T12:38:32.630488+00:00
395,4933790190,141.375,0.01,buy,False,2022-09-12T15:25:21.036152+00:00
396,4933055230,142.8,0.06,buy,False,2022-09-12T13:40:45.053106+00:00
397,4932998790,142.25,0.37,sell,False,2022-09-12T13:35:23.839537+00:00
398,4929703293,142.525,0.025,buy,False,2022-09-12T04:02:13.178013+00:00
399,4928017855,139.2,0.52,sell,False,2022-09-12T00:17:47.489415+00:00
400,4928017854,139.225,0.985,sell,False,2022-09-12T00:17:47.489415+00:00
401,4928017609,139.2,0.085,sell,False,2022-09-12T00:17:45.263725+00:00
402,4917946488,142.1,0.15,sell,False,2022-09-10T07:50:25.505787+00:00
403,4915192293,142.8,0.01,buy,False,2022-09-09T22:19:28.309469+00:00
404,4908396547,141.2,0.285,sell,False,2022-09-09T04:53:27.978321+00:00
405,4897351282,133.075,0.07,sell,False,2022-09-07T16:46:51.439046+00:00
406,4892174128,130.0,0.15,sell,False,2022-09-06T22:41:51.101117+00:00
407,4891208586,130.275,0.095,sell,False,2022-09-06T19:33:29.387484+00:00
408,4890222401,131.25,2.0,buy,False,2022-09-06T17:43:20.282736+00:00
409,4888819281,135.675,0.035,buy,False,2022-09-06T15:24:01.526509+00:00
410,4887948309,134.675,0.09,sell,False,2022-09-06T13:32:53.645933+00:00
411,4887948308,134.675,1.51,sell,False,2022-09-06T13:32:53.645933+00:00
412,4887940048,135.775,0.08,buy,False,2022-09-06T13:31:41.195668+00:00
413,4887940003,135.775,0.09,buy,False,2022-09-06T13:31:40.869404+00:00
414,4887939921,135.775,0.1,buy,False,2022-09-06T13:31:40.565798+00:00
415,4887848827,139.75,0.03,buy,False,2022-09-06T13:12:15.134919+00:00
416,4881181252,139.1,0.005,buy,False,2022-09-05T13:05:42.886965+00:00
417,4866786993,139.875,0.025,buy,False,2022-09-02T13:52:12.316305+00:00
418,4866310311,140.775,0.1,buy,False,2022-09-02T12:47:48.441320+00:00
419,4862240348,137.575,0.585,buy,False,2022-09-01T19:50:53.799929+00:00
420,4860015435,130.7,0.39,sell,False,2022-09-01T13:35:01.859566+00:00
421,4859304862,131.125,0.12,sell,False,2022-09-01T11:11:16.504352+00:00
422,4859041295,131.3,0.12,sell,False,2022-09-01T10:11:36.154331+00:00
423,4859008611,131.6,0.035,sell,False,2022-09-01T10:02:48.728010+00:00
424,4856808541,132.075,0.26,buy,False,2022-09-01T00:47:17.680995+00:00
425,4852965029,136.45,0.21,buy,False,2022-08-31T12:16:17.603213+00:00
426,4845985895,133.325,0.03,sell,False,2022-08-30T14:47:04.024110+00:00
427,4845985869,133.45,2.11,sell,False,2022-08-30T14:47:03.896926+00:00
428,4845985823,133.45,0.59,sell,False,2022-08-30T14:47:03.812430+00:00
429,4845985822,133.55,0.11,sell,False,2022-08-30T14:47:03.812430+00:00
430,4845982062,133.7,0.39,sell,False,2022-08-30T14:46:50.618213+00:00
431,4845978989,133.725,0.11,sell,False,2022-08-30T14:46:40.141124+00:00
432,4843887762,138.25,0.33,sell,False,2022-08-30T07:58:02.880913+00:00
433,4838418763,134.675,0.115,sell,False,2022-08-29T11:41:14.172830+00:00
434,4838414534,134.825,0.1,sell,False,2022-08-29T11:40:02.161896+00:00
435,4838262525,135.675,0.045,sell,False,2022-08-29T10:53:50.176178+00:00
436,4838262345,135.775,0.04,sell,False,2022-08-29T10:53:45.590547+00:00
437,4838260502,135.925,0.105,sell,False,2022-08-29T10:53:11.928005+00:00
438,4838258612,136.0,0.145,sell,False,2022-08-29T10:52:39.005055+00:00
439,4838258412,136.1,0.105,sell,False,2022-08-29T10:52:33.320647+00:00
440,4837718723,136.45,0.105,sell,False,2022-08-29T08:04:48.606754+00:00
441,4823969080,136.675,0.39,sell,False,2022-08-26T20:52:28.279762+00:00
442,4823767790,136.825,0.095,sell,False,2022-08-26T19:55:43.631178+00:00
443,4823595984,137.125,0.15,sell,False,2022-08-26T19:08:54.979363+00:00
444,4823594524,137.175,0.11,sell,False,2022-08-26T19:08:26.888775+00:00
445,4822407281,138.975,0.025,buy,False,2022-08-26T16:03:37.635134+00:00
446,4814468415,138.225,0.105,sell,False,2022-08-25T15:02:13.767079+00:00
447,4814467616,138.4,0.105,sell,False,2022-08-25T15:01:59.783561+00:00
448,4814467547,138.45,0.035,sell,False,2022-08-25T15:01:59.232969+00:00
449,4814450081,138.975,0.025,buy,False,2022-08-25T14:59:28.618810+00:00
450,4814064172,138.75,0.1,sell,False,2022-08-25T13:42:48.251203+00:00
451,4814064171,138.75,0.09,sell,False,2022-08-25T13:42:48.251203+00:00
452,4814019086,140.0,0.14,sell,False,2022-08-25T13:33:46.142718+00:00
453,4809620501,142.0,20.0,buy,False,2022-08-24T18:38:35.241927+00:00
454,4809613153,141.75,78.41,buy,False,2022-08-24T18:35:53.546040+00:00
455,4808011382,141.65,0.035,sell,False,2022-08-24T13:35:00.845225+00:00
456,4808011381,141.65,0.705,sell,False,2022-08-24T13:35:00.845225+00:00
457,4808011380,141.65,2.115,sell,False,2022-08-24T13:35:00.845225+00:00
458,4807793628,144.15,0.005,buy,False,2022-08-24T12:47:38.540060+00:00
459,4802192941,143.9,29.7,sell,False,2022-08-23T14:13:43.047489+00:00
460,4801914190,139.6,0.105,sell,False,2022-08-23T13:44:38.373370+00:00
461,4801911711,139.65,0.39,sell,False,2022-08-23T13:44:29.327436+00:00
462,4801826116,140.45,0.1,sell,False,2022-08-23T13:36:10.666691+00:00
463,4801811395,140.625,0.1,sell,False,2022-08-23T13:35:04.456702+00:00
464,4801811394,140.625,0.085,sell,False,2022-08-23T13:35:04.456702+00:00
465,4801810991,140.975,0.1,sell,False,2022-08-23T13:35:02.829504+00:00
466,4801807631,141.725,0.065,buy,False,2022-08-23T13:34:35.816478+00:00
467,4795659341,141.975,0.1,sell,False,2022-08-22T18:30:07.634523+00:00
468,4795532721,142.45,0.085,sell,False,2022-08-22T18:02:18.666241+00:00
469,4795071852,143.6,0.985,sell,False,2022-08-22T16:30:44.133395+00:00
470,4794424622,142.625,0.39,sell,False,2022-08-22T14:59:47.823292+00:00
471,4794424621,142.625,0.095,sell,False,2022-08-22T14:59:47.823292+00:00
472,4794411082,142.8,0.095,sell,False,2022-08-22T14:57:33.239991+00:00
473,4794391865,142.95,0.07,sell,False,2022-08-22T14:54:21.369986+00:00
474,4794255907,143.05,364.43,buy,False,2022-08-22T14:35:05.620966+00:00
475,4794253384,143.05,250.0,buy,False,2022-08-22T14:34:44.501245+00:00
476,4794249419,143.05,249.995,buy,False,2022-08-22T14:34:20.575738+00:00
477,4794183442,143.15,0.095,sell,False,2022-08-22T14:24:43.356873+00:00
478,4793781736,145.8,0.07,buy,False,2022-08-22T13:36:17.485176+00:00
479,4793623868,144.225,1.97,buy,False,2022-08-22T13:13:17.390705+00:00
480,4792150166,144.2,0.08,sell,False,2022-08-22T08:44:25.261166+00:00
481,4791839202,144.25,0.095,sell,False,2022-08-22T08:11:44.954154+00:00
482,4791693381,144.725,0.09,sell,False,2022-08-22T08:01:03.657974+00:00
483,4791685763,144.9,0.09,sell,False,2022-08-22T08:00:15.509179+00:00
484,4791683023,145.575,0.03,sell,False,2022-08-22T08:00:03.066151+00:00
485,4773736725,145.35,0.24,sell,False,2022-08-19T19:11:58.051958+00:00
486,4773603074,145.275,0.09,sell,False,2022-08-19T18:58:21.015033+00:00
487,4772516122,145.925,0.075,sell,False,2022-08-19T16:08:07.007293+00:00
488,4772086689,146.475,0.09,sell,False,2022-08-19T14:53:04.804604+00:00
489,4772082673,146.75,0.085,sell,False,2022-08-19T14:52:36.259417+00:00
490,4772080270,146.95,0.085,sell,False,2022-08-19T14:52:09.897043+00:00
491,4771649969,149.15,5.79,buy,False,2022-08-19T13:45:04.131638+00:00
492,4770439368,147.325,0.085,sell,False,2022-08-19T11:21:20.216253+00:00
493,4770351863,147.575,0.075,sell,False,2022-08-19T11:11:19.133455+00:00
494,4769658020,149.0,0.13,sell,False,2022-08-19T09:38:49.065980+00:00
495,4768872444,149.7,0.03,sell,False,2022-08-19T08:00:10.306939+00:00
496,4763927722,149.25,0.035,sell,False,2022-08-18T22:16:06.124965+00:00
497,4762952134,149.625,0.005,sell,False,2022-08-18T18:10:34.277121+00:00
498,4762319094,148.65,0.09,sell,False,2022-08-18T16:12:07.859198+00:00
499,4762318421,148.75,0.085,sell,False,2022-08-18T16:12:03.541881+00:00
500,4762315194,148.925,0.085,sell,False,2022-08-18T16:11:15.556241+00:00
501,4762309850,149.45,0.05,sell,False,2022-08-18T16:10:03.955802+00:00
502,4762293461,149.2,0.07,sell,False,2022-08-18T16:07:18.518733+00:00
503,4762293129,149.3,0.08,sell,False,2022-08-18T16:07:16.024929+00:00
504,4762291681,150.3,0.04,buy,False,2022-08-18T16:06:55.602805+00:00
505,4762287731,149.975,0.03,sell,False,2022-08-18T16:06:27.732710+00:00
506,4762256321,150.675,0.08,sell,False,2022-08-18T16:00:54.835000+00:00
507,4762256263,150.725,0.085,sell,False,2022-08-18T16:00:54.286046+00:00
508,4762256229,150.775,0.07,sell,False,2022-08-18T16:00:53.713896+00:00
509,4761828655,150.875,0.08,sell,False,2022-08-18T14:39:29.142753+00:00
510,4761813392,151.225,0.08,sell,False,2022-08-18T14:36:44.385289+00:00
511,4761529028,152.25,0.07,buy,False,2022-08-18T13:47:08.448197+00:00
512,4761453329,152.525,0.075,sell,False,2022-08-18T13:35:03.943965+00:00
513,4761452792,152.725,0.075,sell,False,2022-08-18T13:35:02.756440+00:00
514,4761452658,152.775,0.08,sell,False,2022-08-18T13:35:02.229983+00:00
515,4761452657,153.1,0.075,sell,False,2022-08-18T13:35:02.229983+00:00
516,4761448591,154.35,0.075,sell,False,2022-08-18T13:34:32.544957+00:00
517,4761448076,154.55,0.075,sell,False,2022-08-18T13:34:28.347048+00:00
518,4761439843,154.75,0.075,sell,False,2022-08-18T13:33:42.273627+00:00
519,4761439394,154.925,0.075,sell,False,2022-08-18T13:33:40.126618+00:00
520,4761438761,155.35,0.065,sell,False,2022-08-18T13:33:34.154326+00:00
521,4761434379,156.1,0.07,sell,False,2022-08-18T13:32:58.471517+00:00
522,4761434023,156.3,0.07,sell,False,2022-08-18T13:32:52.985837+00:00
523,4761430175,157.0,0.635,sell,False,2022-08-18T13:32:15.227529+00:00
524,4761430174,157.0,0.025,sell,False,2022-08-18T13:32:15.227529+00:00
525,4761355312,157.925,0.005,buy,False,2022-08-18T13:18:46.193045+00:00
526,4760953715,158.425,0.065,buy,False,2022-08-18T12:07:39.189392+00:00
527,4759582655,157.425,1.165,sell,False,2022-08-18T06:35:17.353461+00:00
528,4759582654,157.475,0.035,sell,False,2022-08-18T06:35:17.353461+00:00
529,4759569592,158.225,0.1,buy,False,2022-08-18T06:31:56.522346+00:00
530,4757895512,156.675,0.075,sell,False,2022-08-17T23:57:58.064078+00:00
531,4757895446,156.7,0.07,sell,False,2022-08-17T23:57:56.008010+00:00
532,4757393329,157.825,0.07,sell,False,2022-08-17T22:08:30.890265+00:00
533,4755647691,158.025,0.07,sell,False,2022-08-17T17:33:48.070473+00:00
534,4755643285,158.1,0.03,sell,False,2022-08-17T17:32:35.670231+00:00
535,4755102237,158.45,0.1,buy,False,2022-08-17T15:54:28.733695+00:00
536,4755075857,158.425,0.105,buy,False,2022-08-17T15:48:57.527251+00:00
537,4755042858,158.425,0.07,sell,False,2022-08-17T15:43:55.508006+00:00
538,4755040968,158.525,0.07,sell,False,2022-08-17T15:43:43.595032+00:00
539,4754721725,159.475,0.065,sell,False,2022-08-17T14:56:32.748549+00:00
540,4754719471,159.675,0.065,sell,False,2022-08-17T14:56:12.620266+00:00
541,4754386399,160.075,0.065,sell,False,2022-08-17T14:11:48.499680+00:00
542,4754353607,160.325,0.07,sell,False,2022-08-17T14:07:31.100585+00:00
543,4754242354,162.0,0.055,sell,False,2022-08-17T13:56:07.692263+00:00
544,4754091470,161.1,0.065,sell,False,2022-08-17T13:47:08.141632+00:00
545,4754075202,161.25,0.065,buy,False,2022-08-17T13:46:09.713219+00:00
546,4754068266,161.65,0.065,buy,False,2022-08-17T13:45:41.145937+00:00
547,4754020945,162.1,0.065,sell,False,2022-08-17T13:43:03.988261+00:00
548,4753952621,162.95,0.025,sell,False,2022-08-17T13:39:09.288806+00:00
549,4753910691,163.8,0.065,sell,False,2022-08-17T13:35:02.812174+00:00
550,4753886858,164.9,0.31,sell,False,2022-08-17T13:32:29.849486+00:00
551,4753873082,166.25,0.035,sell,False,2022-08-17T13:31:44.745104+00:00
552,4753699207,165.4,0.065,buy,False,2022-08-17T13:09:09.289264+00:00
553,4752660449,167.275,0.975,sell,False,2022-08-17T10:37:15.368027+00:00
554,4752660448,167.65,0.025,sell,False,2022-08-17T10:37:15.368027+00:00
555,4751972320,168.05,0.995,sell,False,2022-08-17T08:25:45.272676+00:00
556,4751965443,168.025,0.005,sell,False,2022-08-17T08:24:44.289342+00:00
557,4751605346,168.3,0.005,buy,False,2022-08-17T07:41:36.863055+00:00
558,4748228598,168.475,1.0,buy,False,2022-08-16T20:47:33.397796+00:00
559,4747666086,168.5,0.03,sell,False,2022-08-16T18:48:57.612471+00:00
560,4747200955,169.25,0.01,buy,False,2022-08-16T17:39:46.559068+00:00
561,4747165794,168.2,0.025,buy,False,2022-08-16T17:33:02.642385+00:00
562,4746032454,168.725,0.175,sell,False,2022-08-16T14:19:37.776007+00:00
563,4745891823,172.0,1.16,sell,False,2022-08-16T14:01:50.541859+00:00
564,4743419815,177.075,0.03,buy,False,2022-08-16T05:29:08.561776+00:00
565,4740666621,177.45,0.57,buy,False,2022-08-15T19:44:23.075540+00:00
566,4739316524,178.325,0.005,buy,False,2022-08-15T14:38:04.138881+00:00
567,4739217715,178.1,0.325,sell,False,2022-08-15T14:17:40.500920+00:00
568,4738813630,173.025,0.115,buy,False,2022-08-15T13:18:04.346818+00:00
569,4738433730,171.9,0.325,buy,False,2022-08-15T12:08:20.883551+00:00
570,4737292488,170.375,0.06,sell,False,2022-08-15T08:18:29.836137+00:00
571,4733300086,170.575,0.105,sell,False,2022-08-14T21:47:19.454433+00:00
572,4733068048,171.725,0.005,buy,False,2022-08-14T20:37:27.394674+00:00
573,4732842469,172.05,0.06,buy,False,2022-08-14T19:25:16.930556+00:00
574,4732816196,166.7,0.04,sell,False,2022-08-14T19:17:32.328413+00:00
575,4729333109,170.65,1.675,buy,False,2022-08-14T07:45:00.884274+00:00
576,4729332597,170.65,0.03,sell,False,2022-08-14T07:44:51.309325+00:00
577,4728186529,171.725,0.01,buy,False,2022-08-14T02:47:51.722521+00:00
578,4724992765,171.725,0.4,buy,False,2022-08-13T12:10:31.876852+00:00
579,4722943660,171.775,1.705,buy,False,2022-08-13T05:16:55.183848+00:00
580,4722529151,170.65,153.9,sell,False,2022-08-13T03:58:26.914514+00:00
581,4722525709,170.675,137.055,sell,False,2022-08-13T03:57:48.013151+00:00
582,4722324249,170.675,1.125,sell,False,2022-08-13T03:23:19.689553+00:00
583,4721997590,171.85,139.655,buy,False,2022-08-13T02:19:47.110793+00:00
584,4721981635,171.8,152.425,buy,False,2022-08-13T02:16:51.019583+00:00
585,4719240153,173.65,0.1,buy,False,2022-08-12T16:44:56.739491+00:00
586,4719087208,173.525,864.425,buy,False,2022-08-12T16:12:39.543127+00:00
587,4718722965,170.5,0.005,buy,False,2022-08-12T15:03:54.072457+00:00
588,4713292986,171.55,0.04,sell,False,2022-08-11T19:45:56.145086+00:00
589,4713235829,172.075,0.555,buy,False,2022-08-11T19:32:11.960547+00:00
590,4710190445,174.975,0.1,buy,False,2022-08-11T12:15:23.775462+00:00
591,4702271037,171.725,0.06,sell,False,2022-08-10T13:34:20.982155+00:00
592,4702135512,175.725,0.1,buy,False,2022-08-10T13:24:09.928206+00:00
593,4701414659,175.125,0.06,buy,False,2022-08-10T12:45:20.453310+00:00
594,4701392637,173.975,0.06,sell,False,2022-08-10T12:44:12.802087+00:00
595,4695482882,171.15,0.06,buy,False,2022-08-09T16:15:10.338025+00:00
596,4694858761,173.35,0.015,sell,False,2022-08-09T14:28:47.948649+00:00
597,4694760022,173.9,0.1,buy,False,2022-08-09T14:17:15.993696+00:00
598,4694552348,174.6,0.03,buy,False,2022-08-09T14:06:13.875977+00:00
599,4694490546,174.775,0.015,sell,False,2022-08-09T14:01:42.184586+00:00
600,4693109915,178.025,0.565,sell,False,2022-08-09T10:36:40.439186+00:00
601,4688901965,179.45,5.36,buy,False,2022-08-08T20:04:23.921207+00:00
602,4687532485,186.625,0.05,buy,False,2022-08-08T15:28:44.983186+00:00
603,4686990181,187.0,2.875,buy,False,2022-08-08T13:57:42.890638+00:00
604,4685736099,184.65,0.275,sell,False,2022-08-08T10:12:28.185834+00:00
605,4684416260,186.075,46.38,sell,False,2022-08-08T06:15:05.089856+00:00
606,4683324108,186.4,5.36,buy,False,2022-08-08T01:13:15.212009+00:00
607,4671795387,183.025,3.4,sell,False,2022-08-05T15:26:16.763004+00:00
608,4671755745,183.275,2.35,buy,False,2022-08-05T15:20:26.852594+00:00
609,4671746562,183.875,0.03,buy,False,2022-08-05T15:18:22.336938+00:00
610,4671695334,185.525,0.015,sell,False,2022-08-05T15:11:20.135193+00:00
611,4669384358,195.175,0.015,buy,False,2022-08-05T09:50:23.941316+00:00
612,4669268018,194.5,2.0,sell,False,2022-08-05T09:17:37.764554+00:00
613,4668300708,196.025,5.0,buy,False,2022-08-05T05:25:42.004161+00:00
614,4668300680,195.075,50.0,buy,False,2022-08-05T05:25:39.047229+00:00
615,4668300613,195.075,50.0,buy,False,2022-08-05T05:25:35.947400+00:00
616,4668181747,195.1,0.1,buy,False,2022-08-05T04:59:56.870047+00:00
617,4666396742,193.7,50.0,sell,False,2022-08-04T22:26:36.362967+00:00
618,4666396683,193.7,50.0,sell,False,2022-08-04T22:26:33.426549+00:00
619,4666389177,193.7,5.0,sell,False,2022-08-04T22:24:42.917722+00:00
620,4665892137,194.0,0.42,buy,False,2022-08-04T19:57:03.565369+00:00
621,4665825246,195.0,0.51,sell,False,2022-08-04T19:42:12.857590+00:00
622,4665509065,195.5,0.715,sell,False,2022-08-04T18:38:50.359252+00:00
623,4665456801,195.675,0.715,buy,False,2022-08-04T18:31:23.102328+00:00
624,4665193864,195.825,0.33,sell,False,2022-08-04T17:45:55.590507+00:00
625,4665193592,195.95,0.035,buy,False,2022-08-04T17:45:40.482160+00:00
626,4665102453,194.85,1.0,buy,False,2022-08-04T17:24:16.326999+00:00
627,4665094939,194.625,5.0,buy,False,2022-08-04T17:22:37.836715+00:00
628,4664998343,195.0,103.1,buy,False,2022-08-04T17:04:22.723788+00:00
629,4663887053,189.675,10.535,buy,False,2022-08-04T14:27:32.296393+00:00
630,4663426189,192.65,14.595,buy,False,2022-08-04T13:36:46.300876+00:00
631,4663145053,186.125,0.2,buy,False,2022-08-04T12:45:45.692234+00:00
632,4663143871,184.775,0.2,sell,False,2022-08-04T12:45:29.291752+00:00
633,4663142792,184.775,0.3,sell,False,2022-08-04T12:44:50.687318+00:00
634,4661283473,186.25,0.03,sell,False,2022-08-04T06:01:15.798398+00:00
635,4660137339,192.65,0.01,buy,False,2022-08-04T01:22:43.698933+00:00
636,4660136090,192.65,0.01,buy,False,2022-08-04T01:22:40.715868+00:00
637,4659729837,192.65,0.01,buy,False,2022-08-04T00:15:40.482052+00:00
638,4659593816,177.35,0.095,sell,False,2022-08-03T23:53:48.220702+00:00
639,4659589399,192.625,0.09,sell,False,2022-08-03T23:52:58.768551+00:00
640,4659589396,192.625,0.01,sell,False,2022-08-03T23:52:58.717275+00:00
641,4659475769,192.65,0.01,buy,False,2022-08-03T23:33:32.805791+00:00
642,4659452918,192.65,0.01,buy,False,2022-08-03T23:29:57.727027+00:00
643,4659452881,192.65,0.01,buy,False,2022-08-03T23:29:55.851682+00:00
644,4659453668,192.65,0.01,buy,False,2022-08-03T23:29:55.146346+00:00
645,4659452838,192.65,0.01,buy,False,2022-08-03T23:29:54.442990+00:00
646,4659452786,192.65,0.01,buy,False,2022-08-03T23:29:52.700832+00:00
647,4659453490,192.65,0.02,buy,False,2022-08-03T23:29:50.453137+00:00
648,4659309165,192.65,0.01,buy,False,2022-08-03T23:07:28.757567+00:00
649,4658814285,192.65,0.01,buy,False,2022-08-03T21:45:53.409114+00:00
650,4658604894,192.65,0.1,buy,False,2022-08-03T20:47:55.047026+00:00
651,4657622865,188.0,3.0,buy,False,2022-08-03T17:04:52.762481+00:00
652,4656646205,187.575,0.03,buy,False,2022-08-03T14:08:38.338445+00:00
653,4656619058,186.525,0.015,sell,False,2022-08-03T14:05:01.645439+00:00
654,4656550253,184.25,0.835,buy,False,2022-08-03T13:54:50.131475+00:00
655,4656543362,182.75,0.16,buy,False,2022-08-03T13:53:08.835056+00:00
656,4656519556,180.525,0.005,buy,False,2022-08-03T13:49:18.345696+00:00
657,4656518606,180.25,0.005,buy,False,2022-08-03T13:49:11.931964+00:00
658,4656513318,178.975,0.005,buy,False,2022-08-03T13:48:15.961011+00:00
659,4656513317,178.975,0.005,buy,False,2022-08-03T13:48:15.961011+00:00
660,4656506338,178.425,0.025,buy,False,2022-08-03T13:47:36.971639+00:00
661,4656498392,177.725,1.125,sell,False,2022-08-03T13:46:52.740903+00:00
662,4656440793,175.35,2.835,buy,False,2022-08-03T13:38:03.523637+00:00
663,4655799746,176.175,0.845,buy,False,2022-08-03T12:09:44.066716+00:00
664,4655799745,164.35,0.28,buy,False,2022-08-03T12:09:44.066716+00:00
665,4652835129,161.725,0.02,buy,False,2022-08-03T01:27:38.311337+00:00
666,4652640261,161.875,0.28,buy,False,2022-08-03T01:01:37.399491+00:00
667,4651039391,160.525,166.41,sell,False,2022-08-02T20:09:25.739187+00:00
668,4651039390,160.725,144.54,sell,False,2022-08-02T20:09:25.739187+00:00
669,4643535446,161.7,6.18,buy,False,2022-08-02T00:32:49.968355+00:00
670,4641947596,162.8,0.405,buy,False,2022-08-01T19:13:24.278303+00:00
671,4640902435,166.075,0.49,buy,False,2022-08-01T16:46:29.295847+00:00
672,4639488648,161.3,0.22,sell,False,2022-08-01T13:38:59.983037+00:00
673,4639004188,163.825,1.215,sell,False,2022-08-01T12:36:25.161601+00:00
674,4638991667,164.55,1.215,buy,False,2022-08-01T12:34:09.455635+00:00
675,4627132844,165.425,0.275,buy,False,2022-07-30T20:18:22.411320+00:00
676,4624004675,164.3,3.65,sell,False,2022-07-30T12:08:40.765281+00:00
677,4623360078,164.3,18.255,sell,False,2022-07-30T10:00:01.062176+00:00
678,4615309889,161.9,0.065,sell,False,2022-07-29T12:06:31.033839+00:00
679,4608468785,158.1,0.065,buy,False,2022-07-28T18:07:37.412919+00:00
680,4608461208,157.7,0.125,sell,False,2022-07-28T18:07:04.759446+00:00
681,4605910322,153.15,1.63,sell,False,2022-07-28T14:11:20.190280+00:00
682,4605897549,153.15,7.835,buy,False,2022-07-28T14:10:08.470641+00:00
683,4605638302,155.475,0.065,sell,False,2022-07-28T13:45:56.185715+00:00
684,4603445317,158.55,0.065,buy,False,2022-07-28T08:53:37.432885+00:00
685,4603262166,158.6,0.065,buy,False,2022-07-28T08:16:09.434980+00:00
686,4603261585,156.95,0.065,sell,False,2022-07-28T08:15:46.374595+00:00
687,4599258223,158.25,6.315,buy,False,2022-07-27T19:51:47.114597+00:00
688,4599227316,158.65,0.74,buy,False,2022-07-27T19:47:24.164063+00:00
689,4596796073,156.475,0.065,buy,False,2022-07-27T16:33:38.186930+00:00
690,4590416528,161.25,9.3,sell,False,2022-07-26T14:33:06.623170+00:00
691,4589366712,165.15,6.665,buy,False,2022-07-26T11:00:25.118090+00:00
692,4589363124,164.075,6.66,sell,False,2022-07-26T10:59:45.097447+00:00
693,4588401235,165.825,14.47,buy,False,2022-07-26T05:42:00.302324+00:00
694,4588396726,165.825,165.79,buy,False,2022-07-26T05:40:17.288484+00:00
695,4588373462,165.8,60.31,buy,False,2022-07-26T05:30:31.351742+00:00
696,4582932478,163.85,61.03,buy,False,2022-07-25T10:17:40.535897+00:00
697,4565955001,164.925,0.06,buy,False,2022-07-22T15:49:45.705487+00:00
698,4559120865,168.45,0.07,buy,False,2022-07-21T16:50:28.008569+00:00
699,4549252542,169.275,0.225,buy,False,2022-07-20T13:35:01.084884+00:00
700,4539988619,162.6,0.095,sell,False,2022-07-19T14:14:25.636238+00:00
701,4532302694,163.0,0.5,sell,False,2022-07-18T19:37:12.959998+00:00
702,4529861761,168.225,0.07,sell,False,2022-07-18T13:37:49.154025+00:00
703,4529821843,172.425,0.065,buy,False,2022-07-18T13:33:42.413651+00:00
704,4529810484,171.775,0.87,buy,False,2022-07-18T13:32:56.686222+00:00
705,4529762983,168.5,205.0,buy,False,2022-07-18T13:26:49.632408+00:00
706,4528535611,167.2,0.05,buy,False,2022-07-18T10:20:21.873007+00:00
707,4526670593,167.2,205.53,buy,False,2022-07-18T05:55:06.837261+00:00
708,4517169685,166.025,0.165,sell,False,2022-07-16T18:34:00.444593+00:00
709,4516419434,166.025,2.67,sell,False,2022-07-16T16:54:17.346160+00:00
710,4514531703,165.875,0.095,sell,False,2022-07-16T12:25:44.291524+00:00
711,4506347256,160.375,0.05,buy,False,2022-07-15T03:21:07.355725+00:00
712,4506343001,160.575,0.25,buy,False,2022-07-15T03:20:16.703702+00:00
713,4505972078,160.4,1.5,buy,False,2022-07-15T02:02:42.852295+00:00
714,4504311159,160.15,0.025,buy,False,2022-07-14T19:38:32.438965+00:00
715,4501956885,168.0,0.66,sell,False,2022-07-14T15:04:19.739267+00:00
716,4497269343,170.475,1.0,sell,False,2022-07-13T23:29:41.475713+00:00
717,4493798006,172.975,87.22,buy,False,2022-07-13T14:10:20.287960+00:00
718,4493651045,175.625,0.16,buy,False,2022-07-13T13:54:47.654301+00:00
719,4493454484,171.275,1.17,buy,False,2022-07-13T13:39:10.212699+00:00
720,4492682097,169.9,0.17,sell,False,2022-07-13T12:42:35.348680+00:00
721,4492462225,163.125,97.685,sell,False,2022-07-13T12:36:56.173675+00:00
722,4492462224,164.3,1.05,sell,False,2022-07-13T12:36:56.173675+00:00
723,4492462223,164.325,0.87,sell,False,2022-07-13T12:36:56.173675+00:00
724,4485705547,172.0,0.58,sell,False,2022-07-12T14:08:30.702302+00:00
725,4479777291,178.0,0.005,sell,False,2022-07-11T18:57:14.870852+00:00
726,4479777290,178.0,0.005,sell,False,2022-07-11T18:57:14.870852+00:00
727,4478831988,179.55,0.005,sell,False,2022-07-11T14:55:47.491912+00:00
728,4478807030,179.8,0.005,buy,False,2022-07-11T14:49:33.491251+00:00
729,4478806634,179.2,0.005,buy,False,2022-07-11T14:49:23.263048+00:00
730,4478806018,179.175,0.005,buy,False,2022-07-11T14:49:22.731453+00:00
731,4478322550,172.875,30.31,buy,False,2022-07-11T13:40:29.516623+00:00
732,4478317772,171.8,20.0,sell,False,2022-07-11T13:39:40.149709+00:00
733,4478315062,171.8,20.0,sell,False,2022-07-11T13:39:18.972658+00:00
734,4478309972,172.575,20.0,buy,False,2022-07-11T13:38:33.012249+00:00
735,4478309006,172.725,20.0,buy,False,2022-07-11T13:38:24.424250+00:00
736,4478304596,173.475,20.0,buy,False,2022-07-11T13:37:48.571313+00:00
737,4478295559,173.5,20.0,sell,False,2022-07-11T13:36:50.815119+00:00
738,4478290755,173.5,20.0,sell,False,2022-07-11T13:36:29.969783+00:00
739,4478200062,175.225,0.815,buy,False,2022-07-11T13:30:13.153385+00:00
740,4476991215,175.7,170.275,sell,False,2022-07-11T07:55:57.496263+00:00
741,4463089261,175.825,0.54,sell,False,2022-07-08T18:41:44.289688+00:00
742,4462479803,175.0,0.57,sell,False,2022-07-08T16:31:13.123109+00:00
743,4462216465,177.0,0.56,sell,False,2022-07-08T15:49:09.546013+00:00
744,4461833123,178.2,0.005,sell,False,2022-07-08T15:06:01.077693+00:00
745,4461833122,178.2,0.005,sell,False,2022-07-08T15:06:01.077693+00:00
746,4461711535,178.825,0.005,sell,False,2022-07-08T14:49:26.818480+00:00
747,4461622924,179.275,0.005,sell,False,2022-07-08T14:41:01.256555+00:00
748,4461476119,179.05,0.005,buy,False,2022-07-08T14:23:52.191584+00:00
749,4461423816,177.95,0.005,buy,False,2022-07-08T14:13:50.893718+00:00
750,4461404947,176.95,0.005,buy,False,2022-07-08T14:10:54.848734+00:00
751,4461341782,175.3,0.005,sell,False,2022-07-08T14:00:34.740045+00:00
752,4461279217,175.35,0.005,sell,False,2022-07-08T13:52:09.333306+00:00
753,4461158516,175.175,0.005,sell,False,2022-07-08T13:37:24.205439+00:00
754,4461135972,173.575,0.005,buy,False,2022-07-08T13:33:38.129089+00:00
755,4461135092,172.925,0.005,buy,False,2022-07-08T13:33:22.093955+00:00
756,4461135091,172.775,0.005,buy,False,2022-07-08T13:33:22.093955+00:00
757,4461135024,172.7,3.0,buy,False,2022-07-08T13:33:19.691381+00:00
758,4461134793,172.575,0.005,buy,False,2022-07-08T13:33:14.202239+00:00
759,4459312136,170.825,0.66,sell,False,2022-07-08T08:15:55.874142+00:00
760,4459312135,171.65,0.005,sell,False,2022-07-08T08:15:55.874142+00:00
761,4457656348,172.2,0.25,buy,False,2022-07-08T02:01:04.627007+00:00
762,4455729562,171.775,0.005,buy,False,2022-07-07T19:55:52.755949+00:00
763,4455592628,170.85,0.005,sell,False,2022-07-07T19:40:45.238216+00:00
764,4455097267,171.85,0.005,sell,False,2022-07-07T18:33:39.151221+00:00
765,4455094928,172.0,0.005,sell,False,2022-07-07T18:33:22.346666+00:00
766,4454923508,172.65,0.005,buy,False,2022-07-07T18:00:13.272988+00:00
767,4454724516,172.65,0.005,sell,False,2022-07-07T17:16:16.696888+00:00
768,4454677315,173.075,0.005,buy,False,2022-07-07T17:07:53.270046+00:00
769,4454568494,171.45,0.005,sell,False,2022-07-07T16:50:43.088192+00:00
770,4454412659,172.225,0.045,sell,False,2022-07-07T16:34:03.719715+00:00
771,4454317080,172.15,0.005,sell,False,2022-07-07T16:18:49.608452+00:00
772,4453730918,169.925,0.005,buy,False,2022-07-07T14:43:22.348069+00:00
773,4453584033,169.0,0.005,sell,False,2022-07-07T14:28:27.995702+00:00
774,4453249604,165.725,0.005,buy,False,2022-07-07T13:47:31.569218+00:00
775,4453146933,162.175,0.005,buy,False,2022-07-07T13:34:24.486759+00:00
776,4452504831,161.3,0.005,sell,False,2022-07-07T11:00:40.409572+00:00
777,4452323572,161.05,0.005,buy,False,2022-07-07T10:14:19.088734+00:00
778,4448878510,160.175,0.005,sell,False,2022-07-06T19:00:59.217685+00:00
779,4448753037,159.725,0.005,buy,False,2022-07-06T18:40:15.979477+00:00
780,4448441349,158.875,0.005,sell,False,2022-07-06T17:57:55.896571+00:00
781,4448397954,159.05,0.54,buy,False,2022-07-06T17:43:21.500837+00:00
782,4448376521,158.5,3.0,buy,False,2022-07-06T17:36:27.019300+00:00
783,4448352359,158.0,3.0,buy,False,2022-07-06T17:30:14.055721+00:00
784,4448352358,157.925,0.005,buy,False,2022-07-06T17:30:14.055721+00:00
785,4448352357,157.925,0.005,buy,False,2022-07-06T17:30:14.055721+00:00
786,4448331699,157.7,3.0,buy,False,2022-07-06T17:24:19.513730+00:00
787,4448022985,157.675,0.03,buy,False,2022-07-06T16:17:46.140241+00:00
788,4447953493,156.225,0.005,sell,False,2022-07-06T16:00:48.247440+00:00
789,4447777414,156.375,0.005,buy,False,2022-07-06T15:18:57.502478+00:00
790,4447642770,155.525,0.005,sell,False,2022-07-06T14:46:57.119450+00:00
791,4447378662,155.425,0.005,buy,False,2022-07-06T13:59:26.056320+00:00
792,4447232920,154.575,0.005,sell,False,2022-07-06T13:37:40.349120+00:00
793,4447165203,155.75,0.005,buy,False,2022-07-06T13:32:07.373115+00:00
794,4446909511,154.75,0.005,buy,False,2022-07-06T12:35:53.066654+00:00
795,4446794949,153.8,0.005,sell,False,2022-07-06T12:12:58.878723+00:00
796,4446186957,155.1,0.005,buy,False,2022-07-06T09:38:44.499295+00:00
797,4446090224,154.275,0.005,sell,False,2022-07-06T09:18:53.649509+00:00
798,4446014560,154.9,19.365,sell,False,2022-07-06T09:00:15.431092+00:00
799,4446014559,154.9,0.005,sell,False,2022-07-06T09:00:15.431092+00:00
800,4444315378,155.15,0.5,buy,False,2022-07-06T02:44:55.891874+00:00
801,4441106589,153.325,0.005,buy,False,2022-07-05T16:23:32.955199+00:00
802,4440990900,152.5,0.005,sell,False,2022-07-05T16:02:57.886417+00:00
803,4440906157,152.975,0.005,buy,False,2022-07-05T15:45:23.882430+00:00
804,4440836082,152.15,0.005,sell,False,2022-07-05T15:29:40.700777+00:00
805,4440440944,157.075,0.005,sell,False,2022-07-05T14:18:19.981672+00:00
806,4440395109,155.35,0.005,buy,False,2022-07-05T14:10:23.115771+00:00
807,4440382019,154.725,64.13,buy,False,2022-07-05T14:07:44.996453+00:00
808,4440203745,150.65,0.005,sell,False,2022-07-05T13:40:10.593749+00:00
809,4440189782,150.925,0.005,buy,False,2022-07-05T13:37:26.802527+00:00
810,4440189529,150.7,0.005,buy,False,2022-07-05T13:37:22.421756+00:00
811,4440189407,150.55,0.005,buy,False,2022-07-05T13:37:20.166864+00:00
812,4438341930,150.1,0.005,sell,False,2022-07-05T08:08:47.737099+00:00
813,4419066511,149.9,0.005,sell,False,2022-07-01T18:54:13.979934+00:00
814,4419015861,149.8,0.005,buy,False,2022-07-01T18:40:01.527049+00:00
815,4418862169,149.0,0.005,sell,False,2022-07-01T18:03:42.450438+00:00
816,4418490342,149.75,0.005,sell,False,2022-07-01T16:45:24.471281+00:00
817,4418309333,149.825,0.005,buy,False,2022-07-01T16:09:07.785051+00:00
818,4418173960,149.475,1.33,sell,False,2022-07-01T15:45:40.826624+00:00
819,4418031465,150.375,1.33,buy,False,2022-07-01T15:15:53.957763+00:00
820,4417740064,149.425,0.005,buy,False,2022-07-01T14:24:11.862943+00:00
821,4417659876,147.35,0.005,sell,False,2022-07-01T14:11:46.234122+00:00
822,4417369195,142.45,0.005,buy,False,2022-07-01T13:40:46.341255+00:00
823,4417283964,141.675,0.005,sell,False,2022-07-01T13:30:06.567414+00:00
824,4409770614,146.65,0.01,buy,False,2022-06-30T16:32:16.727125+00:00
825,4408726780,138.8,0.72,sell,False,2022-06-30T13:50:11.100635+00:00
826,4408474924,143.425,0.025,sell,False,2022-06-30T13:30:45.368290+00:00
827,4400749707,143.45,0.005,buy,False,2022-06-29T14:47:35.532348+00:00
828,4400231220,140.325,0.345,buy,True,2022-06-29T13:45:33.406622+00:00
829,4394661912,142.675,0.005,sell,False,2022-06-28T19:44:14.253571+00:00
830,4392763218,145.85,0.01,sell,False,2022-06-28T14:46:11.213278+00:00
831,4392559929,148.625,0.005,sell,False,2022-06-28T14:21:50.496688+00:00
832,4392316674,148.825,0.06,buy,False,2022-06-28T13:39:52.096302+00:00
833,4392312933,148.225,0.31,buy,False,2022-06-28T13:39:26.368036+00:00
834,4392232889,145.875,0.01,buy,False,2022-06-28T13:30:55.457504+00:00
835,4392232888,145.85,0.005,buy,False,2022-06-28T13:30:55.457504+00:00
836,4391853709,145.075,0.005,sell,False,2022-06-28T12:22:21.326933+00:00
837,4391853676,145.1,0.01,sell,False,2022-06-28T12:22:20.185714+00:00
838,4390816142,145.975,0.31,buy,False,2022-06-28T08:50:10.700372+00:00
839,4387167437,145.975,0.005,buy,False,2022-06-27T18:49:16.012496+00:00
840,4386821871,145.2,0.005,sell,False,2022-06-27T18:06:52.175102+00:00
841,4386703007,145.525,0.005,buy,False,2022-06-27T17:38:35.194290+00:00
842,4386156693,144.725,0.25,buy,False,2022-06-27T15:38:09.986396+00:00
843,4386097260,143.85,0.045,sell,False,2022-06-27T15:26:28.123652+00:00
844,4385411648,142.075,0.05,sell,False,2022-06-27T13:58:24.098451+00:00
845,4385121658,140.55,186.825,buy,False,2022-06-27T13:36:24.010195+00:00
846,4385097926,141.1,0.13,sell,False,2022-06-27T13:34:51.308660+00:00
847,4385040034,142.5,0.815,sell,False,2022-06-27T13:30:08.092644+00:00
848,4384210014,144.75,0.005,sell,False,2022-06-27T10:26:16.149293+00:00
849,4383677727,144.8,0.005,buy,False,2022-06-27T08:19:53.196482+00:00
850,4383584781,144.4,0.005,buy,False,2022-06-27T08:00:15.541067+00:00
851,4383229569,144.0,186.825,buy,False,2022-06-27T06:37:19.924809+00:00
852,4377064603,143.325,0.09,sell,False,2022-06-26T09:05:45.413954+00:00
853,4377064602,143.525,0.005,sell,False,2022-06-26T09:05:45.413954+00:00
854,4373696852,144.325,0.17,buy,False,2022-06-25T19:55:46.424284+00:00
855,4370373065,144.3,0.06,buy,False,2022-06-25T08:01:16.393275+00:00
856,4369809505,144.3,0.05,buy,False,2022-06-25T05:59:11.224793+00:00
857,4367761785,144.625,0.125,buy,False,2022-06-24T22:37:43.173481+00:00
858,4366832227,144.025,0.005,sell,False,2022-06-24T19:49:38.342357+00:00
859,4366538569,143.35,0.005,buy,False,2022-06-24T18:49:05.029883+00:00
860,4366538568,143.35,0.005,buy,False,2022-06-24T18:49:05.029883+00:00
861,4365562449,140.075,0.005,buy,False,2022-06-24T15:59:56.443753+00:00
862,4365317558,139.325,0.005,sell,False,2022-06-24T15:17:42.957373+00:00
863,4365244314,141.175,0.005,buy,False,2022-06-24T15:06:10.750040+00:00
864,4365030446,140.425,0.005,sell,False,2022-06-24T14:33:23.560223+00:00
865,4364742487,139.625,119.97,buy,False,2022-06-24T13:49:12.101877+00:00
866,4364738201,139.625,249.995,buy,False,2022-06-24T13:48:33.031417+00:00
867,4364731904,139.9,100.0,sell,False,2022-06-24T13:46:59.645382+00:00
868,4364705145,139.55,100.0,buy,False,2022-06-24T13:42:35.831544+00:00
869,4364689644,138.7,100.0,sell,False,2022-06-24T13:40:14.277061+00:00
870,4364657922,141.6,0.05,sell,False,2022-06-24T13:34:50.248877+00:00
871,4364645770,144.025,100.0,sell,False,2022-06-24T13:32:51.194501+00:00
872,4364632111,144.4,99.95,buy,False,2022-06-24T13:31:25.798591+00:00
873,4364630570,144.4,0.05,buy,False,2022-06-24T13:31:19.804095+00:00
874,4364628104,144.125,0.005,buy,False,2022-06-24T13:30:48.194793+00:00
875,4364627312,144.15,100.0,sell,False,2022-06-24T13:30:36.516448+00:00
876,4364624462,144.125,100.0,sell,False,2022-06-24T13:30:27.627043+00:00
877,4364620764,144.125,0.345,buy,False,2022-06-24T13:30:06.017137+00:00
878,4364596683,142.425,0.005,sell,False,2022-06-24T13:25:00.703446+00:00
879,4364596682,142.575,0.005,sell,False,2022-06-24T13:25:00.703446+00:00
880,4364596681,142.575,0.005,sell,False,2022-06-24T13:25:00.703446+00:00
881,4364596680,142.85,0.005,sell,False,2022-06-24T13:25:00.703446+00:00
882,4361768498,143.65,480.16,sell,False,2022-06-24T05:06:47.114255+00:00
883,4361768493,143.65,433.94,buy,False,2022-06-24T05:06:46.943231+00:00
884,4361768492,143.525,155.865,buy,False,2022-06-24T05:06:46.943231+00:00
885,4358786759,142.375,0.005,buy,False,2022-06-23T19:43:45.781608+00:00
886,4358453676,141.6,0.005,sell,False,2022-06-23T18:46:05.114276+00:00
887,4358323450,141.725,0.005,buy,False,2022-06-23T18:13:34.476803+00:00
888,4357682706,140.95,0.005,sell,False,2022-06-23T15:59:55.276660+00:00
889,4357302790,139.9,0.005,buy,False,2022-06-23T14:55:26.294278+00:00
890,4357302789,139.875,0.005,buy,False,2022-06-23T14:55:26.294278+00:00
891,4357000071,136.1,0.055,sell,False,2022-06-23T13:59:41.269826+00:00
892,4356981110,134.575,0.055,buy,False,2022-06-23T13:56:23.553493+00:00
893,4350951639,139.125,0.005,sell,False,2022-06-22T18:25:44.067610+00:00
894,4350952966,139.15,0.005,sell,False,2022-06-22T18:25:43.513950+00:00
895,4350675849,138.75,0.05,sell,False,2022-06-22T17:32:56.743506+00:00
896,4349668569,137.575,0.005,buy,False,2022-06-22T15:26:01.193972+00:00
897,4349457350,136.6,0.005,buy,False,2022-06-22T14:52:54.297691+00:00
898,4349347849,136.825,0.005,sell,False,2022-06-22T14:39:26.397107+00:00
899,4349216356,135.875,0.005,sell,False,2022-06-22T14:25:11.969891+00:00
900,4348997102,138.875,0.005,buy,False,2022-06-22T13:58:59.103295+00:00
901,4348997101,134.35,0.005,buy,False,2022-06-22T13:58:59.103295+00:00
902,4348995451,130.95,492.63,buy,False,2022-06-22T13:58:48.754785+00:00
903,4348991906,131.025,0.44,buy,False,2022-06-22T13:58:21.470225+00:00
904,4348980799,131.375,623.0,buy,False,2022-06-22T13:57:00.520481+00:00
905,4348923396,130.775,100.0,buy,False,2022-06-22T13:53:25.234180+00:00
906,4348907615,129.825,0.055,sell,False,2022-06-22T13:51:26.359898+00:00
907,4348884385,129.7,0.005,buy,False,2022-06-22T13:48:06.262790+00:00
908,4347869244,128.025,241.87,buy,False,2022-06-22T11:16:37.371345+00:00
909,4347602905,127.65,235.015,buy,False,2022-06-22T10:19:14.739420+00:00
910,4346615758,128.1,249.83,sell,False,2022-06-22T07:21:24.465276+00:00
911,4346594129,128.2,242.72,sell,False,2022-06-22T07:17:58.368520+00:00
912,4346501767,128.2,427.905,sell,False,2022-06-22T07:08:48.056469+00:00
913,4346501766,128.35,231.58,sell,False,2022-06-22T07:08:48.056469+00:00
914,4346381701,128.925,0.055,buy,False,2022-06-22T06:49:17.505823+00:00
915,4346232558,128.25,151.385,buy,False,2022-06-22T06:29:29.518811+00:00
916,4346032967,128.45,389.255,buy,False,2022-06-22T06:05:35.615946+00:00
917,4346030697,129.0,0.005,sell,False,2022-06-22T06:05:09.237592+00:00
918,4341211319,133.625,0.005,sell,False,2022-06-21T15:38:25.175348+00:00
919,4341052353,134.025,1.285,buy,False,2022-06-21T15:14:04.602418+00:00
920,4340275352,131.325,93.365,buy,False,2022-06-21T13:48:17.133738+00:00
921,4340268653,130.725,72.835,buy,False,2022-06-21T13:47:43.492395+00:00
922,4340268509,130.825,207.245,sell,False,2022-06-21T13:47:42.919693+00:00
923,4340252899,131.1,250.0,buy,False,2022-06-21T13:46:50.821120+00:00
924,4340241610,131.65,280.165,sell,False,2022-06-21T13:45:52.710672+00:00
925,4340054318,131.025,0.35,buy,False,2022-06-21T13:31:37.718068+00:00
926,4339128509,130.3,0.055,sell,False,2022-06-21T11:09:04.026732+00:00
927,4338014527,129.75,0.005,buy,False,2022-06-21T08:12:12.589763+00:00
928,4337778611,128.75,183.525,buy,False,2022-06-21T06:40:48.679457+00:00
929,4337690669,129.075,159.755,buy,False,2022-06-21T06:18:29.363290+00:00
930,4333972522,128.825,0.055,buy,False,2022-06-20T20:17:17.989227+00:00
931,4331702785,129.025,0.6,buy,False,2022-06-20T14:56:37.868700+00:00
932,4330352314,129.05,0.35,buy,False,2022-06-20T12:00:19.236994+00:00
933,4324787308,128.775,0.77,buy,False,2022-06-19T21:07:58.316611+00:00
934,4322593635,128.775,0.105,buy,False,2022-06-19T15:52:21.533247+00:00
935,4322593634,128.775,0.02,buy,False,2022-06-19T15:52:21.533247+00:00
936,4322593633,128.775,0.01,buy,False,2022-06-19T15:52:21.533247+00:00
937,4322593632,128.775,0.015,buy,False,2022-06-19T15:52:21.533247+00:00
938,4307109746,127.825,1.56,sell,False,2022-06-18T03:10:32.220269+00:00
939,4304525050,127.8,0.005,buy,False,2022-06-17T17:05:01.943887+00:00
940,4304472829,127.7,0.01,buy,False,2022-06-17T16:56:34.486900+00:00
941,4303127287,124.3,80.45,buy,False,2022-06-17T13:41:00.342385+00:00
942,4303101930,123.8,71.99,buy,False,2022-06-17T13:37:53.552176+00:00
943,4303088600,123.8,80.775,buy,False,2022-06-17T13:36:26.835137+00:00
944,4303071227,124.2,80.515,buy,False,2022-06-17T13:34:41.505582+00:00
945,4303068424,123.8,80.775,buy,False,2022-06-17T13:34:18.475931+00:00
946,4302962686,122.55,0.005,buy,False,2022-06-17T13:20:28.885807+00:00
947,4301144372,121.975,182.51,sell,False,2022-06-17T08:00:06.041189+00:00
948,4300908807,121.975,10.03,sell,False,2022-06-17T07:25:03.748300+00:00
949,4300811911,121.975,201.965,buy,False,2022-06-17T07:10:53.137900+00:00
950,4294407714,119.025,0.42,buy,False,2022-06-16T14:21:11.916801+00:00
951,4293822410,125.575,0.005,buy,False,2022-06-16T13:31:21.092183+00:00
952,4293818133,125.175,40.12,buy,False,2022-06-16T13:31:11.211942+00:00
953,4291387610,125.825,179.22,buy,False,2022-06-16T08:11:39.142881+00:00
954,4291348000,126.3,0.005,buy,False,2022-06-16T08:05:02.304046+00:00
955,4291347510,126.1,136.685,buy,False,2022-06-16T08:04:45.185064+00:00
956,4291344786,126.1,250.945,buy,False,2022-06-16T08:04:02.569672+00:00
957,4291340073,126.35,100.0,buy,False,2022-06-16T08:03:20.093175+00:00
958,4291072112,127.8,219.33,sell,False,2022-06-16T07:23:51.796582+00:00
959,4290591305,128.95,68.215,buy,False,2022-06-16T06:01:22.853421+00:00
960,4290588041,129.0,133.595,sell,False,2022-06-16T06:00:59.810135+00:00
961,4290585312,129.0,185.785,sell,False,2022-06-16T06:00:28.912649+00:00
962,4290579521,129.025,99.995,sell,False,2022-06-16T05:59:39.214851+00:00
963,4290579520,129.05,0.005,sell,False,2022-06-16T05:59:39.214851+00:00
964,4289597112,129.775,0.035,buy,False,2022-06-16T02:38:44.289609+00:00
965,4285775050,128.325,0.005,buy,False,2022-06-15T19:20:26.148977+00:00
966,4285708045,127.625,0.005,sell,False,2022-06-15T19:15:25.408384+00:00
967,4284904936,129.825,0.005,buy,False,2022-06-15T18:44:38.595099+00:00
968,4283130004,129.125,0.005,sell,False,2022-06-15T17:07:29.353359+00:00
969,4266430745,117.05,196.965,sell,False,2022-06-14T09:40:01.118094+00:00
970,4265852854,118.45,13.205,buy,False,2022-06-14T08:16:09.298372+00:00
971,4265851548,118.45,249.995,buy,False,2022-06-14T08:15:46.930709+00:00
972,4265850481,118.45,136.8,sell,False,2022-06-14T08:15:46.767779+00:00
973,4265766018,118.625,240.045,sell,False,2022-06-14T08:05:39.237584+00:00
974,4264206093,117.85,197.53,buy,False,2022-06-14T05:40:16.959619+00:00
975,4264202340,117.825,239.71,buy,False,2022-06-14T05:39:41.743406+00:00
976,4264174229,117.85,191.585,sell,False,2022-06-14T05:37:28.161948+00:00
977,4264173211,117.825,208.405,buy,False,2022-06-14T05:37:27.988960+00:00
978,4264173210,117.6,0.01,buy,False,2022-06-14T05:37:27.988960+00:00
979,4263582628,117.6,0.01,buy,False,2022-06-14T05:00:57.839169+00:00
980,4251111844,124.125,4.995,sell,False,2022-06-13T10:31:14.098466+00:00
981,4248757518,124.6,34.17,sell,False,2022-06-13T08:04:24.755199+00:00
982,4248757463,124.6,573.12,buy,False,2022-06-13T08:04:24.477868+00:00
983,4248719647,124.475,42.89,sell,False,2022-06-13T08:02:47.901925+00:00
984,4248719612,124.475,457.11,buy,False,2022-06-13T08:02:47.804946+00:00
985,4248705961,124.775,245.475,sell,False,2022-06-13T08:02:07.156601+00:00
986,4248700727,124.775,347.58,sell,False,2022-06-13T08:01:42.572564+00:00
987,4248695429,124.775,376.945,sell,False,2022-06-13T08:01:17.999899+00:00
988,4248685229,124.775,586.75,buy,False,2022-06-13T08:00:44.273060+00:00
989,4248423193,124.75,1.6,buy,False,2022-06-13T07:44:46.812027+00:00
990,4247456524,125.7,20.01,buy,False,2022-06-13T06:15:17.697501+00:00
991,4247455871,125.7,201.855,sell,False,2022-06-13T06:15:17.371584+00:00
992,4247455870,125.725,197.585,sell,False,2022-06-13T06:15:17.371584+00:00
993,4247455869,125.725,137.43,sell,False,2022-06-13T06:15:17.371584+00:00
994,4246706217,126.0,253.075,buy,False,2022-06-13T05:00:45.865552+00:00
995,4246706338,126.0,586.56,sell,False,2022-06-13T05:00:45.685667+00:00
996,4246706337,126.1,160.365,sell,False,2022-06-13T05:00:45.685667+00:00
997,4246107055,126.2,0.635,sell,False,2022-06-13T04:06:12.274772+00:00
998,4243862857,126.225,240.515,sell,False,2022-06-13T01:05:20.266371+00:00
999,4243858372,126.275,178.14,sell,False,2022-06-13T01:04:50.310759+00:00
1000,4243296892,126.4,140.51,sell,False,2022-06-13T00:20:26.464296+00:00
1001,4243164897,126.475,158.13,sell,False,2022-06-13T00:09:24.971099+00:00
1002,4243160571,126.5,0.455,buy,False,2022-06-13T00:08:53.916253+00:00
1003,4243160528,126.525,236.695,sell,False,2022-06-13T00:08:53.520542+00:00
1004,4243153415,126.55,152.605,sell,False,2022-06-13T00:08:23.695495+00:00
1005,4231477814,126.725,5.0,sell,False,2022-06-11T16:58:15.119962+00:00
1006,4224755570,127.4,0.325,buy,False,2022-06-10T19:27:03.162567+00:00
1007,4222954121,128.425,0.63,sell,False,2022-06-10T14:47:22.363536+00:00
1008,4222924861,128.35,0.205,sell,False,2022-06-10T14:42:37.101547+00:00
1009,4221624290,133.375,0.105,sell,False,2022-06-10T12:34:29.160200+00:00
1010,4217152542,135.625,0.66,sell,False,2022-06-09T19:04:22.049869+00:00
1011,4216075314,139.05,0.055,sell,False,2022-06-09T14:55:13.057348+00:00
1012,4215925402,141.875,0.05,sell,False,2022-06-09T14:19:26.194791+00:00
1013,4214278841,149.925,1.265,buy,False,2022-06-09T08:28:54.632582+00:00
1014,4211515054,147.95,5.0,sell,False,2022-06-08T19:10:01.799324+00:00
1015,4211513216,147.9,5.0,buy,False,2022-06-08T19:09:38.794342+00:00
1016,4210069200,152.0,0.325,buy,False,2022-06-08T13:54:59.240298+00:00
1017,4209880467,148.425,0.335,sell,False,2022-06-08T13:32:22.350195+00:00
1018,4203143967,146.2,200.195,buy,False,2022-06-07T15:28:37.549943+00:00
1019,4202355173,140.2,0.2,buy,False,2022-06-07T12:30:51.838230+00:00
1020,4200836125,139.45,5.465,buy,False,2022-06-07T05:40:57.962860+00:00
1021,4200837465,139.475,194.535,sell,False,2022-06-07T05:40:57.789804+00:00
1022,4179693675,142.075,0.05,sell,False,2022-06-03T13:42:37.141546+00:00
1023,4176749500,140.275,0.05,buy,False,2022-06-03T03:47:21.648164+00:00
1024,4174116206,135.5,0.05,sell,False,2022-06-02T16:08:34.078732+00:00
1025,4173650453,134.325,0.055,sell,False,2022-06-02T14:52:41.948448+00:00
1026,4173546271,132.625,0.5,sell,False,2022-06-02T14:31:33.450990+00:00
1027,4173266599,136.7,2.0,buy,False,2022-06-02T13:56:04.319575+00:00
1028,4173208268,139.4,2.0,sell,False,2022-06-02T13:49:15.050855+00:00
1029,4162297438,146.025,0.115,buy,False,2022-06-01T08:02:12.994450+00:00
1030,4162297437,145.625,0.01,buy,False,2022-06-01T08:02:12.994450+00:00
1031,4162297436,145.6,0.015,buy,False,2022-06-01T08:02:12.994450+00:00
1032,4159360652,145.6,0.005,sell,False,2022-05-31T22:14:26.192680+00:00
1033,4159303306,145.725,0.005,sell,False,2022-05-31T22:00:02.790129+00:00
1034,4159241675,145.85,0.005,sell,False,2022-05-31T21:39:44.312441+00:00
1035,4159135008,145.975,0.005,sell,False,2022-05-31T21:01:13.015003+00:00
1036,4159131158,145.975,0.005,sell,False,2022-05-31T21:00:24.360388+00:00
1037,4156318513,147.775,0.095,sell,False,2022-05-31T13:47:17.517023+00:00
1038,4156207290,146.65,0.73,buy,False,2022-05-31T13:40:47.065043+00:00
1039,4156106156,144.725,0.05,sell,False,2022-05-31T13:34:02.858869+00:00
1040,4155525552,146.575,0.04,sell,False,2022-05-31T12:00:11.901876+00:00
1041,4154406850,147.375,0.12,buy,False,2022-05-31T08:03:15.804158+00:00
1042,4151265917,147.6,0.05,buy,False,2022-05-30T22:52:06.067365+00:00
1043,4150958285,147.9,0.005,sell,False,2022-05-30T22:00:04.457974+00:00
1044,4150958284,147.925,0.005,sell,False,2022-05-30T22:00:04.457974+00:00
1045,4150958283,147.95,0.005,sell,False,2022-05-30T22:00:04.457974+00:00
1046,4150958282,148.0,0.005,sell,False,2022-05-30T22:00:04.457974+00:00
1047,4150950734,148.025,0.005,sell,False,2022-05-30T21:58:37.067630+00:00
1048,4150529489,148.05,0.005,sell,False,2022-05-30T21:12:33.575886+00:00
1049,4150477508,148.1,0.005,sell,False,2022-05-30T21:02:22.948248+00:00
1050,4150477279,148.075,0.005,sell,False,2022-05-30T21:02:16.673241+00:00
1051,4150476241,148.05,0.005,sell,False,2022-05-30T21:02:15.815860+00:00
1052,4149345013,148.25,0.75,buy,False,2022-05-30T17:23:26.685859+00:00
1053,4147559772,148.325,0.04,buy,False,2022-05-30T12:00:06.223215+00:00
1054,4145393679,147.4,0.005,buy,False,2022-05-30T04:39:54.328815+00:00
1055,4143797926,147.9,0.335,buy,False,2022-05-29T23:41:13.520934+00:00
1056,4131873180,147.25,0.005,buy,False,2022-05-27T21:38:55.525465+00:00
1057,4131843258,146.675,0.005,buy,False,2022-05-27T21:25:46.013453+00:00
1058,4131842272,146.675,0.005,buy,False,2022-05-27T21:25:33.305752+00:00
1059,4131842056,146.675,0.005,buy,False,2022-05-27T21:25:20.533871+00:00
1060,4131842735,146.675,0.005,buy,False,2022-05-27T21:25:07.303061+00:00
1061,4131842534,146.675,0.005,buy,False,2022-05-27T21:24:53.631136+00:00
1062,4131841530,146.675,0.005,buy,False,2022-05-27T21:24:45.863167+00:00
1063,4126978829,135.0,0.105,buy,False,2022-05-27T09:29:16.922046+00:00
1064,4126979361,135.25,0.005,sell,False,2022-05-27T09:29:16.743055+00:00
1065,4126979360,135.275,0.005,sell,False,2022-05-27T09:29:16.743055+00:00
1066,4126979359,135.3,0.005,sell,False,2022-05-27T09:29:16.743055+00:00
1067,4126979358,135.325,0.005,sell,False,2022-05-27T09:29:16.743055+00:00
1068,4126979357,135.35,0.005,sell,False,2022-05-27T09:29:16.743055+00:00
1069,4126979356,135.375,0.005,sell,False,2022-05-27T09:29:16.743055+00:00
1070,4126979355,135.4,0.005,sell,False,2022-05-27T09:29:16.743055+00:00
1071,4126979354,135.425,0.005,sell,False,2022-05-27T09:29:16.743055+00:00
1072,4126325253,135.975,0.07,buy,False,2022-05-27T07:37:28.331377+00:00
1073,4122425712,134.675,0.005,buy,False,2022-05-26T21:58:55.551940+00:00
1074,4122423551,134.675,0.005,buy,False,2022-05-26T21:58:30.746491+00:00
1075,4122421321,134.675,0.005,buy,False,2022-05-26T21:58:06.811797+00:00
1076,4122419972,134.675,0.005,buy,False,2022-05-26T21:57:43.712064+00:00
1077,4122418825,134.675,0.005,buy,False,2022-05-26T21:57:19.421065+00:00
1078,4122418108,134.675,0.005,buy,False,2022-05-26T21:56:56.097779+00:00
1079,4122416978,134.675,0.005,buy,False,2022-05-26T21:56:32.724904+00:00
1080,4122416500,134.675,0.005,buy,False,2022-05-26T21:56:09.442835+00:00
1081,4119363530,131.0,0.05,sell,False,2022-05-26T14:16:22.646538+00:00
1082,4119123633,130.075,0.055,sell,False,2022-05-26T13:58:04.520973+00:00
1083,4119067951,128.325,0.01,buy,False,2022-05-26T13:53:30.244887+00:00
1084,4117883658,131.8,0.04,buy,False,2022-05-26T12:00:23.918988+00:00
1085,4115129919,130.975,0.13,buy,False,2022-05-26T06:02:17.546353+00:00
1086,4113035039,130.425,0.005,buy,False,2022-05-25T23:02:04.143254+00:00
1087,4113033021,130.425,0.005,buy,False,2022-05-25T23:01:38.073494+00:00
1088,4112822593,130.5,0.005,buy,False,2022-05-25T22:00:59.773727+00:00
1089,4112817036,130.525,0.005,buy,False,2022-05-25T22:00:03.398694+00:00
1090,4112771109,130.35,0.005,buy,False,2022-05-25T21:46:12.273747+00:00
1091,4112613821,130.2,0.005,buy,False,2022-05-25T21:01:51.899429+00:00
1092,4112611079,130.2,0.005,buy,False,2022-05-25T21:01:18.916531+00:00
1093,4112607541,130.2,0.005,buy,False,2022-05-25T21:00:33.456415+00:00
1094,4110790314,128.125,1.56,buy,False,2022-05-25T15:33:29.979128+00:00
1095,4108152050,132.05,0.005,sell,False,2022-05-25T08:12:02.672818+00:00
1096,4105387199,131.85,0.005,buy,False,2022-05-24T23:02:05.288810+00:00
1097,4105382818,131.85,0.005,buy,False,2022-05-24T23:00:54.335974+00:00
1098,4101361630,135.6,0.04,sell,False,2022-05-24T12:00:32.368928+00:00
1099,4100281852,136.2,157.775,sell,False,2022-05-24T08:31:54.952200+00:00
1100,4100280642,136.15,142.225,buy,False,2022-05-24T08:31:54.549490+00:00
1101,4099683615,136.725,300.0,sell,False,2022-05-24T05:58:20.121181+00:00
1102,4097517124,137.125,0.005,sell,False,2022-05-23T22:19:23.241600+00:00
1103,4097483430,137.25,0.005,sell,False,2022-05-23T22:13:15.534952+00:00
1104,4097479693,137.375,0.005,sell,False,2022-05-23T22:12:32.739913+00:00
1105,4097458104,137.475,0.005,sell,False,2022-05-23T22:08:36.303546+00:00
1106,4097457521,137.525,0.005,sell,False,2022-05-23T22:08:26.095850+00:00
1107,4097457316,137.6,0.005,sell,False,2022-05-23T22:08:20.145882+00:00
1108,4097453951,137.725,0.005,sell,False,2022-05-23T22:07:56.809179+00:00
1109,4097394565,137.875,0.005,sell,False,2022-05-23T22:01:31.857318+00:00
1110,4097387567,137.875,0.005,sell,False,2022-05-23T22:01:06.072824+00:00
1111,4097386496,137.975,0.005,sell,False,2022-05-23T22:01:02.317435+00:00
1112,4097127521,138.2,0.005,buy,False,2022-05-23T21:00:34.325557+00:00
1113,4093535762,136.625,1.0,buy,False,2022-05-23T13:08:16.973805+00:00
1114,4092147722,135.975,400.0,sell,False,2022-05-23T09:02:22.386980+00:00
1115,4091816083,137.55,0.145,buy,False,2022-05-23T07:59:05.387100+00:00
1116,4091052921,136.65,250.43,buy,False,2022-05-23T05:47:32.991665+00:00
1117,4091052920,136.6,149.57,buy,False,2022-05-23T05:47:32.991665+00:00
1118,4088844290,135.875,1.025,sell,False,2022-05-22T22:06:43.512720+00:00
1119,4078253766,135.575,0.3,sell,False,2022-05-21T10:12:10.134187+00:00
1120,4075089833,136.6,0.11,buy,False,2022-05-20T20:47:28.492408+00:00
1121,4073977254,131.65,0.155,sell,False,2022-05-20T17:26:55.649694+00:00
1122,4072693127,137.25,0.075,sell,False,2022-05-20T14:56:22.511586+00:00
1123,4072400988,140.05,0.075,sell,False,2022-05-20T14:27:58.232647+00:00
1124,4070222234,145.3,139.295,buy,False,2022-05-20T08:20:26.353109+00:00
1125,4070222231,145.375,129.705,sell,False,2022-05-20T08:20:26.200361+00:00
1126,4070164828,145.4,146.3,sell,False,2022-05-20T08:09:45.573466+00:00
1127,4069352801,144.2,286.805,sell,False,2022-05-20T05:45:56.336091+00:00
1128,4069353346,144.15,128.505,buy,False,2022-05-20T05:45:56.163450+00:00
1129,4065833430,146.2,0.34,buy,False,2022-05-19T17:09:23.914958+00:00
1130,4065833390,146.2,0.34,buy,False,2022-05-19T17:09:22.704280+00:00
1131,4065739949,145.925,0.12,buy,False,2022-05-19T16:54:55.966646+00:00
1132,4053561147,142.125,0.35,sell,False,2022-05-18T11:18:49.446479+00:00
1133,4051214363,142.7,0.12,buy,False,2022-05-18T03:16:48.453454+00:00
1134,4046894233,137.825,0.005,sell,False,2022-05-17T14:57:44.504270+00:00
1135,4008243218,140.55,2.875,buy,False,2022-05-13T15:11:46.183808+00:00
1136,4004521176,131.8,261.575,buy,False,2022-05-13T08:30:53.702797+00:00
1137,4004521102,131.875,138.425,sell,False,2022-05-13T08:30:53.529618+00:00
1138,4003139067,130.8,207.64,sell,False,2022-05-13T05:52:58.049182+00:00
1139,4003139031,130.725,192.36,buy,False,2022-05-13T05:52:57.874428+00:00
1140,3993551752,132.325,0.13,buy,False,2022-05-12T14:23:22.540376+00:00
1141,3993098840,123.775,0.57,sell,False,2022-05-12T13:49:51.030606+00:00
1142,3989214578,120.05,3.76,sell,False,2022-05-12T09:11:19.796814+00:00
1143,3989190310,121.575,0.29,sell,False,2022-05-12T09:09:18.954991+00:00
1144,3976844447,124.675,0.285,buy,False,2022-05-11T20:59:07.747445+00:00
1145,3976712997,124.675,0.085,buy,False,2022-05-11T20:54:45.962335+00:00
1146,3970002678,132.075,0.31,sell,False,2022-05-11T14:22:47.125552+00:00
1147,3968937827,130.5,5.555,buy,False,2022-05-11T13:47:47.220797+00:00
1148,3968572742,126.875,5.39,sell,False,2022-05-11T13:37:55.414833+00:00
1149,3968572741,127.475,0.16,sell,False,2022-05-11T13:37:55.414833+00:00
1150,3968336471,131.2,0.065,buy,False,2022-05-11T13:30:33.028072+00:00
1151,3952561055,132.875,3.76,buy,False,2022-05-10T20:04:14.308329+00:00
1152,3951672044,133.25,0.08,sell,False,2022-05-10T18:20:13.659211+00:00
1153,3950186812,132.05,0.08,buy,False,2022-05-10T15:38:37.004261+00:00
1154,3948793247,132.9,0.08,sell,False,2022-05-10T13:47:00.978054+00:00
1155,3948792968,135.6,0.075,sell,False,2022-05-10T13:46:59.654177+00:00
1156,3943601631,136.375,0.73,sell,False,2022-05-10T04:35:52.865574+00:00
1157,3939601495,135.65,22.89,sell,True,2022-05-09T23:47:51.681007+00:00
1158,3937253962,136.3,0.125,buy,False,2022-05-09T20:05:06.970595+00:00
1159,3933415824,138.475,0.04,sell,False,2022-05-09T15:50:59.169793+00:00
1160,3932560834,140.7,0.87,buy,False,2022-05-09T14:25:55.722683+00:00
1161,3930952842,131.225,1.01,sell,False,2022-05-09T11:39:10.772338+00:00
1162,3909658166,132.5,0.33,sell,False,2022-05-06T15:58:59.278624+00:00
1163,3909466104,134.05,0.295,sell,False,2022-05-06T15:33:17.221135+00:00
1164,3909360021,135.35,0.29,buy,False,2022-05-06T15:23:04.156940+00:00
1165,3908052151,138.35,1.81,sell,False,2022-05-06T13:30:49.224882+00:00
1166,3900870576,143.9,0.12,buy,False,2022-05-05T17:43:24.248611+00:00
1167,3899522079,140.225,0.075,sell,False,2022-05-05T15:45:37.907723+00:00
1168,3898447587,143.0,0.07,buy,False,2022-05-05T14:56:10.379992+00:00
1169,3898101545,141.775,0.03,buy,False,2022-05-05T14:30:02.645277+00:00
1170,3898098529,142.1,1.38,buy,False,2022-05-05T14:29:42.099701+00:00
1171,3890312639,146.3,0.065,sell,False,2022-05-04T16:17:32.139528+00:00
1172,3889838409,144.75,0.07,sell,False,2022-05-04T15:01:13.625001+00:00
1173,3889321877,147.575,6.545,sell,False,2022-05-04T13:37:56.700744+00:00
1174,3888475409,150.65,0.065,sell,False,2022-05-04T11:25:19.865624+00:00
1175,3888283113,149.75,6.545,buy,False,2022-05-04T11:02:21.380841+00:00
1176,3886902469,148.35,0.07,sell,False,2022-05-04T07:46:15.674609+00:00
1177,3881985235,145.65,0.07,sell,False,2022-05-03T14:01:31.569369+00:00
1178,3881978998,145.0,2.995,buy,False,2022-05-03T14:00:41.951174+00:00
1179,3881950145,142.625,0.075,sell,False,2022-05-03T13:55:37.364038+00:00
1180,3881315485,143.325,0.075,sell,False,2022-05-03T11:57:00.941071+00:00
1181,3880520923,142.45,0.075,buy,False,2022-05-03T08:38:40.160085+00:00
1182,3874534365,138.4,0.075,sell,False,2022-05-02T13:32:33.337716+00:00
1183,3874528034,138.3,0.85,buy,False,2022-05-02T13:31:39.866998+00:00
1184,3873991490,134.95,0.075,buy,False,2022-05-02T12:04:08.426342+00:00
1185,3860672392,135.175,0.125,buy,False,2022-04-30T19:57:37.631210+00:00
1186,3854257316,135.625,0.075,buy,False,2022-04-29T20:37:15.906735+00:00
1187,3853983354,134.725,0.125,buy,False,2022-04-29T19:56:15.904379+00:00
1188,3853908110,134.85,1.855,sell,False,2022-04-29T19:50:27.584656+00:00
1189,3850919744,141.9,0.12,buy,False,2022-04-29T12:33:32.181105+00:00
1190,3846152827,140.7,0.18,buy,True,2022-04-28T21:39:08.341967+00:00
1191,3845174209,142.375,0.04,sell,False,2022-04-28T18:40:01.566470+00:00
1192,3844700998,140.9,0.12,buy,False,2022-04-28T17:25:51.041309+00:00
1193,3844441706,139.825,0.04,buy,False,2022-04-28T16:48:41.014762+00:00
1194,3844430312,139.575,0.04,sell,False,2022-04-28T16:47:32.716740+00:00
1195,3844271717,139.025,0.035,sell,False,2022-04-28T16:28:33.188937+00:00
1196,3844176039,138.075,0.04,buy,False,2022-04-28T16:16:22.199415+00:00
1197,3844166066,137.6,0.04,sell,False,2022-04-28T16:14:46.630249+00:00
1198,3843554945,139.175,0.01,buy,True,2022-04-28T15:09:30.222953+00:00
1199,3843108081,139.8,0.01,sell,False,2022-04-28T14:15:18.330454+00:00
1200,3843089536,139.85,0.225,sell,False,2022-04-28T14:12:33.075640+00:00
1201,3839307681,143.0,0.225,buy,True,2022-04-28T01:11:05.349332+00:00
1202,3837960396,143.575,0.12,buy,False,2022-04-27T19:33:35.266168+00:00
1203,3837618141,143.225,0.005,buy,False,2022-04-27T18:21:28.745850+00:00
1204,3837614756,143.525,17.58,buy,False,2022-04-27T18:20:27.698864+00:00
1205,3837398267,141.9,17.58,buy,False,2022-04-27T17:34:14.558989+00:00
1206,3836384529,142.8,0.04,sell,False,2022-04-27T15:03:37.734675+00:00
1207,3836288169,141.375,0.04,buy,False,2022-04-27T14:47:15.547527+00:00
1208,3830280521,146.55,0.115,buy,False,2022-04-26T19:52:13.613754+00:00
1209,3827251473,147.675,0.035,sell,False,2022-04-26T14:01:14.541744+00:00
1210,3827182787,150.675,0.035,sell,False,2022-04-26T13:56:35.742172+00:00
1211,3827126082,150.8,0.065,sell,False,2022-04-26T13:50:13.476151+00:00
1212,3827002432,147.55,0.035,sell,False,2022-04-26T13:36:06.347675+00:00
1213,3825249992,150.475,0.035,buy,False,2022-04-26T07:52:43.092278+00:00
1214,3821555844,148.925,0.115,buy,False,2022-04-25T19:15:39.366423+00:00
1215,3819856336,143.575,0.035,sell,False,2022-04-25T15:09:01.497234+00:00
1216,3819112639,144.225,0.04,sell,False,2022-04-25T13:37:44.161304+00:00
1217,3818955706,140.475,0.07,buy,False,2022-04-25T13:16:40.029226+00:00
1218,3818025935,138.85,0.015,sell,False,2022-04-25T10:45:22.499973+00:00
1219,3818025504,138.85,0.01,sell,False,2022-04-25T10:45:12.132904+00:00
1220,3818017740,138.85,0.045,sell,False,2022-04-25T10:42:37.168292+00:00
1221,3817945055,139.175,0.02,sell,False,2022-04-25T10:20:50.520261+00:00
1222,3817915920,138.6,0.09,sell,False,2022-04-25T10:11:53.080601+00:00
1223,3817670289,137.675,0.02,sell,False,2022-04-25T09:25:28.213970+00:00
1224,3817167757,139.875,0.04,buy,False,2022-04-25T08:02:08.073583+00:00
1225,3814892453,137.625,0.005,sell,False,2022-04-25T01:02:35.293406+00:00
1226,3814891764,137.625,0.025,sell,False,2022-04-25T01:02:31.068191+00:00
1227,3803693520,139.675,2.66,sell,False,2022-04-22T23:08:29.855628+00:00
1228,3801855010,143.075,0.12,buy,False,2022-04-22T16:19:44.581025+00:00
1229,3800741586,147.1,0.035,sell,False,2022-04-22T14:02:27.779407+00:00
1230,3800502727,147.275,0.03,sell,False,2022-04-22T13:39:18.507740+00:00
1231,3799972852,144.5,0.035,buy,False,2022-04-22T12:01:37.806663+00:00
1232,3799932028,144.025,0.035,sell,False,2022-04-22T11:52:40.445858+00:00
1233,3794510166,144.25,1.735,sell,False,2022-04-21T19:38:16.590557+00:00
1234,3793813134,145.625,0.035,sell,False,2022-04-21T17:45:38.506322+00:00
1235,3792931506,148.575,0.035,sell,False,2022-04-21T15:53:18.789894+00:00
1236,3792053437,151.375,0.035,sell,False,2022-04-21T13:59:18.438353+00:00
1237,3791989195,151.075,0.035,buy,False,2022-04-21T13:50:23.568393+00:00
1238,3785367518,151.9,0.115,buy,False,2022-04-20T17:50:58.340328+00:00
1239,3784047891,150.95,0.035,sell,False,2022-04-20T14:53:13.433590+00:00
1240,3783773568,149.6,0.035,buy,False,2022-04-20T14:14:10.855041+00:00
1241,3782967174,152.075,0.065,sell,False,2022-04-20T12:39:50.454955+00:00
1242,3777533395,151.15,0.005,buy,False,2022-04-19T19:16:44.511261+00:00
1243,3777314582,149.725,0.115,buy,False,2022-04-19T18:18:10.326104+00:00
1244,3776651898,150.325,0.005,sell,False,2022-04-19T16:21:50.447111+00:00
1245,3775490936,148.775,0.04,buy,False,2022-04-19T13:50:32.352091+00:00
1246,3775371740,149.975,0.035,sell,False,2022-04-19T13:37:40.572562+00:00
1247,3775333283,152.95,0.035,buy,False,2022-04-19T13:32:34.454755+00:00
1248,3774559057,150.525,1.665,sell,False,2022-04-19T10:58:09.809291+00:00
1249,3774498478,152.0,0.005,sell,False,2022-04-19T10:41:38.126037+00:00
1250,3774176985,154.575,0.02,sell,False,2022-04-19T09:24:59.684955+00:00
1251,3771782986,155.8,0.015,sell,False,2022-04-18T23:30:38.069018+00:00
1252,3770732722,156.075,0.005,sell,False,2022-04-18T19:30:34.273813+00:00
1253,3770620207,156.8,0.02,sell,False,2022-04-18T19:09:25.155903+00:00
1254,3770550817,157.075,0.015,buy,False,2022-04-18T18:57:20.551262+00:00
1255,3770540055,156.8,0.02,sell,False,2022-04-18T18:55:41.632973+00:00
1256,3770410762,158.025,0.005,sell,False,2022-04-18T18:36:03.800791+00:00
1257,3770136684,157.875,0.005,sell,False,2022-04-18T18:10:01.829856+00:00
1258,3770062357,158.35,0.005,buy,False,2022-04-18T18:00:00.869868+00:00
1259,3769670945,157.25,0.005,buy,False,2022-04-18T17:11:19.070469+00:00
1260,3769585946,156.325,0.02,buy,False,2022-04-18T17:07:36.694567+00:00
1261,3769575064,156.1,0.02,buy,False,2022-04-18T17:05:49.548759+00:00
1262,3769254048,154.675,1.295,sell,False,2022-04-18T16:13:41.414764+00:00
1263,3769210370,154.575,1.175,sell,False,2022-04-18T16:11:06.602282+00:00
1264,3769194767,155.475,0.02,sell,False,2022-04-18T16:08:19.999313+00:00
1265,3769163288,155.25,0.02,sell,False,2022-04-18T16:02:42.042822+00:00
1266,3769089053,155.625,0.065,sell,False,2022-04-18T15:46:13.549585+00:00
1267,3769030076,157.5,0.005,sell,False,2022-04-18T15:35:16.995062+00:00
1268,3768943428,157.975,0.015,buy,False,2022-04-18T15:23:12.109534+00:00
1269,3768918875,157.5,0.005,sell,False,2022-04-18T15:18:54.127206+00:00
1270,3768789011,157.975,0.095,buy,False,2022-04-18T14:56:39.507902+00:00
1271,3768789010,157.875,0.015,buy,False,2022-04-18T14:56:39.507902+00:00
1272,3768764331,156.875,0.015,buy,False,2022-04-18T14:52:33.216676+00:00
1273,3768608937,157.025,0.015,sell,False,2022-04-18T14:31:01.275942+00:00
1274,3768455835,158.0,0.015,buy,False,2022-04-18T14:10:38.037379+00:00
1275,3768214625,162.225,0.035,sell,False,2022-04-18T13:35:16.399641+00:00
1276,3768078299,164.35,0.005,sell,False,2022-04-18T13:17:14.650905+00:00
1277,3767971021,164.825,0.015,sell,False,2022-04-18T13:02:11.487905+00:00
1278,3767971020,164.825,0.02,sell,False,2022-04-18T13:02:11.487905+00:00
1279,3767971019,164.825,0.01,sell,False,2022-04-18T13:02:11.487905+00:00
1280,3767968829,165.075,0.015,sell,False,2022-04-18T13:01:56.059746+00:00
1281,3767967904,165.2,0.015,sell,False,2022-04-18T13:01:48.857951+00:00
1282,3767967903,165.2,0.015,sell,False,2022-04-18T13:01:48.857951+00:00
1283,3767967902,165.2,0.015,sell,False,2022-04-18T13:01:48.857951+00:00
1284,3767338504,165.975,0.005,buy,False,2022-04-18T10:55:01.053629+00:00
1285,3767334977,165.075,0.005,sell,False,2022-04-18T10:54:23.916343+00:00
1286,3767328034,165.975,0.005,buy,False,2022-04-18T10:52:25.550466+00:00
1287,3767276324,165.0,1.3,buy,False,2022-04-18T10:37:06.317866+00:00
1288,3767276118,164.975,0.005,buy,False,2022-04-18T10:37:03.528062+00:00
1289,3767107777,164.65,5.61,buy,False,2022-04-18T09:57:46.888536+00:00
1290,3767107306,164.65,13.32,buy,False,2022-04-18T09:57:32.551791+00:00
1291,3767105274,165.075,0.015,sell,False,2022-04-18T09:56:48.696322+00:00
1292,3766364041,165.45,0.035,buy,False,2022-04-18T07:11:19.718077+00:00
1293,3763426315,165.5,0.035,buy,False,2022-04-17T23:07:46.858260+00:00
1294,3759859208,166.05,0.16,buy,False,2022-04-17T07:28:10.093188+00:00
1295,3755985529,166.05,0.035,buy,False,2022-04-16T08:01:19.197126+00:00
1296,3746737242,166.0,0.035,sell,False,2022-04-14T14:35:27.896369+00:00
1297,3746226193,169.3,0.03,buy,False,2022-04-14T13:44:22.819161+00:00
1298,3746000607,169.225,0.005,sell,False,2022-04-14T13:14:31.461109+00:00
1299,3745305177,170.15,1.17,buy,False,2022-04-14T11:02:30.871468+00:00
1300,3745305176,170.15,0.005,buy,False,2022-04-14T11:02:30.871468+00:00
1301,3740481285,171.875,0.03,buy,False,2022-04-13T16:23:17.450989+00:00
1302,3740453672,170.9,0.03,sell,False,2022-04-13T16:17:53.179453+00:00
1303,3739985030,169.125,0.64,sell,False,2022-04-13T15:20:10.674028+00:00
1304,3739860752,169.725,0.03,buy,False,2022-04-13T15:04:25.901345+00:00
1305,3739805796,169.1,0.03,sell,False,2022-04-13T14:57:18.497512+00:00
1306,3739663463,168.125,0.03,buy,False,2022-04-13T14:36:45.142075+00:00
1307,3739376646,167.45,2.905,buy,False,2022-04-13T14:12:14.302488+00:00
1308,3739300096,166.4,4.34,buy,False,2022-04-13T14:03:43.254879+00:00
1309,3739295988,166.25,2.155,buy,False,2022-04-13T14:03:24.804042+00:00
1310,3739153514,164.6,0.15,sell,False,2022-04-13T13:52:17.294044+00:00
1311,3738896642,159.475,0.005,sell,False,2022-04-13T13:25:09.114247+00:00
1312,3733499255,159.225,0.08,sell,False,2022-04-12T17:47:11.611978+00:00
1313,3733096891,161.3,0.01,sell,False,2022-04-12T16:23:23.577842+00:00
1314,3732751215,161.8,0.105,buy,False,2022-04-12T15:23:47.258951+00:00
1315,3732627424,162.45,0.075,sell,False,2022-04-12T15:02:58.974124+00:00
1316,3732182258,162.075,0.15,sell,False,2022-04-12T14:10:31.501760+00:00
1317,3731823030,159.975,0.08,sell,False,2022-04-12T13:30:04.396873+00:00
1318,3731590294,163.15,0.075,buy,False,2022-04-12T13:01:37.090564+00:00
1319,3731337093,160.9,0.05,buy,False,2022-04-12T12:36:01.168659+00:00
1320,3729998081,157.075,0.005,sell,False,2022-04-12T08:33:42.067422+00:00
1321,3720956801,159.475,0.05,sell,False,2022-04-11T08:18:18.156722+00:00
1322,3706395206,161.2,0.105,buy,False,2022-04-08T18:03:37.979477+00:00
1323,3704263047,157.775,0.015,sell,False,2022-04-08T13:00:40.423547+00:00
1324,3699259392,159.325,0.11,buy,False,2022-04-07T19:25:25.422909+00:00
1325,3697145161,157.4,0.08,sell,False,2022-04-07T13:39:46.012872+00:00
1326,3695899088,155.525,0.08,buy,False,2022-04-07T09:55:37.428825+00:00
1327,3695230498,154.075,0.08,sell,False,2022-04-07T07:27:21.010850+00:00
1328,3692755799,154.725,1.035,buy,True,2022-04-06T23:53:51.836556+00:00
1329,3691499120,155.375,0.11,buy,False,2022-04-06T19:59:12.250092+00:00
1330,3690976976,152.85,0.005,buy,False,2022-04-06T18:39:10.227638+00:00
1331,3690975666,152.95,0.08,buy,False,2022-04-06T18:38:57.195950+00:00
1332,3690973548,152.625,1.435,buy,False,2022-04-06T18:38:40.125541+00:00
1333,3690966099,152.525,2.2,buy,False,2022-04-06T18:38:04.135209+00:00
1334,3690964016,152.55,2.19,buy,False,2022-04-06T18:37:50.353829+00:00
1335,3690721088,151.475,0.635,sell,False,2022-04-06T18:18:51.863156+00:00
1336,3690712846,151.75,0.455,sell,False,2022-04-06T18:18:01.637246+00:00
1337,3690710729,151.85,1.885,sell,False,2022-04-06T18:17:50.859213+00:00
1338,3690651761,152.85,3.57,sell,False,2022-04-06T18:13:01.758790+00:00
1339,3690382200,156.6,0.08,sell,False,2022-04-06T17:50:39.471077+00:00
1340,3689404050,153.8,0.095,buy,False,2022-04-06T16:02:41.211587+00:00
1341,3689293419,153.0,0.16,sell,False,2022-04-06T15:46:59.967719+00:00
1342,3689291843,153.025,0.85,sell,False,2022-04-06T15:46:48.473927+00:00
1343,3688263971,154.15,0.01,sell,False,2022-04-06T14:05:12.861845+00:00
1344,3688186005,154.425,0.015,sell,False,2022-04-06T14:02:47.961699+00:00
1345,3688186004,154.525,0.55,sell,False,2022-04-06T14:02:47.961699+00:00
1346,3688185200,154.8,0.4,sell,False,2022-04-06T14:02:45.390187+00:00
1347,3688164265,155.275,3.27,sell,False,2022-04-06T14:01:31.803277+00:00
1348,3688154257,155.875,1.605,sell,False,2022-04-06T14:00:41.369198+00:00
1349,3687833957,157.225,0.48,sell,False,2022-04-06T13:44:37.908136+00:00
1350,3687817531,157.5,0.35,sell,False,2022-04-06T13:43:45.034197+00:00
1351,3687485133,157.725,2.975,sell,False,2022-04-06T13:02:09.599848+00:00
1352,3686558867,158.5,0.245,sell,False,2022-04-06T11:13:13.856725+00:00
1353,3686558866,158.5,0.005,sell,False,2022-04-06T11:13:13.856725+00:00
1354,3686344309,159.525,0.08,sell,False,2022-04-06T10:54:03.138977+00:00
1355,3686274729,159.6,0.42,sell,False,2022-04-06T10:41:26.298571+00:00
1356,3686155684,159.9,0.31,sell,False,2022-04-06T10:23:02.808251+00:00
1357,3686154594,160.15,2.675,sell,False,2022-04-06T10:22:51.012120+00:00
1358,3683506711,161.85,0.47,buy,False,2022-04-06T01:19:47.722526+00:00
1359,3681161444,162.675,0.075,buy,False,2022-04-05T20:24:14.071139+00:00
1360,3681112821,162.475,0.01,buy,False,2022-04-05T20:12:48.322162+00:00
1361,3681111732,161.9,0.01,sell,False,2022-04-05T20:12:32.142057+00:00
1362,3681110815,161.9,0.03,sell,False,2022-04-05T20:12:13.819251+00:00
1363,3680553920,161.9,0.3,sell,False,2022-04-05T18:44:14.132467+00:00
1364,3680491670,161.725,0.365,sell,False,2022-04-05T18:30:22.095669+00:00
1365,3680105861,163.0,0.105,buy,False,2022-04-05T17:16:01.173056+00:00
1366,3679779656,162.0,0.27,sell,False,2022-04-05T16:32:04.066056+00:00
1367,3679778101,162.1,1.36,sell,False,2022-04-05T16:31:57.221763+00:00
1368,3679756727,162.575,2.38,sell,False,2022-04-05T16:29:34.065247+00:00
1369,3679756636,162.65,1.54,sell,False,2022-04-05T16:29:32.962229+00:00
1370,3679596599,163.575,0.32,sell,False,2022-04-05T16:12:26.287020+00:00
1371,3679458013,163.875,0.24,sell,False,2022-04-05T16:01:51.460417+00:00
1372,3678923354,165.475,0.24,buy,False,2022-04-05T14:42:16.592238+00:00
1373,3678908381,165.25,0.315,sell,False,2022-04-05T14:40:52.500739+00:00
1374,3678879824,165.325,1.0,sell,False,2022-04-05T14:37:45.223724+00:00
1375,3678879823,165.325,0.3,sell,False,2022-04-05T14:37:45.223724+00:00
1376,3678878403,165.4,0.17,sell,False,2022-04-05T14:37:34.682662+00:00
1377,3678857640,165.625,29.475,buy,False,2022-04-05T14:35:09.240530+00:00
