,id,price,size,side,liquidation,time
0,5400475297,307.17,0.32,buy,False,2022-11-10T07:59:42.504745+00:00
1,5400475296,307.16,0.07,buy,False,2022-11-10T07:59:42.504745+00:00
2,5400475295,299.38,0.12,buy,False,2022-11-10T07:59:42.504745+00:00
3,5400475294,299.37,0.25,buy,False,2022-11-10T07:59:42.504745+00:00
4,5400475293,291.57,0.12,buy,False,2022-11-10T07:59:42.504745+00:00
5,5400475292,283.77,0.12,buy,False,2022-11-10T07:59:42.504745+00:00
6,5400458059,275.97,0.12,buy,False,2022-11-10T07:57:44.829808+00:00
7,5400393536,261.0,0.13,sell,False,2022-11-10T07:50:31.519414+00:00
8,5400205220,261.0,0.16,sell,False,2022-11-10T07:25:42.623732+00:00
9,5400205219,261.01,0.25,sell,False,2022-11-10T07:25:42.623732+00:00
10,5400160679,307.17,0.33,buy,False,2022-11-10T07:20:15.668325+00:00
11,5400160678,307.16,0.22,buy,False,2022-11-10T07:20:15.668325+00:00
12,5400152138,254.0,41.25,sell,False,2022-11-10T07:19:27.847016+00:00
13,5400152137,255.0,50.98,sell,False,2022-11-10T07:19:27.847016+00:00
14,5400152136,260.0,3.84,sell,False,2022-11-10T07:19:27.847016+00:00
15,5400152135,260.0,0.84,sell,False,2022-11-10T07:19:27.847016+00:00
16,5400152134,260.5,2.21,sell,False,2022-11-10T07:19:27.847016+00:00
17,5400152133,268.16,0.12,sell,False,2022-11-10T07:19:27.847016+00:00
18,5400152132,268.16,0.16,sell,False,2022-11-10T07:19:27.847016+00:00
19,5400152131,275.97,0.12,sell,False,2022-11-10T07:19:27.847016+00:00
20,5400152130,275.98,0.22,sell,False,2022-11-10T07:19:27.847016+00:00
21,5400152129,283.77,0.12,sell,False,2022-11-10T07:19:27.847016+00:00
22,5400152128,291.57,0.12,sell,False,2022-11-10T07:19:27.847016+00:00
23,5400131889,307.17,0.27,buy,False,2022-11-10T07:17:24.854775+00:00
24,5400131888,305.0,0.05,buy,False,2022-11-10T07:17:24.854775+00:00
25,5400131887,299.38,0.12,buy,False,2022-11-10T07:17:24.854775+00:00
26,5400131886,291.57,0.12,buy,False,2022-11-10T07:17:24.854775+00:00
27,5400131885,291.56,0.2,buy,False,2022-11-10T07:17:24.854775+00:00
28,5400131884,283.77,0.12,buy,False,2022-11-10T07:17:24.854775+00:00
29,5400131883,275.97,0.12,buy,False,2022-11-10T07:17:24.854775+00:00
30,5400126290,268.16,0.06,buy,False,2022-11-10T07:16:42.868163+00:00
31,5400078080,268.16,0.88,buy,False,2022-11-10T07:11:57.588537+00:00
32,5400078079,268.16,0.12,buy,False,2022-11-10T07:11:57.588537+00:00
33,5400001955,260.5,0.5,sell,False,2022-11-10T07:03:28.790284+00:00
34,5399707187,260.0,3.0,sell,False,2022-11-10T06:32:11.698264+00:00
35,5399707186,260.36,0.12,sell,False,2022-11-10T06:32:11.698264+00:00
36,5399707185,268.16,0.12,sell,False,2022-11-10T06:32:11.698264+00:00
37,5399707184,275.97,0.09,sell,False,2022-11-10T06:32:11.698264+00:00
38,5399656453,275.97,0.03,sell,False,2022-11-10T06:26:40.737100+00:00
39,5399656452,283.77,0.12,sell,False,2022-11-10T06:26:40.737100+00:00
40,5399622355,291.57,0.12,sell,False,2022-11-10T06:22:01.642754+00:00
41,5399622354,299.38,0.08,sell,False,2022-11-10T06:22:01.642754+00:00
42,5399622353,307.18,0.12,sell,False,2022-11-10T06:22:01.642754+00:00
43,5399622352,313.2,0.02,sell,False,2022-11-10T06:22:01.642754+00:00
44,5399622351,314.32,0.02,sell,False,2022-11-10T06:22:01.642754+00:00
45,5399622350,315.45,0.02,sell,False,2022-11-10T06:22:01.642754+00:00
46,5399622349,316.58,0.02,sell,False,2022-11-10T06:22:01.642754+00:00
47,5399622348,317.72,0.02,sell,False,2022-11-10T06:22:01.642754+00:00
48,5399622347,318.86,0.02,sell,False,2022-11-10T06:22:01.642754+00:00
49,5399622346,320.01,0.02,sell,False,2022-11-10T06:22:01.642754+00:00
50,5399622345,321.16,0.02,sell,False,2022-11-10T06:22:01.642754+00:00
51,5399622344,322.31,0.02,sell,False,2022-11-10T06:22:01.642754+00:00
52,5399622343,323.47,0.02,sell,False,2022-11-10T06:22:01.642754+00:00
53,5399622342,324.63,0.02,sell,False,2022-11-10T06:22:01.642754+00:00
54,5399622341,325.8,0.02,sell,False,2022-11-10T06:22:01.642754+00:00
55,5399622340,326.97,0.02,sell,False,2022-11-10T06:22:01.642754+00:00
56,5399622339,328.14,0.02,sell,False,2022-11-10T06:22:01.642754+00:00
57,5399622338,329.32,0.02,sell,False,2022-11-10T06:22:01.642754+00:00
58,5399622337,330.5,0.02,sell,False,2022-11-10T06:22:01.642754+00:00
59,5399622336,330.59,0.12,sell,False,2022-11-10T06:22:01.642754+00:00
60,5399622335,331.69,0.02,sell,False,2022-11-10T06:22:01.642754+00:00
61,5399622334,332.88,0.02,sell,False,2022-11-10T06:22:01.642754+00:00
62,5399622333,334.07,0.02,sell,False,2022-11-10T06:22:01.642754+00:00
63,5399622332,335.27,0.02,sell,False,2022-11-10T06:22:01.642754+00:00
64,5399622331,336.47,0.02,sell,False,2022-11-10T06:22:01.642754+00:00
65,5399622330,337.68,0.02,sell,False,2022-11-10T06:22:01.642754+00:00
66,5399622329,338.89,0.02,sell,False,2022-11-10T06:22:01.642754+00:00
67,5399622328,340.11,0.02,sell,False,2022-11-10T06:22:01.642754+00:00
68,5399622327,341.33,0.02,sell,False,2022-11-10T06:22:01.642754+00:00
69,5399622326,342.55,0.02,sell,False,2022-11-10T06:22:01.642754+00:00
70,5399522590,343.78,0.02,sell,False,2022-11-10T06:09:56.538397+00:00
71,5399335621,345.01,0.02,sell,False,2022-11-10T05:39:03.616009+00:00
72,5399335620,346.25,0.02,sell,False,2022-11-10T05:39:03.616009+00:00
73,5399335619,347.49,0.02,sell,False,2022-11-10T05:39:03.616009+00:00
74,5399048216,348.74,0.01,sell,False,2022-11-10T05:07:06.237059+00:00
75,5399045906,348.74,0.01,sell,False,2022-11-10T05:06:50.435680+00:00
76,5399007240,350.0,1.8,sell,False,2022-11-10T05:02:58.991266+00:00
77,5399007239,350.01,0.2,sell,False,2022-11-10T05:02:58.991266+00:00
78,5399006338,349.99,0.02,buy,False,2022-11-10T05:02:53.200743+00:00
79,5399006337,348.74,0.02,buy,False,2022-11-10T05:02:53.200743+00:00
80,5399006336,347.49,0.02,buy,False,2022-11-10T05:02:53.200743+00:00
81,5399006335,346.25,0.02,buy,False,2022-11-10T05:02:53.200743+00:00
82,5399006334,345.01,0.02,buy,False,2022-11-10T05:02:53.200743+00:00
83,5399006333,344.64,1.02,buy,False,2022-11-10T05:02:53.200743+00:00
84,5399006332,343.78,0.02,buy,False,2022-11-10T05:02:53.200743+00:00
85,5399006331,342.55,0.02,buy,False,2022-11-10T05:02:53.200743+00:00
86,5399006330,341.33,0.02,buy,False,2022-11-10T05:02:53.200743+00:00
87,5399006329,340.11,0.02,buy,False,2022-11-10T05:02:53.200743+00:00
88,5399006328,338.89,0.02,buy,False,2022-11-10T05:02:53.200743+00:00
89,5399006327,338.4,0.12,buy,False,2022-11-10T05:02:53.200743+00:00
90,5399006326,337.68,0.02,buy,False,2022-11-10T05:02:53.200743+00:00
91,5399006325,336.47,0.02,buy,False,2022-11-10T05:02:53.200743+00:00
92,5399006324,335.27,0.02,buy,False,2022-11-10T05:02:53.200743+00:00
93,5399006323,334.07,0.02,buy,False,2022-11-10T05:02:53.200743+00:00
94,5399006322,332.88,0.02,buy,False,2022-11-10T05:02:53.200743+00:00
95,5399006321,331.69,0.02,buy,False,2022-11-10T05:02:53.200743+00:00
96,5399006320,330.59,0.05,buy,False,2022-11-10T05:02:53.200743+00:00
97,5398993243,330.59,0.07,buy,False,2022-11-10T05:01:33.116911+00:00
98,5398993242,330.58,0.02,buy,False,2022-11-10T05:01:33.116911+00:00
99,5398993241,330.58,0.12,buy,False,2022-11-10T05:01:33.116911+00:00
100,5398990771,330.58,0.07,buy,False,2022-11-10T05:01:12.031838+00:00
101,5398990770,330.5,0.02,buy,False,2022-11-10T05:01:12.031838+00:00
102,5398990769,329.32,0.02,buy,False,2022-11-10T05:01:12.031838+00:00
103,5398990768,328.14,0.02,buy,False,2022-11-10T05:01:12.031838+00:00
104,5398990767,326.97,0.02,buy,False,2022-11-10T05:01:12.031838+00:00
105,5398990766,325.8,0.02,buy,False,2022-11-10T05:01:12.031838+00:00
106,5398990765,324.63,0.02,buy,False,2022-11-10T05:01:12.031838+00:00
107,5398989165,323.47,0.02,buy,False,2022-11-10T05:00:58.362097+00:00
108,5398989164,322.31,0.02,buy,False,2022-11-10T05:00:58.362097+00:00
109,5398989163,321.16,0.02,buy,False,2022-11-10T05:00:58.362097+00:00
110,5398989162,320.01,0.02,buy,False,2022-11-10T05:00:58.362097+00:00
111,5398989161,318.86,0.02,buy,False,2022-11-10T05:00:58.362097+00:00
112,5398989160,317.72,0.02,buy,False,2022-11-10T05:00:58.362097+00:00
113,5398989159,316.58,0.02,buy,False,2022-11-10T05:00:58.362097+00:00
114,5398989158,315.45,0.02,buy,False,2022-11-10T05:00:58.362097+00:00
115,5398989157,314.32,0.02,buy,False,2022-11-10T05:00:58.362097+00:00
116,5398943436,299.38,0.04,sell,False,2022-11-10T04:51:38.131642+00:00
117,5398943435,307.18,0.12,sell,False,2022-11-10T04:51:38.131642+00:00
118,5398943434,313.2,0.02,sell,False,2022-11-10T04:51:38.131642+00:00
119,5398943433,314.32,0.02,sell,False,2022-11-10T04:51:38.131642+00:00
120,5398943432,314.98,0.12,sell,False,2022-11-10T04:51:38.131642+00:00
121,5398943431,314.99,0.02,sell,False,2022-11-10T04:51:38.131642+00:00
122,5398943430,315.45,0.02,sell,False,2022-11-10T04:51:38.131642+00:00
123,5398943429,316.58,0.02,sell,False,2022-11-10T04:51:38.131642+00:00
124,5398943428,317.72,0.02,sell,False,2022-11-10T04:51:38.131642+00:00
125,5398943427,318.86,0.02,sell,False,2022-11-10T04:51:38.131642+00:00
126,5398943426,320.01,0.02,sell,False,2022-11-10T04:51:38.131642+00:00
127,5398943425,321.16,0.02,sell,False,2022-11-10T04:51:38.131642+00:00
128,5398943424,322.31,0.02,sell,False,2022-11-10T04:51:38.131642+00:00
129,5398943423,323.47,0.02,sell,False,2022-11-10T04:51:38.131642+00:00
130,5398943422,324.63,0.02,sell,False,2022-11-10T04:51:38.131642+00:00
131,5398943421,325.8,0.02,sell,False,2022-11-10T04:51:38.131642+00:00
132,5398943420,326.97,0.02,sell,False,2022-11-10T04:51:38.131642+00:00
133,5398943419,328.14,0.02,sell,False,2022-11-10T04:51:38.131642+00:00
134,5398943418,329.32,0.02,sell,False,2022-11-10T04:51:38.131642+00:00
135,5398943417,330.5,0.02,sell,False,2022-11-10T04:51:38.131642+00:00
136,5398943416,331.69,0.02,sell,False,2022-11-10T04:51:38.131642+00:00
137,5398943415,332.88,0.02,sell,False,2022-11-10T04:51:38.131642+00:00
138,5398943414,334.07,0.02,sell,False,2022-11-10T04:51:38.131642+00:00
139,5398943413,335.27,0.02,sell,False,2022-11-10T04:51:38.131642+00:00
140,5398943412,336.47,0.02,sell,False,2022-11-10T04:51:38.131642+00:00
141,5398943411,337.68,0.02,sell,False,2022-11-10T04:51:38.131642+00:00
142,5398943410,338.89,0.02,sell,False,2022-11-10T04:51:38.131642+00:00
143,5398943409,340.11,0.02,sell,False,2022-11-10T04:51:38.131642+00:00
144,5398927500,341.33,0.02,sell,False,2022-11-10T04:48:13.398615+00:00
145,5398927499,342.55,0.02,sell,False,2022-11-10T04:48:13.398615+00:00
146,5398927498,343.78,0.02,sell,False,2022-11-10T04:48:13.398615+00:00
147,5398927004,345.01,0.02,sell,False,2022-11-10T04:48:07.165828+00:00
148,5398927003,346.25,0.02,sell,False,2022-11-10T04:48:07.165828+00:00
149,5398927002,347.49,0.02,sell,False,2022-11-10T04:48:07.165828+00:00
150,5398927001,348.74,0.02,sell,False,2022-11-10T04:48:07.165828+00:00
151,5398925145,349.99,0.02,sell,False,2022-11-10T04:47:46.337809+00:00
152,5398925094,350.0,0.17,buy,False,2022-11-10T04:47:45.087819+00:00
153,5398924740,351.25,0.02,sell,False,2022-11-10T04:47:40.731154+00:00
154,5398924739,352.51,0.02,sell,False,2022-11-10T04:47:40.731154+00:00
155,5398924738,353.77,0.02,sell,False,2022-11-10T04:47:40.731154+00:00
156,5398924737,355.04,0.02,sell,False,2022-11-10T04:47:40.731154+00:00
157,5398924736,357.59,0.02,sell,False,2022-11-10T04:47:40.731154+00:00
158,5398924735,358.87,0.02,sell,False,2022-11-10T04:47:40.731154+00:00
159,5398924734,360.16,0.02,sell,False,2022-11-10T04:47:40.731154+00:00
160,5398924733,361.45,0.02,sell,False,2022-11-10T04:47:40.731154+00:00
161,5398924732,362.21,0.16,sell,False,2022-11-10T04:47:40.731154+00:00
162,5398924731,362.22,0.21,sell,False,2022-11-10T04:47:40.731154+00:00
163,5398905797,362.75,0.02,sell,False,2022-11-10T04:43:37.083038+00:00
164,5398905796,364.05,0.02,sell,False,2022-11-10T04:43:37.083038+00:00
165,5398905737,364.93,2.35,buy,False,2022-11-10T04:43:35.729932+00:00
166,5398905736,364.93,1.5,buy,False,2022-11-10T04:43:35.729932+00:00
167,5398851458,364.93,0.02,buy,False,2022-11-10T04:31:39.667368+00:00
168,5398850493,355.04,0.02,buy,False,2022-11-10T04:31:24.103581+00:00
169,5398850492,353.77,0.02,buy,False,2022-11-10T04:31:24.103581+00:00
170,5398850491,352.51,0.02,buy,False,2022-11-10T04:31:24.103581+00:00
171,5398850490,351.25,0.02,buy,False,2022-11-10T04:31:24.103581+00:00
172,5398849190,349.99,0.02,buy,False,2022-11-10T04:31:08.015293+00:00
173,5398849189,348.74,0.02,buy,False,2022-11-10T04:31:08.015293+00:00
174,5398849188,347.49,0.02,buy,False,2022-11-10T04:31:08.015293+00:00
175,5398849187,346.25,0.02,buy,False,2022-11-10T04:31:08.015293+00:00
176,5398849186,345.01,0.02,buy,False,2022-11-10T04:31:08.015293+00:00
177,5398849185,343.78,0.02,buy,False,2022-11-10T04:31:08.015293+00:00
178,5398849184,342.55,0.01,buy,False,2022-11-10T04:31:08.015293+00:00
179,5398848359,342.55,0.01,buy,False,2022-11-10T04:30:54.204925+00:00
180,5398848358,341.33,0.02,buy,False,2022-11-10T04:30:54.204925+00:00
181,5398848357,340.11,0.02,buy,False,2022-11-10T04:30:54.204925+00:00
182,5398848356,338.89,0.02,buy,False,2022-11-10T04:30:54.204925+00:00
183,5398848355,337.68,0.02,buy,False,2022-11-10T04:30:54.204925+00:00
184,5398848354,336.47,0.02,buy,False,2022-11-10T04:30:54.204925+00:00
185,5398848353,335.27,0.01,buy,False,2022-11-10T04:30:54.204925+00:00
186,5398847559,335.27,0.01,buy,False,2022-11-10T04:30:40.069267+00:00
187,5398847558,334.07,0.02,buy,False,2022-11-10T04:30:40.069267+00:00
188,5398847557,332.88,0.02,buy,False,2022-11-10T04:30:40.069267+00:00
189,5398847556,331.69,0.02,buy,False,2022-11-10T04:30:40.069267+00:00
190,5398847555,330.5,0.02,buy,False,2022-11-10T04:30:40.069267+00:00
191,5398847554,329.32,0.02,buy,False,2022-11-10T04:30:40.069267+00:00
192,5398847553,328.14,0.01,buy,False,2022-11-10T04:30:40.069267+00:00
193,5398768734,328.14,0.01,buy,False,2022-11-10T04:15:57.305795+00:00
194,5398768733,326.97,0.02,buy,False,2022-11-10T04:15:57.305795+00:00
195,5398768732,325.8,0.02,buy,False,2022-11-10T04:15:57.305795+00:00
196,5398768731,324.63,0.02,buy,False,2022-11-10T04:15:57.305795+00:00
197,5398768730,323.47,0.02,buy,False,2022-11-10T04:15:57.305795+00:00
198,5398768729,322.79,0.02,buy,False,2022-11-10T04:15:57.305795+00:00
199,5398767514,322.79,0.1,buy,False,2022-11-10T04:15:44.038640+00:00
200,5398767108,322.31,0.02,buy,False,2022-11-10T04:15:39.682461+00:00
201,5398767107,321.16,0.02,buy,False,2022-11-10T04:15:39.682461+00:00
202,5398767106,320.01,0.02,buy,False,2022-11-10T04:15:39.682461+00:00
203,5398767105,318.86,0.02,buy,False,2022-11-10T04:15:39.682461+00:00
204,5398767104,317.72,0.02,buy,False,2022-11-10T04:15:39.682461+00:00
205,5398714682,316.58,0.02,buy,False,2022-11-10T04:03:54.805468+00:00
206,5398714681,316.0,1.82,buy,False,2022-11-10T04:03:54.805468+00:00
207,5398697886,316.0,0.09,buy,False,2022-11-10T04:00:55.170885+00:00
208,5398697193,316.0,0.04,buy,False,2022-11-10T04:00:50.530172+00:00
209,5398697192,315.99,0.05,buy,False,2022-11-10T04:00:50.530172+00:00
210,5398696912,315.99,0.06,buy,False,2022-11-10T04:00:47.640705+00:00
211,5398696911,315.45,0.02,buy,False,2022-11-10T04:00:47.640705+00:00
212,5398674974,314.32,0.02,sell,False,2022-11-10T03:56:51.769709+00:00
213,5398674973,314.98,0.12,sell,False,2022-11-10T03:56:51.769709+00:00
214,5398663194,314.99,0.11,sell,False,2022-11-10T03:55:05.525262+00:00
215,5398663193,315.45,0.02,sell,False,2022-11-10T03:55:05.525262+00:00
216,5398663192,316.58,0.02,sell,False,2022-11-10T03:55:05.525262+00:00
217,5398663191,317.72,0.02,sell,False,2022-11-10T03:55:05.525262+00:00
218,5398663190,318.86,0.02,sell,False,2022-11-10T03:55:05.525262+00:00
219,5398655068,320.01,0.02,sell,False,2022-11-10T03:53:40.436087+00:00
220,5398655067,321.16,0.02,sell,False,2022-11-10T03:53:40.436087+00:00
221,5398655066,322.31,0.02,sell,False,2022-11-10T03:53:40.436087+00:00
222,5398655065,323.47,0.02,sell,False,2022-11-10T03:53:40.436087+00:00
223,5398655064,324.63,0.02,sell,False,2022-11-10T03:53:40.436087+00:00
224,5398655063,325.8,0.02,sell,False,2022-11-10T03:53:40.436087+00:00
225,5398655062,326.97,0.02,sell,False,2022-11-10T03:53:40.436087+00:00
226,5398655061,328.14,0.02,sell,False,2022-11-10T03:53:40.436087+00:00
227,5398655060,329.32,0.02,sell,False,2022-11-10T03:53:40.436087+00:00
228,5398655059,330.5,0.02,sell,False,2022-11-10T03:53:40.436087+00:00
229,5398655058,331.69,0.02,sell,False,2022-11-10T03:53:40.436087+00:00
230,5398655057,332.88,0.02,sell,False,2022-11-10T03:53:40.436087+00:00
231,5398652612,334.07,0.02,sell,False,2022-11-10T03:53:13.887069+00:00
232,5398652611,335.27,0.02,sell,False,2022-11-10T03:53:13.887069+00:00
233,5398652610,336.47,0.02,sell,False,2022-11-10T03:53:13.887069+00:00
234,5398652609,337.68,0.02,sell,False,2022-11-10T03:53:13.887069+00:00
235,5398652608,338.89,0.02,sell,False,2022-11-10T03:53:13.887069+00:00
236,5398652607,340.11,0.02,sell,False,2022-11-10T03:53:13.887069+00:00
237,5398652606,341.33,0.02,sell,False,2022-11-10T03:53:13.887069+00:00
238,5398652605,342.55,0.02,sell,False,2022-11-10T03:53:13.887069+00:00
239,5398652604,343.78,0.02,sell,False,2022-11-10T03:53:13.887069+00:00
240,5398652603,345.01,0.02,sell,False,2022-11-10T03:53:13.887069+00:00
241,5398652602,346.25,0.02,sell,False,2022-11-10T03:53:13.887069+00:00
242,5398652601,347.49,0.02,sell,False,2022-11-10T03:53:13.887069+00:00
243,5398652600,348.74,0.02,sell,False,2022-11-10T03:53:13.887069+00:00
244,5398652599,349.99,0.02,sell,False,2022-11-10T03:53:13.887069+00:00
245,5398652598,351.25,0.02,sell,False,2022-11-10T03:53:13.887069+00:00
246,5398652597,352.51,0.02,sell,False,2022-11-10T03:53:13.887069+00:00
247,5398652596,353.77,0.02,sell,False,2022-11-10T03:53:13.887069+00:00
248,5398646969,366.67,0.02,buy,False,2022-11-10T03:52:16.588845+00:00
249,5398646968,365.36,0.02,buy,False,2022-11-10T03:52:16.588845+00:00
250,5398646967,364.05,0.01,buy,False,2022-11-10T03:52:16.588845+00:00
251,5398646966,358.87,0.02,buy,False,2022-11-10T03:52:16.588845+00:00
252,5398646965,355.79,0.01,buy,False,2022-11-10T03:52:16.588845+00:00
253,5398646704,355.79,0.01,buy,False,2022-11-10T03:52:13.680325+00:00
254,5398646703,355.79,0.02,buy,False,2022-11-10T03:52:13.680325+00:00
255,5398646702,355.79,0.02,buy,False,2022-11-10T03:52:13.680325+00:00
256,5398646701,355.79,0.02,buy,False,2022-11-10T03:52:13.680325+00:00
257,5398646556,364.05,0.01,buy,False,2022-11-10T03:52:10.875967+00:00
258,5398646555,362.75,0.02,buy,False,2022-11-10T03:52:10.875967+00:00
259,5398646554,361.45,0.02,buy,False,2022-11-10T03:52:10.875967+00:00
260,5398646553,360.16,0.02,buy,False,2022-11-10T03:52:10.875967+00:00
261,5398646324,373.28,0.01,buy,False,2022-11-10T03:52:07.907776+00:00
262,5398646323,371.95,0.02,buy,False,2022-11-10T03:52:07.907776+00:00
263,5398646322,370.62,0.02,buy,False,2022-11-10T03:52:07.907776+00:00
264,5398646321,369.3,0.02,buy,False,2022-11-10T03:52:07.907776+00:00
265,5398645366,433.31,0.02,sell,False,2022-11-10T03:51:55.046386+00:00
266,5398645328,433.31,0.02,sell,False,2022-11-10T03:51:54.680757+00:00
267,5398645316,433.31,0.02,sell,False,2022-11-10T03:51:54.269728+00:00
268,5398644994,441.57,0.02,sell,False,2022-11-10T03:51:50.942992+00:00
269,5398644993,443.15,0.02,sell,False,2022-11-10T03:51:50.942992+00:00
270,5398644992,444.73,0.02,sell,False,2022-11-10T03:51:50.942992+00:00
271,5398610970,349.99,0.02,sell,False,2022-11-10T03:46:43.610841+00:00
272,5398610969,351.25,0.02,sell,False,2022-11-10T03:46:43.610841+00:00
273,5398610968,352.51,0.02,sell,False,2022-11-10T03:46:43.610841+00:00
274,5398610967,353.77,0.02,sell,False,2022-11-10T03:46:43.610841+00:00
275,5398610966,355.04,0.02,sell,False,2022-11-10T03:46:43.610841+00:00
276,5398610965,356.31,0.02,sell,False,2022-11-10T03:46:43.610841+00:00
277,5398610964,420.06,0.02,sell,False,2022-11-10T03:46:43.610841+00:00
278,5398610963,436.18,0.06,sell,False,2022-11-10T03:46:43.610841+00:00
279,5398558776,357.59,0.02,sell,False,2022-11-10T03:41:36.146719+00:00
280,5398558775,358.87,0.02,sell,False,2022-11-10T03:41:36.146719+00:00
281,5398558774,360.16,0.02,sell,False,2022-11-10T03:41:36.146719+00:00
282,5398558773,361.45,0.02,sell,False,2022-11-10T03:41:36.146719+00:00
283,5398558772,362.75,0.02,sell,False,2022-11-10T03:41:36.146719+00:00
284,5398558771,364.05,0.02,sell,False,2022-11-10T03:41:36.146719+00:00
285,5398558770,365.36,0.02,sell,False,2022-11-10T03:41:36.146719+00:00
286,5398558769,366.67,0.02,sell,False,2022-11-10T03:41:36.146719+00:00
287,5398558768,438.9,0.06,sell,False,2022-11-10T03:41:36.146719+00:00
288,5398556886,367.98,0.02,sell,False,2022-11-10T03:41:22.688095+00:00
289,5398556885,369.3,0.02,sell,False,2022-11-10T03:41:22.688095+00:00
290,5398556884,370.62,0.02,sell,False,2022-11-10T03:41:22.688095+00:00
291,5398556883,371.95,0.02,sell,False,2022-11-10T03:41:22.688095+00:00
292,5398556882,373.28,0.02,sell,False,2022-11-10T03:41:22.688095+00:00
293,5398556881,374.62,0.02,sell,False,2022-11-10T03:41:22.688095+00:00
294,5398556880,375.96,0.02,sell,False,2022-11-10T03:41:22.688095+00:00
295,5398556879,377.31,0.02,sell,False,2022-11-10T03:41:22.688095+00:00
296,5398556878,378.66,0.02,sell,False,2022-11-10T03:41:22.688095+00:00
297,5398556877,380.02,0.02,sell,False,2022-11-10T03:41:22.688095+00:00
298,5398556876,381.38,0.02,sell,False,2022-11-10T03:41:22.688095+00:00
299,5398556875,382.75,0.02,sell,False,2022-11-10T03:41:22.688095+00:00
300,5398556874,384.12,0.02,sell,False,2022-11-10T03:41:22.688095+00:00
301,5398556873,385.5,0.02,sell,False,2022-11-10T03:41:22.688095+00:00
302,5398556872,386.88,0.02,sell,False,2022-11-10T03:41:22.688095+00:00
303,5398556871,388.27,0.02,sell,False,2022-11-10T03:41:22.688095+00:00
304,5398556870,389.66,0.02,sell,False,2022-11-10T03:41:22.688095+00:00
305,5398556869,391.06,0.02,sell,False,2022-11-10T03:41:22.688095+00:00
306,5398556868,392.46,0.02,sell,False,2022-11-10T03:41:22.688095+00:00
307,5398556867,393.87,0.02,sell,False,2022-11-10T03:41:22.688095+00:00
308,5398556866,395.28,0.02,sell,False,2022-11-10T03:41:22.688095+00:00
309,5398556865,396.7,0.02,sell,False,2022-11-10T03:41:22.688095+00:00
310,5398556864,398.12,0.02,sell,False,2022-11-10T03:41:22.688095+00:00
311,5398556863,399.55,0.02,sell,False,2022-11-10T03:41:22.688095+00:00
312,5398556862,400.98,0.02,sell,False,2022-11-10T03:41:22.688095+00:00
313,5398556861,402.42,0.02,sell,False,2022-11-10T03:41:22.688095+00:00
314,5398556860,403.86,0.02,sell,False,2022-11-10T03:41:22.688095+00:00
315,5398556859,405.31,0.02,sell,False,2022-11-10T03:41:22.688095+00:00
316,5398556858,406.76,0.02,sell,False,2022-11-10T03:41:22.688095+00:00
317,5398556857,441.5,0.05,sell,False,2022-11-10T03:41:22.688095+00:00
318,5398555195,408.22,0.02,sell,False,2022-11-10T03:41:09.135115+00:00
319,5398555194,409.68,0.02,sell,False,2022-11-10T03:41:09.135115+00:00
320,5398555193,411.15,0.02,sell,False,2022-11-10T03:41:09.135115+00:00
321,5398555192,412.62,0.02,sell,False,2022-11-10T03:41:09.135115+00:00
322,5398555191,414.1,0.02,sell,False,2022-11-10T03:41:09.135115+00:00
323,5398555190,415.58,0.02,sell,False,2022-11-10T03:41:09.135115+00:00
324,5398555189,417.07,0.02,sell,False,2022-11-10T03:41:09.135115+00:00
325,5398555188,418.56,0.02,sell,False,2022-11-10T03:41:09.135115+00:00
326,5398555187,443.97,0.05,sell,False,2022-11-10T03:41:09.135115+00:00
327,5398534180,446.33,0.05,sell,False,2022-11-10T03:38:34.529948+00:00
328,5398525391,473.09,0.02,buy,False,2022-11-10T03:37:26.427906+00:00
329,5398521318,398.65,0.01,buy,False,2022-11-10T03:36:45.258471+00:00
330,5398516372,390.59,0.43,buy,False,2022-11-10T03:35:55.870106+00:00
331,5398516371,375.0,0.58,buy,False,2022-11-10T03:35:55.870106+00:00
332,5398516370,359.1,0.09,buy,False,2022-11-10T03:35:55.870106+00:00
333,5398516369,344.06,2.58,buy,False,2022-11-10T03:35:55.870106+00:00
334,5398516368,340.08,11.7,buy,False,2022-11-10T03:35:55.870106+00:00
335,5398516367,322.79,0.12,buy,False,2022-11-10T03:35:55.870106+00:00
336,5398512415,329.12,0.43,buy,False,2022-11-10T03:35:19.974820+00:00
337,5398512414,325.11,7.66,buy,False,2022-11-10T03:35:19.974820+00:00
338,5398512413,324.63,0.02,buy,False,2022-11-10T03:35:19.974820+00:00
339,5398512412,321.16,0.02,buy,False,2022-11-10T03:35:19.974820+00:00
340,5398512411,320.01,0.02,buy,False,2022-11-10T03:35:19.974820+00:00
341,5398512410,320.0,2.0,buy,False,2022-11-10T03:35:19.974820+00:00
342,5398512409,318.86,0.02,buy,False,2022-11-10T03:35:19.974820+00:00
343,5398512408,317.72,0.02,buy,False,2022-11-10T03:35:19.974820+00:00
344,5398512407,316.58,0.02,buy,False,2022-11-10T03:35:19.974820+00:00
345,5398512406,315.45,0.02,buy,False,2022-11-10T03:35:19.974820+00:00
346,5398512405,314.98,0.12,buy,False,2022-11-10T03:35:19.974820+00:00
347,5398512404,314.32,0.02,buy,False,2022-11-10T03:35:19.974820+00:00
348,5398512403,313.2,0.02,buy,False,2022-11-10T03:35:19.974820+00:00
349,5398512402,312.08,0.02,buy,False,2022-11-10T03:35:19.974820+00:00
350,5398512401,310.96,0.02,buy,False,2022-11-10T03:35:19.974820+00:00
351,5398512400,309.85,0.02,buy,False,2022-11-10T03:35:19.974820+00:00
352,5398512399,308.74,0.02,buy,False,2022-11-10T03:35:19.974820+00:00
353,5398512398,307.63,0.02,buy,False,2022-11-10T03:35:19.974820+00:00
354,5398512397,307.18,0.12,buy,False,2022-11-10T03:35:19.974820+00:00
355,5398512396,306.53,0.02,buy,False,2022-11-10T03:35:19.974820+00:00
356,5398512395,305.43,0.02,buy,False,2022-11-10T03:35:19.974820+00:00
357,5398512394,305.43,22.02,buy,False,2022-11-10T03:35:19.974820+00:00
358,5398512393,304.34,0.02,buy,False,2022-11-10T03:35:19.974820+00:00
359,5398512392,303.25,0.02,buy,False,2022-11-10T03:35:19.974820+00:00
360,5398512391,302.16,0.02,buy,False,2022-11-10T03:35:19.974820+00:00
361,5398512390,301.08,0.02,buy,False,2022-11-10T03:35:19.974820+00:00
362,5398512389,300.0,0.02,buy,False,2022-11-10T03:35:19.974820+00:00
363,5398512388,299.38,0.12,buy,False,2022-11-10T03:35:19.974820+00:00
364,5398512387,298.92,0.02,buy,False,2022-11-10T03:35:19.974820+00:00
365,5398512386,297.85,0.02,buy,False,2022-11-10T03:35:19.974820+00:00
366,5398512385,296.77,0.02,buy,False,2022-11-10T03:35:19.974820+00:00
367,5398512384,295.71,0.02,buy,False,2022-11-10T03:35:19.974820+00:00
368,5398512383,294.64,0.02,buy,False,2022-11-10T03:35:19.974820+00:00
369,5398512382,293.58,0.02,buy,False,2022-11-10T03:35:19.974820+00:00
370,5398512381,292.53,0.02,buy,False,2022-11-10T03:35:19.974820+00:00
371,5398512380,291.57,0.12,buy,False,2022-11-10T03:35:19.974820+00:00
372,5398512379,291.48,0.02,buy,False,2022-11-10T03:35:19.974820+00:00
373,5398512378,290.43,0.02,buy,False,2022-11-10T03:35:19.974820+00:00
374,5398512377,289.38,0.02,buy,False,2022-11-10T03:35:19.974820+00:00
375,5398512376,288.34,0.02,buy,False,2022-11-10T03:35:19.974820+00:00
376,5398512375,287.31,0.02,buy,False,2022-11-10T03:35:19.974820+00:00
377,5398512374,286.27,0.02,buy,False,2022-11-10T03:35:19.974820+00:00
378,5398512373,285.24,0.02,buy,False,2022-11-10T03:35:19.974820+00:00
379,5398512372,284.22,0.02,buy,False,2022-11-10T03:35:19.974820+00:00
380,5398512371,283.77,0.12,buy,False,2022-11-10T03:35:19.974820+00:00
381,5398512370,283.2,0.02,buy,False,2022-11-10T03:35:19.974820+00:00
382,5398512369,282.18,0.02,buy,False,2022-11-10T03:35:19.974820+00:00
383,5398512368,281.16,0.02,buy,False,2022-11-10T03:35:19.974820+00:00
384,5398512367,280.18,0.52,buy,False,2022-11-10T03:35:19.974820+00:00
385,5398512366,280.15,0.02,buy,False,2022-11-10T03:35:19.974820+00:00
386,5398512365,279.14,0.02,buy,False,2022-11-10T03:35:19.974820+00:00
387,5398512364,278.14,0.02,buy,False,2022-11-10T03:35:19.974820+00:00
388,5398512363,277.14,0.02,buy,False,2022-11-10T03:35:19.974820+00:00
389,5398512362,276.14,0.02,buy,False,2022-11-10T03:35:19.974820+00:00
390,5398482197,275.97,0.12,buy,False,2022-11-10T03:30:44.259898+00:00
391,5398482196,275.96,0.02,buy,False,2022-11-10T03:30:44.259898+00:00
392,5398352976,275.96,0.13,buy,False,2022-11-10T03:15:55.714128+00:00
393,5398236960,275.96,0.13,buy,False,2022-11-10T03:02:16.571919+00:00
394,5398215647,260.55,0.03,sell,False,2022-11-10T02:58:14.615069+00:00
395,5398215628,260.55,0.03,sell,False,2022-11-10T02:58:14.198097+00:00
396,5398215603,260.55,0.03,sell,False,2022-11-10T02:58:13.772665+00:00
397,5398215577,260.55,0.03,sell,False,2022-11-10T02:58:13.392623+00:00
398,5398215541,260.55,0.03,sell,False,2022-11-10T02:58:13.024814+00:00
399,5398215511,260.55,0.03,sell,False,2022-11-10T02:58:12.588637+00:00
400,5398215435,260.55,0.03,sell,False,2022-11-10T02:58:11.432205+00:00
401,5398215410,260.55,0.03,sell,False,2022-11-10T02:58:11.026774+00:00
402,5398215399,260.55,0.03,sell,False,2022-11-10T02:58:10.686733+00:00
403,5398215370,260.55,0.03,sell,False,2022-11-10T02:58:10.297841+00:00
404,5398215325,260.55,0.02,sell,False,2022-11-10T02:58:09.925661+00:00
405,5398215324,268.16,0.01,sell,False,2022-11-10T02:58:09.925661+00:00
406,5398215247,268.16,0.03,sell,False,2022-11-10T02:58:08.945516+00:00
407,5398215224,268.16,0.03,sell,False,2022-11-10T02:58:08.244716+00:00
408,5398215216,268.16,0.03,sell,False,2022-11-10T02:58:07.820361+00:00
409,5398215198,268.16,0.02,sell,False,2022-11-10T02:58:06.954375+00:00
410,5398215178,275.97,0.02,sell,False,2022-11-10T02:58:06.365113+00:00
411,5398215130,275.97,0.02,sell,False,2022-11-10T02:58:05.409700+00:00
412,5398215083,275.97,0.02,sell,False,2022-11-10T02:58:04.602337+00:00
413,5398215049,275.97,0.02,sell,False,2022-11-10T02:58:03.844179+00:00
414,5398215014,275.97,0.02,sell,False,2022-11-10T02:58:03.101929+00:00
415,5398214959,275.97,0.02,sell,False,2022-11-10T02:58:02.301524+00:00
416,5398214921,275.98,0.02,sell,False,2022-11-10T02:58:01.845138+00:00
417,5398214889,275.98,0.02,sell,False,2022-11-10T02:58:01.168167+00:00
418,5398214804,275.98,0.02,sell,False,2022-11-10T02:57:59.965415+00:00
419,5398214774,275.98,0.02,sell,False,2022-11-10T02:57:59.134634+00:00
420,5398214738,275.98,0.02,sell,False,2022-11-10T02:57:58.429973+00:00
421,5398214707,275.98,0.02,sell,False,2022-11-10T02:57:57.671366+00:00
422,5398214684,275.98,0.02,sell,False,2022-11-10T02:57:57.018933+00:00
423,5398214665,275.98,0.02,sell,False,2022-11-10T02:57:56.335075+00:00
424,5398214636,275.98,0.02,sell,False,2022-11-10T02:57:55.538699+00:00
425,5398214593,275.98,0.02,sell,False,2022-11-10T02:57:54.578670+00:00
426,5398214578,275.98,0.02,sell,False,2022-11-10T02:57:53.910083+00:00
427,5398214564,275.98,0.02,sell,False,2022-11-10T02:57:53.254498+00:00
428,5398214537,275.98,0.02,sell,False,2022-11-10T02:57:52.602112+00:00
429,5398214510,275.98,0.02,sell,False,2022-11-10T02:57:52.170410+00:00
430,5398159349,279.8,0.4,buy,False,2022-11-10T02:47:06.220345+00:00
431,5398158372,286.2,0.42,buy,False,2022-11-10T02:46:54.079757+00:00
432,5398158371,283.77,0.12,buy,False,2022-11-10T02:46:54.079757+00:00
433,5398158370,275.97,0.12,buy,False,2022-11-10T02:46:54.079757+00:00
434,5398158369,268.16,0.12,buy,False,2022-11-10T02:46:54.079757+00:00
435,5398158368,260.36,0.12,buy,False,2022-11-10T02:46:54.079757+00:00
436,5398158367,252.55,0.1,buy,False,2022-11-10T02:46:54.079757+00:00
437,5398152358,252.55,0.02,buy,False,2022-11-10T02:45:48.738194+00:00
438,5398152357,252.54,0.09,buy,False,2022-11-10T02:45:48.738194+00:00
439,5398152156,252.54,0.11,buy,False,2022-11-10T02:45:45.982743+00:00
440,5398151372,252.54,0.1,buy,False,2022-11-10T02:45:38.002333+00:00
441,5398137664,240.81,0.39,sell,False,2022-11-10T02:42:42.520222+00:00
442,5398136150,240.81,0.03,sell,False,2022-11-10T02:42:24.088707+00:00
443,5398136149,241.68,0.03,sell,False,2022-11-10T02:42:24.088707+00:00
444,5398136148,242.55,0.03,sell,False,2022-11-10T02:42:24.088707+00:00
445,5398136147,243.43,0.03,sell,False,2022-11-10T02:42:24.088707+00:00
446,5398136146,244.31,0.03,sell,False,2022-11-10T02:42:24.088707+00:00
447,5398136145,244.75,0.12,sell,False,2022-11-10T02:42:24.088707+00:00
448,5398136144,245.19,0.03,sell,False,2022-11-10T02:42:24.088707+00:00
449,5398136143,246.07,0.03,sell,False,2022-11-10T02:42:24.088707+00:00
450,5398136142,246.96,0.03,sell,False,2022-11-10T02:42:24.088707+00:00
451,5398136141,247.85,0.03,sell,False,2022-11-10T02:42:24.088707+00:00
452,5398136140,248.75,0.03,sell,False,2022-11-10T02:42:24.088707+00:00
453,5398136139,249.65,0.03,sell,False,2022-11-10T02:42:24.088707+00:00
454,5398134916,250.55,0.03,sell,False,2022-11-10T02:42:04.651556+00:00
455,5398134915,250.7,0.01,sell,False,2022-11-10T02:42:04.651556+00:00
456,5398134914,251.45,0.03,sell,False,2022-11-10T02:42:04.651556+00:00
457,5398134913,252.36,0.03,sell,False,2022-11-10T02:42:04.651556+00:00
458,5398134912,252.55,0.12,sell,False,2022-11-10T02:42:04.651556+00:00
459,5398134911,254.18,0.03,sell,False,2022-11-10T02:42:04.651556+00:00
460,5398134910,255.1,0.02,sell,False,2022-11-10T02:42:04.651556+00:00
461,5398134909,256.02,0.02,sell,False,2022-11-10T02:42:04.651556+00:00
462,5398134908,256.95,0.02,sell,False,2022-11-10T02:42:04.651556+00:00
463,5398134907,257.87,0.02,sell,False,2022-11-10T02:42:04.651556+00:00
464,5398134906,258.8,0.02,sell,False,2022-11-10T02:42:04.651556+00:00
465,5398134905,259.74,0.02,sell,False,2022-11-10T02:42:04.651556+00:00
466,5398134370,260.36,0.12,sell,False,2022-11-10T02:41:56.691857+00:00
467,5398134369,260.67,0.02,sell,False,2022-11-10T02:41:56.691857+00:00
468,5398134368,261.62,0.02,sell,False,2022-11-10T02:41:56.691857+00:00
469,5398134367,262.56,0.02,sell,False,2022-11-10T02:41:56.691857+00:00
470,5398134366,263.51,0.02,sell,False,2022-11-10T02:41:56.691857+00:00
471,5398134365,264.46,0.01,sell,False,2022-11-10T02:41:56.691857+00:00
472,5398134364,265.41,0.02,sell,False,2022-11-10T02:41:56.691857+00:00
473,5398134363,266.37,0.02,sell,False,2022-11-10T02:41:56.691857+00:00
474,5398134362,267.33,0.02,sell,False,2022-11-10T02:41:56.691857+00:00
475,5398134361,268.16,0.12,sell,False,2022-11-10T02:41:56.691857+00:00
476,5398134360,268.3,0.02,sell,False,2022-11-10T02:41:56.691857+00:00
477,5398134359,269.27,0.02,sell,False,2022-11-10T02:41:56.691857+00:00
478,5398133631,270.24,0.02,sell,False,2022-11-10T02:41:45.648616+00:00
479,5398133630,271.21,0.02,sell,False,2022-11-10T02:41:45.648616+00:00
480,5398133629,272.19,0.02,sell,False,2022-11-10T02:41:45.648616+00:00
481,5398133628,273.17,0.02,sell,False,2022-11-10T02:41:45.648616+00:00
482,5398133627,274.16,0.02,sell,False,2022-11-10T02:41:45.648616+00:00
483,5398133626,275.15,0.02,sell,False,2022-11-10T02:41:45.648616+00:00
484,5398133625,275.97,0.12,sell,False,2022-11-10T02:41:45.648616+00:00
485,5398133624,275.98,0.09,sell,False,2022-11-10T02:41:45.648616+00:00
486,5398133623,275.98,0.09,sell,False,2022-11-10T02:41:45.648616+00:00
487,5398133622,276.14,0.02,sell,False,2022-11-10T02:41:45.648616+00:00
488,5398133621,277.14,0.02,sell,False,2022-11-10T02:41:45.648616+00:00
489,5398133620,278.14,0.02,sell,False,2022-11-10T02:41:45.648616+00:00
490,5398133619,279.14,0.02,sell,False,2022-11-10T02:41:45.648616+00:00
491,5398132751,291.57,0.1,buy,False,2022-11-10T02:41:31.883917+00:00
492,5398132657,280.14,0.09,buy,False,2022-11-10T02:41:29.583328+00:00
493,5398132399,280.14,0.09,buy,False,2022-11-10T02:41:26.567658+00:00
494,5398132140,280.15,0.08,buy,False,2022-11-10T02:41:23.682366+00:00
495,5398131740,280.15,0.02,sell,False,2022-11-10T02:41:21.363502+00:00
496,5398131739,281.16,0.02,sell,False,2022-11-10T02:41:21.363502+00:00
497,5398131738,282.18,0.02,sell,False,2022-11-10T02:41:21.363502+00:00
498,5398131737,283.2,0.02,sell,False,2022-11-10T02:41:21.363502+00:00
499,5398131736,283.77,0.12,sell,False,2022-11-10T02:41:21.363502+00:00
500,5398131735,283.78,0.08,sell,False,2022-11-10T02:41:21.363502+00:00
501,5398131734,284.22,0.02,sell,False,2022-11-10T02:41:21.363502+00:00
502,5398131733,285.24,0.02,sell,False,2022-11-10T02:41:21.363502+00:00
503,5398131732,286.27,0.02,sell,False,2022-11-10T02:41:21.363502+00:00
504,5398131731,287.31,0.02,sell,False,2022-11-10T02:41:21.363502+00:00
505,5398131730,288.34,0.02,sell,False,2022-11-10T02:41:21.363502+00:00
506,5398131729,289.38,0.02,sell,False,2022-11-10T02:41:21.363502+00:00
507,5398131728,290.43,0.02,sell,False,2022-11-10T02:41:21.363502+00:00
508,5398130957,299.37,0.08,buy,False,2022-11-10T02:41:13.104444+00:00
509,5398129662,290.43,0.01,sell,False,2022-11-10T02:41:02.350727+00:00
510,5398129661,291.57,0.12,sell,False,2022-11-10T02:41:02.350727+00:00
511,5398129660,291.58,0.3,sell,False,2022-11-10T02:41:02.350727+00:00
512,5398129659,292.53,0.02,sell,False,2022-11-10T02:41:02.350727+00:00
513,5398129658,293.58,0.02,sell,False,2022-11-10T02:41:02.350727+00:00
514,5398129657,294.64,0.02,sell,False,2022-11-10T02:41:02.350727+00:00
515,5398129656,295.71,0.02,sell,False,2022-11-10T02:41:02.350727+00:00
516,5398129655,296.77,0.02,sell,False,2022-11-10T02:41:02.350727+00:00
517,5398129654,297.85,0.02,sell,False,2022-11-10T02:41:02.350727+00:00
518,5398129653,298.92,0.02,sell,False,2022-11-10T02:41:02.350727+00:00
519,5398129652,300.0,0.02,sell,False,2022-11-10T02:41:02.350727+00:00
520,5398129651,301.08,0.02,sell,False,2022-11-10T02:41:02.350727+00:00
521,5398129650,302.16,0.02,sell,False,2022-11-10T02:41:02.350727+00:00
522,5398129649,303.04,0.07,sell,False,2022-11-10T02:41:02.350727+00:00
523,5398129648,303.25,0.02,sell,False,2022-11-10T02:41:02.350727+00:00
524,5398129647,304.34,0.02,sell,False,2022-11-10T02:41:02.350727+00:00
525,5398127426,304.65,0.02,sell,False,2022-11-10T02:40:31.747836+00:00
526,5398118568,305.43,3.4,buy,False,2022-11-10T02:38:55.681292+00:00
527,5398097560,304.65,0.03,sell,False,2022-11-10T02:35:18.936070+00:00
528,5398093867,305.43,9.72,buy,False,2022-11-10T02:34:40.736386+00:00
529,5398048097,304.65,0.02,sell,False,2022-11-10T02:27:36.946442+00:00
530,5398039597,305.43,9.84,buy,False,2022-11-10T02:25:46.448952+00:00
531,5398034976,305.43,0.02,sell,False,2022-11-10T02:24:46.075834+00:00
532,5398034791,306.53,0.02,buy,False,2022-11-10T02:24:42.733706+00:00
533,5398031958,305.43,0.02,buy,False,2022-11-10T02:24:04.133006+00:00
534,5398028499,304.34,0.02,buy,True,2022-11-10T02:23:21.934778+00:00
535,5398028498,304.27,0.04,buy,True,2022-11-10T02:23:21.934778+00:00
536,5398028345,303.25,0.02,buy,True,2022-11-10T02:23:21.150443+00:00
537,5398027694,302.16,0.02,buy,True,2022-11-10T02:23:16.801381+00:00
538,5398026919,301.08,0.02,buy,True,2022-11-10T02:23:10.983772+00:00
539,5398026794,300.0,0.25,buy,True,2022-11-10T02:23:09.096216+00:00
540,5398026669,299.38,0.08,buy,True,2022-11-10T02:23:07.946712+00:00
541,5398015985,299.38,0.04,buy,False,2022-11-10T02:20:43.807679+00:00
542,5398012579,290.06,0.01,buy,False,2022-11-10T02:20:01.286964+00:00
543,5398012156,290.06,0.12,buy,False,2022-11-10T02:19:55.036174+00:00
544,5398012009,300.0,0.2,buy,False,2022-11-10T02:19:51.684813+00:00
545,5398012008,300.0,0.02,buy,False,2022-11-10T02:19:51.684813+00:00
546,5398012007,299.38,0.03,buy,False,2022-11-10T02:19:51.684813+00:00
547,5398012006,298.92,0.02,buy,False,2022-11-10T02:19:51.684813+00:00
548,5398012005,297.85,0.02,buy,False,2022-11-10T02:19:51.684813+00:00
549,5398012004,296.77,0.02,buy,False,2022-11-10T02:19:51.684813+00:00
550,5398012003,295.71,0.02,buy,False,2022-11-10T02:19:51.684813+00:00
551,5398012002,294.64,0.02,buy,False,2022-11-10T02:19:51.684813+00:00
552,5398012001,293.58,0.02,buy,False,2022-11-10T02:19:51.684813+00:00
553,5398012000,292.53,0.02,buy,False,2022-11-10T02:19:51.684813+00:00
554,5398011999,290.99,0.64,buy,False,2022-11-10T02:19:51.684813+00:00
555,5398009844,291.82,0.49,buy,False,2022-11-10T02:19:24.914816+00:00
556,5398009843,291.57,0.04,buy,False,2022-11-10T02:19:24.914816+00:00
557,5398009842,290.43,0.02,buy,False,2022-11-10T02:19:24.914816+00:00
558,5398009841,289.38,0.02,buy,False,2022-11-10T02:19:24.914816+00:00
559,5398009840,288.34,0.02,buy,False,2022-11-10T02:19:24.914816+00:00
560,5398009839,287.31,0.02,buy,False,2022-11-10T02:19:24.914816+00:00
561,5398009838,286.27,0.02,buy,False,2022-11-10T02:19:24.914816+00:00
562,5398009837,285.24,0.02,buy,False,2022-11-10T02:19:24.914816+00:00
563,5398009836,284.22,0.02,buy,False,2022-11-10T02:19:24.914816+00:00
564,5398009835,283.77,0.12,buy,False,2022-11-10T02:19:24.914816+00:00
565,5398009834,283.76,0.22,buy,False,2022-11-10T02:19:24.914816+00:00
566,5397990510,283.76,0.04,buy,False,2022-11-10T02:15:40.667250+00:00
567,5397990509,283.76,0.03,buy,False,2022-11-10T02:15:40.667250+00:00
568,5397990508,283.2,0.02,buy,False,2022-11-10T02:15:40.667250+00:00
569,5397990507,282.18,0.02,buy,False,2022-11-10T02:15:40.667250+00:00
570,5397990506,281.16,0.02,buy,False,2022-11-10T02:15:40.667250+00:00
571,5397944707,280.15,0.02,buy,False,2022-11-10T02:08:23.007718+00:00
572,5397943495,279.14,0.02,buy,False,2022-11-10T02:08:10.806349+00:00
573,5397939546,278.14,0.02,buy,False,2022-11-10T02:07:30.657185+00:00
574,5397938893,277.14,0.02,buy,False,2022-11-10T02:07:23.348550+00:00
575,5397938628,276.14,0.02,buy,False,2022-11-10T02:07:20.146909+00:00
576,5397936629,275.97,0.12,buy,False,2022-11-10T02:07:04.234716+00:00
577,5397933880,275.96,0.28,buy,False,2022-11-10T02:06:38.166638+00:00
578,5397888621,275.96,0.03,buy,False,2022-11-10T02:00:46.921122+00:00
579,5397888620,275.15,0.02,buy,False,2022-11-10T02:00:46.921122+00:00
580,5397888619,274.16,0.02,buy,False,2022-11-10T02:00:46.921122+00:00
581,5397888618,273.17,0.02,buy,False,2022-11-10T02:00:46.921122+00:00
582,5397888617,272.19,0.02,buy,False,2022-11-10T02:00:46.921122+00:00
583,5397888616,271.21,0.01,buy,False,2022-11-10T02:00:46.921122+00:00
584,5397757231,271.21,0.01,buy,False,2022-11-10T01:45:43.028747+00:00
585,5397757230,270.24,0.02,buy,False,2022-11-10T01:45:43.028747+00:00
586,5397757229,269.27,0.02,buy,False,2022-11-10T01:45:43.028747+00:00
587,5397757228,268.3,0.02,buy,False,2022-11-10T01:45:43.028747+00:00
588,5397757227,267.33,0.02,buy,False,2022-11-10T01:45:43.028747+00:00
589,5397757226,266.37,0.02,buy,False,2022-11-10T01:45:43.028747+00:00
590,5397681983,264.46,0.01,sell,False,2022-11-10T01:38:04.196164+00:00
591,5397681982,265.41,0.02,sell,False,2022-11-10T01:38:04.196164+00:00
592,5397681981,266.37,0.02,sell,False,2022-11-10T01:38:04.196164+00:00
593,5397681980,267.33,0.02,sell,False,2022-11-10T01:38:04.196164+00:00
594,5397681979,268.16,0.01,sell,False,2022-11-10T01:38:04.196164+00:00
595,5397681978,268.3,0.02,sell,False,2022-11-10T01:38:04.196164+00:00
596,5397638143,275.97,0.12,sell,False,2022-11-10T01:34:00.591105+00:00
597,5397638142,275.98,0.01,sell,False,2022-11-10T01:34:00.591105+00:00
598,5397638141,275.98,0.01,sell,False,2022-11-10T01:34:00.591105+00:00
599,5397632301,275.98,0.29,sell,False,2022-11-10T01:33:23.768075+00:00
600,5397632300,278.14,0.02,sell,False,2022-11-10T01:33:23.768075+00:00
601,5397632299,284.22,0.02,sell,False,2022-11-10T01:33:23.768075+00:00
602,5397632298,285.24,0.02,sell,False,2022-11-10T01:33:23.768075+00:00
603,5397630305,286.27,0.02,sell,False,2022-11-10T01:33:08.966785+00:00
604,5397630304,287.31,0.02,sell,False,2022-11-10T01:33:08.966785+00:00
605,5397630303,288.34,0.02,sell,False,2022-11-10T01:33:08.966785+00:00
606,5397630302,289.38,0.02,sell,False,2022-11-10T01:33:08.966785+00:00
607,5397630301,290.43,0.02,sell,False,2022-11-10T01:33:08.966785+00:00
608,5397612220,291.57,0.08,buy,False,2022-11-10T01:31:49.773675+00:00
609,5397612219,291.56,0.01,buy,False,2022-11-10T01:31:49.773675+00:00
610,5397612218,291.48,0.02,buy,False,2022-11-10T01:31:49.773675+00:00
611,5397611044,290.43,0.02,buy,False,2022-11-10T01:31:38.154514+00:00
612,5397611043,289.38,0.02,buy,False,2022-11-10T01:31:38.154514+00:00
613,5397611042,288.34,0.02,buy,False,2022-11-10T01:31:38.154514+00:00
614,5397611041,287.31,0.02,buy,False,2022-11-10T01:31:38.154514+00:00
615,5397611040,286.27,0.02,buy,False,2022-11-10T01:31:38.154514+00:00
616,5397610542,285.24,0.02,buy,False,2022-11-10T01:31:35.259985+00:00
617,5397610541,284.22,0.02,buy,False,2022-11-10T01:31:35.259985+00:00
618,5397610540,283.77,0.06,buy,False,2022-11-10T01:31:35.259985+00:00
619,5397610148,283.77,0.06,buy,False,2022-11-10T01:31:31.975022+00:00
620,5397610147,283.76,0.03,buy,False,2022-11-10T01:31:31.975022+00:00
621,5397609703,283.76,0.09,buy,False,2022-11-10T01:31:28.455879+00:00
622,5397609409,278.14,0.02,sell,False,2022-11-10T01:31:26.027583+00:00
623,5397609408,279.14,0.02,sell,False,2022-11-10T01:31:26.027583+00:00
624,5397609407,280.15,0.02,sell,False,2022-11-10T01:31:26.027583+00:00
625,5397609406,281.16,0.02,sell,False,2022-11-10T01:31:26.027583+00:00
626,5397609405,282.18,0.02,sell,False,2022-11-10T01:31:26.027583+00:00
627,5397607909,283.76,0.08,buy,False,2022-11-10T01:31:15.122503+00:00
628,5397606591,283.76,0.04,buy,False,2022-11-10T01:31:05.211359+00:00
629,5397606590,283.76,0.04,buy,False,2022-11-10T01:31:05.211359+00:00
630,5397604874,283.76,0.02,buy,False,2022-11-10T01:30:49.027483+00:00
631,5397604873,280.15,0.01,buy,False,2022-11-10T01:30:49.027483+00:00
632,5397604872,279.14,0.02,buy,False,2022-11-10T01:30:49.027483+00:00
633,5397604871,278.14,0.02,buy,False,2022-11-10T01:30:49.027483+00:00
634,5397562890,268.16,0.11,sell,False,2022-11-10T01:24:11.867254+00:00
635,5397562889,268.17,0.01,sell,False,2022-11-10T01:24:11.867254+00:00
636,5397562290,268.17,0.24,sell,False,2022-11-10T01:24:05.264350+00:00
637,5397560568,268.17,0.06,sell,False,2022-11-10T01:23:49.752443+00:00
638,5397560567,268.3,0.02,sell,False,2022-11-10T01:23:49.752443+00:00
639,5397560566,269.27,0.02,sell,False,2022-11-10T01:23:49.752443+00:00
640,5397560565,270.24,0.02,sell,False,2022-11-10T01:23:49.752443+00:00
641,5397560564,271.21,0.02,sell,False,2022-11-10T01:23:49.752443+00:00
642,5397560563,272.19,0.02,sell,False,2022-11-10T01:23:49.752443+00:00
643,5397560562,273.17,0.02,sell,False,2022-11-10T01:23:49.752443+00:00
644,5397560561,274.16,0.02,sell,False,2022-11-10T01:23:49.752443+00:00
645,5397556986,275.97,0.12,buy,False,2022-11-10T01:23:24.591432+00:00
646,5397555286,269.27,0.02,buy,False,2022-11-10T01:23:08.976072+00:00
647,5397555285,268.3,0.02,buy,False,2022-11-10T01:23:08.976072+00:00
648,5397555284,268.16,0.12,buy,False,2022-11-10T01:23:08.976072+00:00
649,5397555283,268.15,0.31,buy,False,2022-11-10T01:23:08.976072+00:00
650,5397552524,261.62,0.02,buy,False,2022-11-10T01:22:43.049094+00:00
651,5397552523,260.67,0.02,buy,False,2022-11-10T01:22:43.049094+00:00
652,5397551989,255.1,0.01,buy,False,2022-11-10T01:22:35.645277+00:00
653,5397551988,254.18,0.03,buy,False,2022-11-10T01:22:35.645277+00:00
654,5397539795,260.36,0.02,sell,False,2022-11-10T01:20:42.702667+00:00
655,5397539716,260.36,0.02,sell,False,2022-11-10T01:20:42.304152+00:00
656,5397539664,260.36,0.02,sell,False,2022-11-10T01:20:41.835313+00:00
657,5397539632,260.36,0.02,sell,False,2022-11-10T01:20:41.408991+00:00
658,5397539572,260.36,0.02,sell,False,2022-11-10T01:20:40.435658+00:00
659,5397539537,260.36,0.02,sell,False,2022-11-10T01:20:40.064546+00:00
660,5397539405,268.16,0.02,sell,False,2022-11-10T01:20:38.879802+00:00
661,5397539372,268.16,0.02,sell,False,2022-11-10T01:20:38.432214+00:00
662,5397539313,268.16,0.02,sell,False,2022-11-10T01:20:37.995246+00:00
663,5397539277,268.16,0.02,sell,False,2022-11-10T01:20:37.508152+00:00
664,5397539244,268.16,0.02,sell,False,2022-11-10T01:20:37.158919+00:00
665,5397539202,268.16,0.02,sell,False,2022-11-10T01:20:36.518673+00:00
666,5397539069,275.97,0.02,sell,False,2022-11-10T01:20:35.172220+00:00
667,5397538921,275.97,0.02,sell,False,2022-11-10T01:20:33.738665+00:00
668,5397538807,275.97,0.02,sell,False,2022-11-10T01:20:32.317596+00:00
669,5397538655,275.97,0.02,sell,False,2022-11-10T01:20:31.054888+00:00
670,5397538592,275.97,0.02,sell,False,2022-11-10T01:20:30.143364+00:00
671,5397538557,275.97,0.02,sell,False,2022-11-10T01:20:29.691539+00:00
672,5397538140,283.77,0.01,sell,False,2022-11-10T01:20:25.648577+00:00
673,5397538090,283.77,0.02,sell,False,2022-11-10T01:20:24.953967+00:00
674,5397537930,283.77,0.02,sell,False,2022-11-10T01:20:23.801051+00:00
675,5397537897,283.77,0.02,sell,False,2022-11-10T01:20:23.380665+00:00
676,5397534027,283.77,0.05,sell,False,2022-11-10T01:19:55.680854+00:00
677,5397534026,283.78,0.05,sell,False,2022-11-10T01:19:55.680854+00:00
678,5397531671,299.38,0.07,buy,False,2022-11-10T01:19:36.150773+00:00
679,5397531410,299.38,0.02,buy,False,2022-11-10T01:19:34.244757+00:00
680,5397531239,317.72,0.02,sell,False,2022-11-10T01:19:33.264776+00:00
681,5397531238,318.86,0.02,sell,False,2022-11-10T01:19:33.264776+00:00
682,5397531237,320.01,0.02,sell,False,2022-11-10T01:19:33.264776+00:00
683,5397530617,252.36,0.03,sell,False,2022-11-10T01:19:27.175726+00:00
684,5397530616,254.18,0.03,sell,False,2022-11-10T01:19:27.175726+00:00
685,5397530615,255.1,0.02,sell,False,2022-11-10T01:19:27.175726+00:00
686,5397530614,256.02,0.02,sell,False,2022-11-10T01:19:27.175726+00:00
687,5397530613,256.95,0.02,sell,False,2022-11-10T01:19:27.175726+00:00
688,5397530612,257.87,0.02,sell,False,2022-11-10T01:19:27.175726+00:00
689,5397530611,258.8,0.02,sell,False,2022-11-10T01:19:27.175726+00:00
690,5397530610,259.74,0.02,sell,False,2022-11-10T01:19:27.175726+00:00
691,5397530609,260.67,0.02,sell,False,2022-11-10T01:19:27.175726+00:00
692,5397530608,261.62,0.02,sell,False,2022-11-10T01:19:27.175726+00:00
693,5397530607,262.56,0.02,sell,False,2022-11-10T01:19:27.175726+00:00
694,5397530606,263.51,0.02,sell,False,2022-11-10T01:19:27.175726+00:00
695,5397530605,291.57,0.12,sell,False,2022-11-10T01:19:27.175726+00:00
696,5397530604,299.38,0.12,sell,False,2022-11-10T01:19:27.175726+00:00
697,5397530603,302.16,0.02,sell,False,2022-11-10T01:19:27.175726+00:00
698,5397530602,303.25,0.02,sell,False,2022-11-10T01:19:27.175726+00:00
699,5397530601,304.34,0.02,sell,False,2022-11-10T01:19:27.175726+00:00
700,5397530600,305.43,0.02,sell,False,2022-11-10T01:19:27.175726+00:00
701,5397530599,306.53,0.02,sell,False,2022-11-10T01:19:27.175726+00:00
702,5397530598,307.18,0.12,sell,False,2022-11-10T01:19:27.175726+00:00
703,5397530597,307.63,0.02,sell,False,2022-11-10T01:19:27.175726+00:00
704,5397530596,308.74,0.02,sell,False,2022-11-10T01:19:27.175726+00:00
705,5397530595,309.85,0.02,sell,False,2022-11-10T01:19:27.175726+00:00
706,5397530594,310.96,0.02,sell,False,2022-11-10T01:19:27.175726+00:00
707,5397530593,312.08,0.02,sell,False,2022-11-10T01:19:27.175726+00:00
708,5397530592,313.2,0.02,sell,False,2022-11-10T01:19:27.175726+00:00
709,5397530591,314.32,0.02,sell,False,2022-11-10T01:19:27.175726+00:00
710,5397530590,314.98,0.07,sell,False,2022-11-10T01:19:27.175726+00:00
711,5397530589,315.45,0.02,sell,False,2022-11-10T01:19:27.175726+00:00
712,5397530588,316.58,0.02,sell,False,2022-11-10T01:19:27.175726+00:00
713,5397530587,323.68,0.07,sell,False,2022-11-10T01:19:27.175726+00:00
714,5397530165,325.1,0.04,buy,False,2022-11-10T01:19:22.632843+00:00
715,5397526276,314.98,0.05,sell,False,2022-11-10T01:18:58.958908+00:00
716,5397526275,314.99,0.25,sell,False,2022-11-10T01:18:58.958908+00:00
717,5397524106,314.99,0.05,sell,False,2022-11-10T01:18:45.526753+00:00
718,5397522756,296.13,0.02,buy,False,2022-11-10T01:18:39.482653+00:00
719,5397522676,296.13,0.02,buy,False,2022-11-10T01:18:39.120341+00:00
720,5397521484,283.77,0.01,sell,False,2022-11-10T01:18:32.688267+00:00
721,5397521483,291.56,0.04,sell,False,2022-11-10T01:18:32.688267+00:00
722,5397521276,325.11,0.2,buy,False,2022-11-10T01:18:30.816567+00:00
723,5397521275,322.79,0.12,buy,False,2022-11-10T01:18:30.816567+00:00
724,5397521274,314.98,0.12,buy,False,2022-11-10T01:18:30.816567+00:00
725,5397521273,314.0,0.15,buy,False,2022-11-10T01:18:30.816567+00:00
726,5397521272,307.18,0.12,buy,False,2022-11-10T01:18:30.816567+00:00
727,5397521271,306.53,0.02,buy,False,2022-11-10T01:18:30.816567+00:00
728,5397521270,305.43,0.02,buy,False,2022-11-10T01:18:30.816567+00:00
729,5397521269,304.34,0.02,buy,False,2022-11-10T01:18:30.816567+00:00
730,5397521268,303.25,0.02,buy,False,2022-11-10T01:18:30.816567+00:00
731,5397521267,302.16,0.02,buy,False,2022-11-10T01:18:30.816567+00:00
732,5397521266,301.08,0.02,buy,False,2022-11-10T01:18:30.816567+00:00
733,5397521265,300.0,0.02,buy,False,2022-11-10T01:18:30.816567+00:00
734,5397521264,299.38,0.12,buy,False,2022-11-10T01:18:30.816567+00:00
735,5397520620,296.78,0.77,buy,False,2022-11-10T01:18:26.974365+00:00
736,5397520619,291.57,0.12,buy,False,2022-11-10T01:18:26.974365+00:00
737,5397520618,291.56,0.32,buy,False,2022-11-10T01:18:26.974365+00:00
738,5397511762,283.77,0.03,buy,False,2022-11-10T01:17:29.822261+00:00
739,5397511761,275.97,0.02,buy,False,2022-11-10T01:17:29.822261+00:00
740,5397509735,275.97,0.1,buy,False,2022-11-10T01:17:18.013309+00:00
741,5397509186,290.39,0.09,sell,False,2022-11-10T01:17:14.483438+00:00
742,5397508685,280.96,0.01,buy,False,2022-11-10T01:17:10.443738+00:00
743,5397508018,263.51,0.02,sell,False,2022-11-10T01:17:06.641880+00:00
744,5397508017,264.46,0.02,sell,False,2022-11-10T01:17:06.641880+00:00
745,5397508016,265.41,0.02,sell,False,2022-11-10T01:17:06.641880+00:00
746,5397508015,266.37,0.02,sell,False,2022-11-10T01:17:06.641880+00:00
747,5397508014,267.33,0.02,sell,False,2022-11-10T01:17:06.641880+00:00
748,5397508013,268.16,0.12,sell,False,2022-11-10T01:17:06.641880+00:00
749,5397508012,268.3,0.02,sell,False,2022-11-10T01:17:06.641880+00:00
750,5397508011,269.27,0.02,sell,False,2022-11-10T01:17:06.641880+00:00
751,5397508010,270.24,0.02,sell,False,2022-11-10T01:17:06.641880+00:00
752,5397508009,271.21,0.02,sell,False,2022-11-10T01:17:06.641880+00:00
753,5397508008,272.19,0.02,sell,False,2022-11-10T01:17:06.641880+00:00
754,5397508007,273.17,0.02,sell,False,2022-11-10T01:17:06.641880+00:00
755,5397508006,274.16,0.02,sell,False,2022-11-10T01:17:06.641880+00:00
756,5397508005,275.15,0.02,sell,False,2022-11-10T01:17:06.641880+00:00
757,5397508004,275.97,0.12,sell,False,2022-11-10T01:17:06.641880+00:00
758,5397508003,276.14,0.02,sell,False,2022-11-10T01:17:06.641880+00:00
759,5397508002,277.14,0.02,sell,False,2022-11-10T01:17:06.641880+00:00
760,5397508001,278.14,0.02,sell,False,2022-11-10T01:17:06.641880+00:00
761,5397508000,279.14,0.02,sell,False,2022-11-10T01:17:06.641880+00:00
762,5397507999,280.15,0.02,sell,False,2022-11-10T01:17:06.641880+00:00
763,5397507998,281.16,0.02,sell,False,2022-11-10T01:17:06.641880+00:00
764,5397507997,282.18,0.02,sell,False,2022-11-10T01:17:06.641880+00:00
765,5397507996,283.2,0.02,sell,False,2022-11-10T01:17:06.641880+00:00
766,5397507995,283.77,0.12,sell,False,2022-11-10T01:17:06.641880+00:00
767,5397507994,284.22,0.02,sell,False,2022-11-10T01:17:06.641880+00:00
768,5397507993,285.24,0.02,sell,False,2022-11-10T01:17:06.641880+00:00
769,5397507992,286.27,0.02,sell,False,2022-11-10T01:17:06.641880+00:00
770,5397507991,287.31,0.02,sell,False,2022-11-10T01:17:06.641880+00:00
771,5397507990,288.34,0.02,sell,False,2022-11-10T01:17:06.641880+00:00
772,5397507989,289.38,0.02,sell,False,2022-11-10T01:17:06.641880+00:00
773,5397507988,290.43,0.02,sell,False,2022-11-10T01:17:06.641880+00:00
774,5397507987,291.48,0.02,sell,False,2022-11-10T01:17:06.641880+00:00
775,5397507986,292.42,0.09,sell,False,2022-11-10T01:17:06.641880+00:00
776,5397506612,291.57,0.12,sell,False,2022-11-10T01:16:57.631154+00:00
777,5397506611,291.58,0.09,sell,False,2022-11-10T01:16:57.631154+00:00
778,5397506610,294.35,0.09,sell,False,2022-11-10T01:16:57.631154+00:00
779,5397504015,291.58,0.22,sell,False,2022-11-10T01:16:40.763366+00:00
780,5397504014,292.53,0.02,sell,False,2022-11-10T01:16:40.763366+00:00
781,5397504013,294.64,0.02,sell,False,2022-11-10T01:16:40.763366+00:00
782,5397504012,295.71,0.02,sell,False,2022-11-10T01:16:40.763366+00:00
783,5397504011,296.19,0.02,sell,False,2022-11-10T01:16:40.763366+00:00
784,5397491914,296.19,0.05,sell,False,2022-11-10T01:15:13.054735+00:00
785,5397489418,296.19,0.01,sell,False,2022-11-10T01:14:53.483718+00:00
786,5397489417,296.77,0.02,sell,False,2022-11-10T01:14:53.483718+00:00
787,5397489416,297.85,0.02,sell,False,2022-11-10T01:14:53.483718+00:00
788,5397487239,297.95,0.05,sell,False,2022-11-10T01:14:36.711860+00:00
789,5397072767,295.71,0.01,buy,False,2022-11-10T00:29:58.414633+00:00
790,5397072766,294.64,0.02,buy,False,2022-11-10T00:29:58.414633+00:00
791,5397069578,299.61,0.01,sell,False,2022-11-10T00:29:44.435545+00:00
792,5397069419,299.61,0.02,sell,False,2022-11-10T00:29:44.006153+00:00
793,5397069363,299.61,0.02,sell,False,2022-11-10T00:29:43.632078+00:00
794,5397069151,299.61,0.02,sell,False,2022-11-10T00:29:43.266282+00:00
795,5396746280,299.61,0.01,sell,False,2022-11-10T00:00:39.609249+00:00
796,5396744414,291.58,0.01,sell,False,2022-11-10T00:00:31.801913+00:00
797,5396744413,292.53,0.02,sell,False,2022-11-10T00:00:31.801913+00:00
798,5396744412,293.58,0.02,sell,False,2022-11-10T00:00:31.801913+00:00
799,5396744411,294.64,0.02,sell,False,2022-11-10T00:00:31.801913+00:00
800,5396744410,295.71,0.02,sell,False,2022-11-10T00:00:31.801913+00:00
801,5396744409,296.77,0.02,sell,False,2022-11-10T00:00:31.801913+00:00
802,5396744408,297.85,0.02,sell,False,2022-11-10T00:00:31.801913+00:00
803,5396744407,298.92,0.02,sell,False,2022-11-10T00:00:31.801913+00:00
804,5396744406,300.0,0.02,sell,False,2022-11-10T00:00:31.801913+00:00
805,5396744405,301.08,0.02,sell,False,2022-11-10T00:00:31.801913+00:00
806,5396744404,301.2,0.07,sell,False,2022-11-10T00:00:31.801913+00:00
807,5396744403,302.16,0.02,sell,False,2022-11-10T00:00:31.801913+00:00
808,5396744402,305.43,0.02,sell,False,2022-11-10T00:00:31.801913+00:00
809,5396435277,303.25,0.02,buy,False,2022-11-09T23:32:22.654152+00:00
810,5396425739,301.08,0.01,buy,False,2022-11-09T23:31:43.753171+00:00
811,5396417094,300.0,0.02,buy,False,2022-11-09T23:31:04.758862+00:00
812,5396417093,299.38,0.12,buy,False,2022-11-09T23:31:04.758862+00:00
813,5396417092,298.92,0.02,buy,False,2022-11-09T23:31:04.758862+00:00
814,5396417091,297.85,0.02,buy,False,2022-11-09T23:31:04.758862+00:00
815,5396417090,296.77,0.02,buy,False,2022-11-09T23:31:04.758862+00:00
816,5396417089,295.71,0.02,buy,False,2022-11-09T23:31:04.758862+00:00
817,5396417088,294.64,0.02,buy,False,2022-11-09T23:31:04.758862+00:00
818,5396417087,293.7,0.11,buy,False,2022-11-09T23:31:04.758862+00:00
819,5396417086,293.58,0.02,buy,False,2022-11-09T23:31:04.758862+00:00
820,5396417085,292.53,0.02,buy,False,2022-11-09T23:31:04.758862+00:00
821,5396417084,291.57,0.12,buy,False,2022-11-09T23:31:04.758862+00:00
822,5396417083,291.48,0.02,buy,False,2022-11-09T23:31:04.758862+00:00
823,5396417082,290.43,0.02,buy,False,2022-11-09T23:31:04.758862+00:00
824,5396417081,289.0,0.48,buy,False,2022-11-09T23:31:04.758862+00:00
825,5396417080,288.64,0.01,buy,False,2022-11-09T23:31:04.758862+00:00
826,5396417079,288.64,0.09,buy,False,2022-11-09T23:31:04.758862+00:00
827,5396103351,288.64,0.07,sell,False,2022-11-09T23:09:02.960979+00:00
828,5396103066,289.38,0.02,sell,False,2022-11-09T23:09:02.114621+00:00
829,5396059297,290.43,0.02,buy,False,2022-11-09T23:06:06.985888+00:00
830,5396049143,289.38,0.02,buy,False,2022-11-09T23:05:22.943703+00:00
831,5396038636,288.4,0.04,buy,False,2022-11-09T23:04:36.919322+00:00
832,5395984722,288.34,0.02,buy,False,2022-11-09T23:00:39.946972+00:00
833,5395932861,287.31,0.02,buy,False,2022-11-09T22:55:37.078544+00:00
834,5395932860,286.27,0.02,buy,False,2022-11-09T22:55:37.078544+00:00
835,5395930236,285.24,0.02,buy,False,2022-11-09T22:55:11.856490+00:00
836,5395928150,284.22,0.34,buy,False,2022-11-09T22:54:54.317455+00:00
837,5395783606,284.22,0.02,buy,False,2022-11-09T22:41:29.302788+00:00
838,5395777807,283.77,0.08,buy,False,2022-11-09T22:40:49.430927+00:00
839,5395734414,283.77,0.04,buy,False,2022-11-09T22:36:22.547690+00:00
840,5395725866,283.3,0.63,buy,False,2022-11-09T22:35:43.927129+00:00
841,5395692491,283.3,0.35,buy,False,2022-11-09T22:33:21.480448+00:00
842,5395686315,283.3,0.2,buy,False,2022-11-09T22:32:46.730782+00:00
843,5395631450,283.3,0.7,buy,False,2022-11-09T22:28:20.307978+00:00
844,5395626254,283.3,0.54,buy,False,2022-11-09T22:27:50.804031+00:00
845,5395626253,283.2,0.02,buy,False,2022-11-09T22:27:50.804031+00:00
846,5395626252,282.18,0.02,buy,False,2022-11-09T22:27:50.804031+00:00
847,5395626251,281.16,0.02,buy,False,2022-11-09T22:27:50.804031+00:00
848,5395626250,280.15,0.02,buy,False,2022-11-09T22:27:50.804031+00:00
849,5395626249,279.14,0.02,buy,False,2022-11-09T22:27:50.804031+00:00
850,5395626248,278.14,0.02,buy,False,2022-11-09T22:27:50.804031+00:00
851,5395626247,277.14,0.02,buy,False,2022-11-09T22:27:50.804031+00:00
852,5395626246,276.14,0.02,buy,False,2022-11-09T22:27:50.804031+00:00
853,5395614181,275.97,0.12,buy,False,2022-11-09T22:26:49.255789+00:00
854,5395614180,275.15,0.02,buy,False,2022-11-09T22:26:49.255789+00:00
855,5395614179,274.16,0.02,buy,False,2022-11-09T22:26:49.255789+00:00
856,5395614178,273.17,0.02,buy,False,2022-11-09T22:26:49.255789+00:00
857,5395607638,272.19,0.02,buy,False,2022-11-09T22:26:11.897315+00:00
858,5395607637,271.21,0.02,buy,False,2022-11-09T22:26:11.897315+00:00
859,5395607636,270.24,0.02,buy,False,2022-11-09T22:26:11.897315+00:00
860,5395607635,269.27,0.02,buy,False,2022-11-09T22:26:11.897315+00:00
861,5395599770,268.3,0.02,buy,False,2022-11-09T22:25:29.763205+00:00
862,5395599769,268.16,0.12,buy,False,2022-11-09T22:25:29.763205+00:00
863,5395599768,268.15,0.11,buy,False,2022-11-09T22:25:29.763205+00:00
864,5395599767,267.33,0.02,buy,False,2022-11-09T22:25:29.763205+00:00
865,5395585405,266.37,0.02,buy,False,2022-11-09T22:24:05.776532+00:00
866,5395550802,265.41,0.02,buy,False,2022-11-09T22:21:08.627784+00:00
867,5395548568,264.46,0.02,buy,False,2022-11-09T22:20:54.536000+00:00
868,5395548567,263.51,0.02,buy,False,2022-11-09T22:20:54.536000+00:00
869,5395548566,262.56,0.02,buy,False,2022-11-09T22:20:54.536000+00:00
870,5395546665,261.62,0.02,buy,False,2022-11-09T22:20:41.884850+00:00
871,5395546664,260.67,0.02,buy,False,2022-11-09T22:20:41.884850+00:00
872,5395539792,260.01,0.11,sell,False,2022-11-09T22:20:07.238070+00:00
873,5395536531,259.74,0.02,buy,False,2022-11-09T22:19:48.316743+00:00
874,5395536530,258.8,0.02,buy,False,2022-11-09T22:19:48.316743+00:00
875,5395536529,257.87,0.16,buy,False,2022-11-09T22:19:48.316743+00:00
876,5395536528,257.87,0.02,buy,False,2022-11-09T22:19:48.316743+00:00
877,5395536527,257.86,0.36,buy,False,2022-11-09T22:19:48.316743+00:00
878,5395286010,256.55,0.11,sell,False,2022-11-09T22:02:03.727670+00:00
879,5395286009,256.95,0.02,sell,False,2022-11-09T22:02:03.727670+00:00
880,5395286008,257.87,0.02,sell,False,2022-11-09T22:02:03.727670+00:00
881,5395286007,258.8,0.02,sell,False,2022-11-09T22:02:03.727670+00:00
882,5395286006,259.74,0.02,sell,False,2022-11-09T22:02:03.727670+00:00
883,5395286005,260.36,0.08,sell,False,2022-11-09T22:02:03.727670+00:00
884,5395286004,263.62,0.38,sell,False,2022-11-09T22:02:03.727670+00:00
885,5395157997,260.36,0.04,sell,False,2022-11-09T21:54:06.395425+00:00
886,5395143643,260.43,0.11,sell,False,2022-11-09T21:53:22.246930+00:00
887,5395129433,260.43,0.08,sell,False,2022-11-09T21:52:37.315428+00:00
888,5395129432,260.67,0.02,sell,False,2022-11-09T21:52:37.315428+00:00
889,5395129431,261.62,0.02,sell,False,2022-11-09T21:52:37.315428+00:00
890,5395129430,262.56,0.02,sell,False,2022-11-09T21:52:37.315428+00:00
891,5395129429,263.51,0.02,sell,False,2022-11-09T21:52:37.315428+00:00
892,5395126412,264.13,0.18,sell,True,2022-11-09T21:52:30.394115+00:00
893,5395126411,264.14,0.31,sell,True,2022-11-09T21:52:30.394115+00:00
894,5395125798,264.14,0.05,sell,False,2022-11-09T21:52:28.781043+00:00
895,5395125130,264.46,0.02,sell,True,2022-11-09T21:52:26.169024+00:00
896,5395116932,265.41,0.02,sell,False,2022-11-09T21:52:03.580142+00:00
897,5395104973,266.37,0.02,sell,False,2022-11-09T21:51:20.288475+00:00
898,5395096177,267.33,0.02,sell,False,2022-11-09T21:50:45.538270+00:00
899,5395087503,267.65,0.17,sell,False,2022-11-09T21:50:05.179763+00:00
900,5395084317,267.71,0.4,sell,False,2022-11-09T21:49:53.251462+00:00
901,5395078674,268.16,0.1,sell,False,2022-11-09T21:49:31.456228+00:00
902,5394944674,269.63,0.02,buy,False,2022-11-09T21:41:55.382015+00:00
903,5394944673,269.62,0.36,buy,False,2022-11-09T21:41:55.382015+00:00
904,5394840979,268.16,0.02,sell,False,2022-11-09T21:35:21.249795+00:00
905,5394821766,268.17,0.01,buy,False,2022-11-09T21:34:39.679844+00:00
906,5394819172,268.17,0.25,sell,False,2022-11-09T21:34:33.058810+00:00
907,5394806622,268.3,0.02,sell,False,2022-11-09T21:33:59.907991+00:00
908,5394795599,269.27,0.02,sell,False,2022-11-09T21:33:25.091774+00:00
909,5394780530,270.24,0.02,sell,False,2022-11-09T21:32:20.107661+00:00
910,5394770539,271.01,0.04,sell,False,2022-11-09T21:31:43.267961+00:00
911,5394740273,271.94,0.25,sell,False,2022-11-09T21:30:20.213756+00:00
912,5394739851,271.02,0.12,buy,False,2022-11-09T21:30:19.519993+00:00
913,5394736401,271.01,0.12,sell,False,2022-11-09T21:30:14.070105+00:00
914,5394725912,271.02,0.29,sell,False,2022-11-09T21:29:53.227008+00:00
915,5394717841,271.21,0.02,sell,False,2022-11-09T21:29:31.236153+00:00
916,5394702245,272.19,0.02,sell,False,2022-11-09T21:28:51.940807+00:00
917,5394682880,273.17,0.02,sell,False,2022-11-09T21:28:05.278500+00:00
918,5394671209,274.16,0.02,sell,False,2022-11-09T21:27:29.542641+00:00
919,5394654477,274.2,0.15,sell,False,2022-11-09T21:26:43.642915+00:00
920,5394642204,274.21,0.06,sell,False,2022-11-09T21:26:04.969856+00:00
921,5394642203,275.15,0.02,sell,False,2022-11-09T21:26:04.969856+00:00
922,5394642120,276.14,0.02,sell,False,2022-11-09T21:26:04.554594+00:00
923,5394636809,277.14,0.02,sell,False,2022-11-09T21:25:40.644980+00:00
924,5394636808,277.24,0.14,sell,False,2022-11-09T21:25:40.644980+00:00
925,5394636807,278.14,0.02,sell,False,2022-11-09T21:25:40.644980+00:00
926,5394629040,279.14,0.02,sell,False,2022-11-09T21:25:07.732929+00:00
927,5394618190,280.14,0.13,sell,False,2022-11-09T21:24:26.106048+00:00
928,5394618189,280.15,0.02,sell,False,2022-11-09T21:24:26.106048+00:00
929,5394618188,280.57,0.54,sell,False,2022-11-09T21:24:26.106048+00:00
930,5394611424,281.16,0.02,sell,False,2022-11-09T21:24:06.237338+00:00
931,5394602518,282.9,0.01,sell,False,2022-11-09T21:23:38.755600+00:00
932,5394462641,282.18,0.02,buy,False,2022-11-09T21:15:49.328323+00:00
933,5394462640,281.85,0.1,buy,False,2022-11-09T21:15:49.328323+00:00
934,5394223528,281.85,0.12,buy,False,2022-11-09T21:01:07.452292+00:00
935,5394220955,281.85,0.11,buy,False,2022-11-09T21:00:55.348581+00:00
936,5394220572,281.85,0.03,buy,False,2022-11-09T21:00:52.462771+00:00
937,5394220571,281.84,0.08,buy,False,2022-11-09T21:00:52.462771+00:00
938,5394220067,281.84,0.1,buy,False,2022-11-09T21:00:49.312346+00:00
939,5393972325,281.84,0.06,buy,False,2022-11-09T20:45:45.056724+00:00
940,5393972324,281.16,0.02,buy,False,2022-11-09T20:45:45.056724+00:00
941,5393972323,280.15,0.02,buy,False,2022-11-09T20:45:45.056724+00:00
942,5393957857,279.79,0.02,sell,False,2022-11-09T20:44:59.518166+00:00
943,5393957538,279.79,0.02,sell,False,2022-11-09T20:44:59.130357+00:00
944,5393957324,279.79,0.02,sell,False,2022-11-09T20:44:58.372345+00:00
945,5393957184,279.79,0.02,sell,False,2022-11-09T20:44:57.648584+00:00
946,5393956899,279.79,0.02,sell,False,2022-11-09T20:44:56.866455+00:00
947,5393956735,279.79,0.02,sell,False,2022-11-09T20:44:56.176768+00:00
948,5393956404,279.79,0.02,sell,False,2022-11-09T20:44:55.490069+00:00
949,5393956182,279.79,0.02,sell,False,2022-11-09T20:44:54.630748+00:00
950,5393955989,279.79,0.02,sell,False,2022-11-09T20:44:53.889043+00:00
951,5393876257,283.76,0.06,buy,False,2022-11-09T20:41:09.484831+00:00
952,5393876241,283.76,0.04,buy,False,2022-11-09T20:41:09.432083+00:00
953,5393876240,280.81,0.02,buy,False,2022-11-09T20:41:09.432083+00:00
954,5393871201,270.24,0.02,sell,False,2022-11-09T20:40:58.736730+00:00
955,5393871200,271.21,0.02,sell,False,2022-11-09T20:40:58.736730+00:00
956,5393871199,272.19,0.02,sell,False,2022-11-09T20:40:58.736730+00:00
957,5393871198,273.17,0.02,sell,False,2022-11-09T20:40:58.736730+00:00
958,5393871197,274.16,0.02,sell,False,2022-11-09T20:40:58.736730+00:00
959,5393871196,275.15,0.02,sell,False,2022-11-09T20:40:58.736730+00:00
960,5393871195,275.97,0.12,sell,False,2022-11-09T20:40:58.736730+00:00
961,5393871194,276.14,0.02,sell,False,2022-11-09T20:40:58.736730+00:00
962,5393871193,277.14,0.02,sell,False,2022-11-09T20:40:58.736730+00:00
963,5393871192,278.14,0.02,sell,False,2022-11-09T20:40:58.736730+00:00
964,5393871191,279.14,0.02,sell,False,2022-11-09T20:40:58.736730+00:00
965,5393871190,280.8,0.95,sell,False,2022-11-09T20:40:58.736730+00:00
966,5393859714,280.81,0.34,sell,False,2022-11-09T20:40:27.442388+00:00
967,5393850704,280.8,0.34,sell,False,2022-11-09T20:39:56.375280+00:00
968,5393850244,280.0,1.86,buy,False,2022-11-09T20:39:54.827015+00:00
969,5393850120,280.15,0.02,sell,False,2022-11-09T20:39:53.637204+00:00
970,5393850119,281.16,0.02,sell,False,2022-11-09T20:39:53.637204+00:00
971,5393850118,282.18,0.02,sell,False,2022-11-09T20:39:53.637204+00:00
972,5393850117,283.2,0.02,sell,False,2022-11-09T20:39:53.637204+00:00
973,5393850116,283.77,0.12,sell,False,2022-11-09T20:39:53.637204+00:00
974,5393849219,284.22,0.02,sell,False,2022-11-09T20:39:45.760208+00:00
975,5393847245,285.24,0.02,sell,False,2022-11-09T20:39:31.459038+00:00
976,5393847244,285.26,4.91,sell,False,2022-11-09T20:39:31.459038+00:00
977,5393846110,285.26,6.6,sell,False,2022-11-09T20:39:22.826751+00:00
978,5393846109,286.27,0.02,sell,False,2022-11-09T20:39:22.826751+00:00
979,5393846108,287.31,0.02,sell,False,2022-11-09T20:39:22.826751+00:00
980,5393846107,288.34,0.02,sell,False,2022-11-09T20:39:22.826751+00:00
981,5393846106,289.38,0.02,sell,False,2022-11-09T20:39:22.826751+00:00
982,5393845236,290.0,0.09,buy,False,2022-11-09T20:39:16.751939+00:00
983,5393844478,290.43,0.02,sell,False,2022-11-09T20:39:12.553878+00:00
984,5393844477,291.48,0.02,sell,False,2022-11-09T20:39:12.553878+00:00
985,5393844476,292.53,0.02,sell,False,2022-11-09T20:39:12.553878+00:00
986,5393844475,293.58,0.02,sell,False,2022-11-09T20:39:12.553878+00:00
987,5393844474,294.64,0.02,sell,False,2022-11-09T20:39:12.553878+00:00
988,5393844473,295.71,0.02,sell,False,2022-11-09T20:39:12.553878+00:00
989,5393844472,296.77,0.02,sell,False,2022-11-09T20:39:12.553878+00:00
990,5393844471,298.87,0.07,sell,False,2022-11-09T20:39:12.553878+00:00
991,5393651392,297.85,0.02,buy,False,2022-11-09T20:21:33.185612+00:00
992,5393650853,296.77,0.02,buy,False,2022-11-09T20:21:29.813585+00:00
993,5393650852,294.64,0.02,buy,False,2022-11-09T20:21:29.813585+00:00
994,5393650851,293.58,0.02,buy,False,2022-11-09T20:21:29.813585+00:00
995,5393650850,292.53,0.02,buy,False,2022-11-09T20:21:29.813585+00:00
996,5393648950,285.26,0.02,sell,False,2022-11-09T20:21:23.841934+00:00
997,5393648291,285.26,0.02,sell,False,2022-11-09T20:21:22.738613+00:00
998,5393648201,285.26,0.02,sell,False,2022-11-09T20:21:22.308453+00:00
999,5393648131,285.26,0.02,sell,False,2022-11-09T20:21:21.797753+00:00
1000,5393648075,285.26,0.02,sell,False,2022-11-09T20:21:21.234872+00:00
1001,5393648016,285.26,0.02,sell,False,2022-11-09T20:21:20.761688+00:00
1002,5393647936,291.57,0.02,sell,False,2022-11-09T20:21:20.151304+00:00
1003,5393647891,291.57,0.02,sell,False,2022-11-09T20:21:19.637522+00:00
1004,5393647793,291.57,0.02,sell,False,2022-11-09T20:21:19.129365+00:00
1005,5393647688,291.57,0.02,sell,False,2022-11-09T20:21:18.540321+00:00
1006,5393647543,291.57,0.02,sell,False,2022-11-09T20:21:17.879236+00:00
1007,5393647443,291.57,0.02,sell,False,2022-11-09T20:21:17.417626+00:00
1008,5393646571,302.52,0.01,sell,False,2022-11-09T20:21:13.073721+00:00
1009,5393646488,302.52,0.02,sell,False,2022-11-09T20:21:12.664528+00:00
1010,5393645501,299.38,0.05,buy,False,2022-11-09T20:21:08.260671+00:00
1011,5393644478,304.21,0.07,sell,False,2022-11-09T20:21:04.979296+00:00
1012,5393643722,285.26,3.15,sell,False,2022-11-09T20:21:02.304400+00:00
1013,5393643630,285.26,0.64,sell,False,2022-11-09T20:21:01.646789+00:00
1014,5393643629,291.57,0.12,sell,False,2022-11-09T20:21:01.646789+00:00
1015,5393643628,291.58,0.04,sell,False,2022-11-09T20:21:01.646789+00:00
1016,5393643627,295.71,0.02,sell,False,2022-11-09T20:21:01.646789+00:00
1017,5393643626,296.77,0.02,sell,False,2022-11-09T20:21:01.646789+00:00
1018,5393643625,297.85,0.02,sell,False,2022-11-09T20:21:01.646789+00:00
1019,5393643624,298.92,0.02,sell,False,2022-11-09T20:21:01.646789+00:00
1020,5393643623,300.0,0.02,sell,False,2022-11-09T20:21:01.646789+00:00
1021,5393643622,301.08,0.02,sell,False,2022-11-09T20:21:01.646789+00:00
1022,5393643621,302.16,0.02,sell,False,2022-11-09T20:21:01.646789+00:00
1023,5393643620,304.34,0.02,sell,False,2022-11-09T20:21:01.646789+00:00
1024,5393643619,305.83,0.04,sell,False,2022-11-09T20:21:01.646789+00:00
1025,5393537284,305.83,0.03,sell,False,2022-11-09T20:08:33.909886+00:00
1026,5393492007,307.17,0.04,buy,False,2022-11-09T20:04:23.858736+00:00
1027,5393486860,306.68,0.33,sell,False,2022-11-09T20:03:55.485280+00:00
1028,5393486802,306.68,0.33,sell,False,2022-11-09T20:03:55.052801+00:00
1029,5393486759,306.68,0.33,sell,False,2022-11-09T20:03:54.736946+00:00
1030,5393485545,306.68,0.33,sell,False,2022-11-09T20:03:49.130695+00:00
1031,5393485503,306.68,0.34,sell,False,2022-11-09T20:03:48.748345+00:00
1032,5393485469,306.68,0.34,sell,False,2022-11-09T20:03:48.396275+00:00
1033,5393485445,306.68,0.34,sell,False,2022-11-09T20:03:48.018721+00:00
1034,5393485396,306.69,0.26,sell,False,2022-11-09T20:03:47.637802+00:00
1035,5393485395,306.69,0.08,sell,False,2022-11-09T20:03:47.637802+00:00
1036,5393484206,306.68,0.08,sell,False,2022-11-09T20:03:41.584308+00:00
1037,5393483810,305.43,0.02,buy,False,2022-11-09T20:03:39.573184+00:00
1038,5393483809,304.34,0.02,buy,False,2022-11-09T20:03:39.573184+00:00
1039,5393483808,302.16,0.02,buy,False,2022-11-09T20:03:39.573184+00:00
1040,5393483807,301.08,0.02,buy,False,2022-11-09T20:03:39.573184+00:00
1041,5393483806,300.0,0.02,buy,False,2022-11-09T20:03:39.573184+00:00
1042,5393483805,299.38,0.12,buy,False,2022-11-09T20:03:39.573184+00:00
1043,5393483804,298.92,0.02,buy,False,2022-11-09T20:03:39.573184+00:00
1044,5393483803,298.4,0.11,buy,False,2022-11-09T20:03:39.573184+00:00
1045,5393483802,298.28,0.34,buy,False,2022-11-09T20:03:39.573184+00:00
1046,5393483801,297.85,0.02,buy,False,2022-11-09T20:03:39.573184+00:00
1047,5393483800,297.26,0.34,buy,False,2022-11-09T20:03:39.573184+00:00
1048,5393483799,296.77,0.02,buy,False,2022-11-09T20:03:39.573184+00:00
1049,5393483798,296.24,0.34,buy,False,2022-11-09T20:03:39.573184+00:00
1050,5393483797,295.71,0.02,buy,False,2022-11-09T20:03:39.573184+00:00
1051,5393483796,295.22,0.34,buy,False,2022-11-09T20:03:39.573184+00:00
1052,5393483795,294.2,0.34,buy,False,2022-11-09T20:03:39.573184+00:00
1053,5393483794,291.57,0.12,buy,False,2022-11-09T20:03:39.573184+00:00
1054,5393483793,291.56,0.27,buy,False,2022-11-09T20:03:39.573184+00:00
1055,5393474616,291.56,0.08,buy,False,2022-11-09T20:02:42.658249+00:00
1056,5393470921,278.3,3.41,sell,False,2022-11-09T20:02:27.050777+00:00
1057,5393470920,279.14,0.02,sell,False,2022-11-09T20:02:27.050777+00:00
1058,5393470919,280.15,0.02,sell,False,2022-11-09T20:02:27.050777+00:00
1059,5393470918,281.16,0.02,sell,False,2022-11-09T20:02:27.050777+00:00
1060,5393470917,282.18,0.02,sell,False,2022-11-09T20:02:27.050777+00:00
1061,5393470916,283.2,0.02,sell,False,2022-11-09T20:02:27.050777+00:00
1062,5393470915,283.77,0.12,sell,False,2022-11-09T20:02:27.050777+00:00
1063,5393470914,284.22,0.02,sell,False,2022-11-09T20:02:27.050777+00:00
1064,5393470913,285.24,0.02,sell,False,2022-11-09T20:02:27.050777+00:00
1065,5393470912,286.27,0.02,sell,False,2022-11-09T20:02:27.050777+00:00
1066,5393470911,287.31,0.02,sell,False,2022-11-09T20:02:27.050777+00:00
1067,5393470910,288.34,0.02,sell,False,2022-11-09T20:02:27.050777+00:00
1068,5393470909,289.38,0.02,sell,False,2022-11-09T20:02:27.050777+00:00
1069,5393470908,290.43,0.02,sell,False,2022-11-09T20:02:27.050777+00:00
1070,5393470907,291.48,0.02,sell,False,2022-11-09T20:02:27.050777+00:00
1071,5393470906,292.53,0.02,sell,False,2022-11-09T20:02:27.050777+00:00
1072,5393470905,293.26,0.07,sell,False,2022-11-09T20:02:27.050777+00:00
1073,5393470904,293.58,0.02,sell,False,2022-11-09T20:02:27.050777+00:00
1074,5393470903,294.06,22.15,sell,False,2022-11-09T20:02:27.050777+00:00
1075,5393466511,294.06,0.35,sell,False,2022-11-09T20:02:10.038090+00:00
1076,5393465066,294.06,0.35,sell,False,2022-11-09T20:02:04.209290+00:00
1077,5393464844,294.06,0.35,sell,False,2022-11-09T20:02:03.851752+00:00
1078,5393464762,294.06,0.35,sell,False,2022-11-09T20:02:03.503516+00:00
1079,5393464698,294.06,0.35,sell,False,2022-11-09T20:02:03.121976+00:00
1080,5393464557,294.06,0.35,sell,False,2022-11-09T20:02:02.664691+00:00
1081,5393461944,294.06,0.35,sell,False,2022-11-09T20:01:49.512585+00:00
1082,5393461640,294.06,0.35,sell,False,2022-11-09T20:01:48.405065+00:00
1083,5393461556,294.06,0.36,sell,False,2022-11-09T20:01:48.032035+00:00
1084,5393461448,294.06,0.36,sell,False,2022-11-09T20:01:47.650049+00:00
1085,5393461373,294.06,0.36,sell,False,2022-11-09T20:01:47.202733+00:00
1086,5393460430,294.06,0.07,sell,False,2022-11-09T20:01:42.136146+00:00
1087,5393460224,294.06,0.36,sell,False,2022-11-09T20:01:40.804727+00:00
1088,5393460147,294.06,0.36,sell,False,2022-11-09T20:01:40.441761+00:00
1089,5393460008,294.06,0.36,sell,False,2022-11-09T20:01:39.993307+00:00
1090,5393459914,294.06,0.36,sell,False,2022-11-09T20:01:39.581700+00:00
1091,5393459813,294.06,0.34,sell,False,2022-11-09T20:01:39.173671+00:00
1092,5393459812,294.64,0.02,sell,False,2022-11-09T20:01:39.173671+00:00
1093,5393459281,294.64,0.02,buy,False,2022-11-09T20:01:36.725542+00:00
1094,5393457038,294.06,0.06,sell,False,2022-11-09T20:01:28.153274+00:00
1095,5393456392,294.06,0.37,sell,False,2022-11-09T20:01:24.935295+00:00
1096,5393456283,294.06,0.37,sell,False,2022-11-09T20:01:24.212985+00:00
1097,5393456170,294.06,0.37,sell,False,2022-11-09T20:01:23.635891+00:00
1098,5393456036,294.06,0.37,sell,False,2022-11-09T20:01:23.208450+00:00
1099,5393456030,294.06,0.04,sell,False,2022-11-09T20:01:23.172059+00:00
1100,5393455955,294.06,0.1,sell,False,2022-11-09T20:01:22.755837+00:00
1101,5393455954,294.07,0.27,sell,False,2022-11-09T20:01:22.755837+00:00
1102,5393455687,294.07,0.04,sell,False,2022-11-09T20:01:21.496989+00:00
1103,5393455645,294.07,0.04,sell,False,2022-11-09T20:01:21.185347+00:00
1104,5393451577,293.58,0.02,buy,False,2022-11-09T20:01:06.008851+00:00
1105,5393451576,292.53,0.02,buy,False,2022-11-09T20:01:06.008851+00:00
1106,5393451575,291.57,0.12,buy,False,2022-11-09T20:01:06.008851+00:00
1107,5393451574,291.48,0.02,buy,False,2022-11-09T20:01:06.008851+00:00
1108,5393451573,290.43,0.02,buy,False,2022-11-09T20:01:06.008851+00:00
1109,5393451572,289.38,0.02,buy,False,2022-11-09T20:01:06.008851+00:00
1110,5393451571,288.34,0.02,buy,False,2022-11-09T20:01:06.008851+00:00
1111,5393451570,287.31,0.02,buy,False,2022-11-09T20:01:06.008851+00:00
1112,5393451569,286.27,0.02,buy,False,2022-11-09T20:01:06.008851+00:00
1113,5393451568,285.24,0.02,buy,False,2022-11-09T20:01:06.008851+00:00
1114,5393451567,284.22,0.02,buy,False,2022-11-09T20:01:06.008851+00:00
1115,5393451566,283.77,0.12,buy,False,2022-11-09T20:01:06.008851+00:00
1116,5393451565,283.2,0.02,buy,False,2022-11-09T20:01:06.008851+00:00
1117,5393451564,282.18,0.02,buy,False,2022-11-09T20:01:06.008851+00:00
1118,5393451563,282.15,0.08,buy,False,2022-11-09T20:01:06.008851+00:00
1119,5393451562,281.16,0.02,buy,False,2022-11-09T20:01:06.008851+00:00
1120,5393451561,280.15,0.02,buy,False,2022-11-09T20:01:06.008851+00:00
1121,5393451560,279.14,0.02,buy,False,2022-11-09T20:01:06.008851+00:00
1122,5393451559,278.14,0.02,buy,False,2022-11-09T20:01:06.008851+00:00
1123,5393451558,277.66,0.34,buy,False,2022-11-09T20:01:06.008851+00:00
1124,5393451557,277.14,0.02,buy,False,2022-11-09T20:01:06.008851+00:00
1125,5393451556,276.36,0.3,buy,False,2022-11-09T20:01:06.008851+00:00
1126,5393451555,276.33,0.09,buy,False,2022-11-09T20:01:06.008851+00:00
1127,5393451554,276.14,0.02,buy,False,2022-11-09T20:01:06.008851+00:00
1128,5393451553,275.97,0.12,buy,False,2022-11-09T20:01:06.008851+00:00
1129,5393451552,275.15,0.02,buy,False,2022-11-09T20:01:06.008851+00:00
1130,5393451551,274.16,0.02,buy,False,2022-11-09T20:01:06.008851+00:00
1131,5393451550,273.17,0.02,buy,False,2022-11-09T20:01:06.008851+00:00
1132,5393451549,272.19,0.02,buy,False,2022-11-09T20:01:06.008851+00:00
1133,5393451548,271.81,0.37,buy,False,2022-11-09T20:01:06.008851+00:00
1134,5393451547,271.56,0.3,buy,False,2022-11-09T20:01:06.008851+00:00
1135,5393451546,271.21,0.02,buy,False,2022-11-09T20:01:06.008851+00:00
1136,5393451545,270.79,0.37,buy,False,2022-11-09T20:01:06.008851+00:00
1137,5393451544,270.78,0.38,buy,False,2022-11-09T20:01:06.008851+00:00
1138,5393451543,270.24,0.02,buy,False,2022-11-09T20:01:06.008851+00:00
1139,5393451542,269.77,0.38,buy,False,2022-11-09T20:01:06.008851+00:00
1140,5393451541,269.27,0.02,buy,False,2022-11-09T20:01:06.008851+00:00
1141,5393451540,268.75,0.38,buy,False,2022-11-09T20:01:06.008851+00:00
1142,5393451539,268.3,0.02,buy,False,2022-11-09T20:01:06.008851+00:00
1143,5393451538,268.16,0.12,buy,False,2022-11-09T20:01:06.008851+00:00
1144,5393451537,267.9,0.09,buy,False,2022-11-09T20:01:06.008851+00:00
1145,5393451536,267.74,0.36,buy,False,2022-11-09T20:01:06.008851+00:00
1146,5393450938,267.74,0.02,buy,False,2022-11-09T20:01:04.044059+00:00
1147,5393442019,267.33,0.02,buy,False,2022-11-09T20:00:27.508395+00:00
1148,5393436826,266.89,0.38,sell,False,2022-11-09T20:00:07.420242+00:00
1149,5393435215,266.88,0.38,sell,False,2022-11-09T20:00:00.637534+00:00
1150,5393435050,266.88,0.38,sell,False,2022-11-09T20:00:00.293169+00:00
1151,5393434971,266.88,0.38,sell,False,2022-11-09T19:59:59.867575+00:00
1152,5393434798,266.88,0.39,sell,False,2022-11-09T19:59:58.813770+00:00
1153,5393434717,266.88,0.39,sell,False,2022-11-09T19:59:58.448784+00:00
1154,5393434133,266.37,0.02,buy,False,2022-11-09T19:59:53.162796+00:00
1155,5393434132,266.0,0.15,buy,False,2022-11-09T19:59:53.162796+00:00
1156,5393434131,265.41,0.02,buy,False,2022-11-09T19:59:53.162796+00:00
1157,5393434130,265.0,0.1,buy,False,2022-11-09T19:59:53.162796+00:00
1158,5393434129,264.78,0.81,buy,False,2022-11-09T19:59:53.162796+00:00
1159,5393434128,264.46,0.02,buy,False,2022-11-09T19:59:53.162796+00:00
1160,5393434127,263.51,0.02,buy,False,2022-11-09T19:59:53.162796+00:00
1161,5393434126,262.56,0.02,buy,False,2022-11-09T19:59:53.162796+00:00
1162,5393434125,261.62,0.02,buy,False,2022-11-09T19:59:53.162796+00:00
1163,5393434124,260.67,0.02,buy,False,2022-11-09T19:59:53.162796+00:00
1164,5393434123,260.61,0.39,buy,False,2022-11-09T19:59:53.162796+00:00
1165,5393434122,259.74,0.02,buy,False,2022-11-09T19:59:53.162796+00:00
1166,5393434121,259.59,0.39,buy,False,2022-11-09T19:59:53.162796+00:00
1167,5393434120,258.8,0.02,buy,False,2022-11-09T19:59:53.162796+00:00
1168,5393434119,258.57,0.39,buy,False,2022-11-09T19:59:53.162796+00:00
1169,5393434118,257.87,0.02,buy,False,2022-11-09T19:59:53.162796+00:00
1170,5393434117,257.56,0.39,buy,False,2022-11-09T19:59:53.162796+00:00
1171,5393434116,256.95,0.02,buy,False,2022-11-09T19:59:53.162796+00:00
1172,5393434115,256.54,0.39,buy,False,2022-11-09T19:59:53.162796+00:00
1173,5393434114,256.53,0.4,buy,False,2022-11-09T19:59:53.162796+00:00
1174,5393434113,256.02,0.02,buy,False,2022-11-09T19:59:53.162796+00:00
1175,5392952242,255.16,0.01,buy,False,2022-11-09T19:15:54.743736+00:00
1176,5392896908,255.52,0.4,buy,False,2022-11-09T19:10:55.024700+00:00
1177,5392799637,254.58,0.39,sell,False,2022-11-09T19:03:50.783038+00:00
1178,5392796412,254.21,3.05,sell,False,2022-11-09T19:03:36.223625+00:00
1179,5392796411,254.69,9.33,sell,False,2022-11-09T19:03:36.223625+00:00
1180,5392796410,254.84,0.12,sell,False,2022-11-09T19:03:36.223625+00:00
1181,5392796409,254.86,0.8,sell,False,2022-11-09T19:03:36.223625+00:00
1182,5392796408,255.1,0.02,sell,False,2022-11-09T19:03:36.223625+00:00
1183,5392796407,256.02,0.02,sell,False,2022-11-09T19:03:36.223625+00:00
1184,5391996396,256.95,8.7,buy,False,2022-11-09T18:13:23.805147+00:00
1185,5391996395,256.95,0.02,buy,False,2022-11-09T18:13:23.805147+00:00
1186,5390792279,256.45,0.99,buy,False,2022-11-09T16:44:29.025295+00:00
1187,5390474648,256.39,1.34,sell,False,2022-11-09T16:25:42.485602+00:00
1188,5389958367,255.23,0.11,sell,False,2022-11-09T15:56:07.976723+00:00
1189,5389785424,256.23,0.4,buy,False,2022-11-09T15:46:57.547822+00:00
1190,5389667605,255.53,4.76,sell,False,2022-11-09T15:42:40.333851+00:00
1191,5389550384,255.2,0.4,buy,False,2022-11-09T15:37:39.354202+00:00
1192,5389486274,255.59,4.8,sell,False,2022-11-09T15:36:03.460767+00:00
1193,5389486273,255.98,0.22,sell,False,2022-11-09T15:36:03.460767+00:00
1194,5389453754,255.98,0.96,sell,False,2022-11-09T15:34:30.603980+00:00
1195,5389453753,256.02,0.02,sell,False,2022-11-09T15:34:30.603980+00:00
1196,5389453752,256.95,0.02,sell,False,2022-11-09T15:34:30.603980+00:00
1197,5389184583,257.88,0.39,buy,False,2022-11-09T15:10:29.831907+00:00
1198,5389184422,257.87,0.02,buy,False,2022-11-09T15:10:29.293830+00:00
1199,5389094051,256.95,0.02,buy,False,2022-11-09T15:02:33.129828+00:00
1200,5389093840,256.85,0.27,buy,False,2022-11-09T15:02:32.602770+00:00
1201,5389075418,256.85,0.12,buy,False,2022-11-09T15:00:48.347106+00:00
1202,5388994668,255.25,0.23,sell,False,2022-11-09T14:54:03.147261+00:00
1203,5388987743,256.02,0.02,sell,False,2022-11-09T14:53:23.142589+00:00
1204,5388980121,256.72,0.11,sell,False,2022-11-09T14:52:44.277889+00:00
1205,5388971692,256.95,0.02,sell,False,2022-11-09T14:52:06.103131+00:00
1206,5388963421,257.87,0.02,sell,False,2022-11-09T14:51:29.290021+00:00
1207,5388946864,258.38,6.25,sell,False,2022-11-09T14:50:25.137274+00:00
1208,5388913265,258.52,0.1,sell,False,2022-11-09T14:48:28.186090+00:00
1209,5388902135,258.8,0.02,sell,False,2022-11-09T14:47:55.279028+00:00
1210,5388896185,259.74,0.02,sell,False,2022-11-09T14:47:32.401064+00:00
1211,5388693953,260.22,0.1,sell,False,2022-11-09T14:35:00.865348+00:00
1212,5388693952,260.67,0.02,sell,False,2022-11-09T14:35:00.865348+00:00
1213,5388624252,261.62,0.02,sell,False,2022-11-09T14:30:26.539253+00:00
1214,5388618999,262.56,0.02,sell,False,2022-11-09T14:30:02.201065+00:00
1215,5387371937,263.51,0.02,buy,False,2022-11-09T12:51:59.684859+00:00
1216,5387154229,262.9,1.18,sell,False,2022-11-09T12:39:54.681870+00:00
1217,5387060506,262.77,0.47,sell,False,2022-11-09T12:32:34.062771+00:00
1218,5387018469,262.53,0.3,sell,False,2022-11-09T12:29:24.825227+00:00
1219,5387018468,262.56,0.01,sell,False,2022-11-09T12:29:24.825227+00:00
1220,5386865067,262.56,0.01,sell,False,2022-11-09T12:18:53.962038+00:00
1221,5386680649,262.76,0.01,buy,False,2022-11-09T12:07:39.384691+00:00
1222,5386243412,262.64,2.54,sell,False,2022-11-09T11:34:43.009678+00:00
1223,5386243411,262.65,0.4,sell,False,2022-11-09T11:34:43.009678+00:00
1224,5386243410,263.51,0.02,sell,False,2022-11-09T11:34:43.009678+00:00
1225,5386243409,264.46,0.02,sell,False,2022-11-09T11:34:43.009678+00:00
1226,5386241675,266.11,2.52,buy,False,2022-11-09T11:34:36.986870+00:00
1227,5386241674,266.1,0.39,buy,False,2022-11-09T11:34:36.986870+00:00
1228,5386241673,265.41,0.02,buy,False,2022-11-09T11:34:36.986870+00:00
1229,5386241672,264.46,0.02,buy,False,2022-11-09T11:34:36.986870+00:00
1230,5386241671,263.51,0.02,buy,False,2022-11-09T11:34:36.986870+00:00
1231,5385856845,261.83,4.67,sell,False,2022-11-09T11:02:48.418212+00:00
1232,5385856844,261.85,0.09,sell,False,2022-11-09T11:02:48.418212+00:00
1233,5384645039,261.8,0.52,sell,False,2022-11-09T09:55:06.998730+00:00
1234,5384645038,261.81,0.39,sell,False,2022-11-09T09:55:06.998730+00:00
1235,5384645037,263.4,0.09,sell,False,2022-11-09T09:55:06.998730+00:00
1236,5383677098,267.44,0.04,buy,False,2022-11-09T08:57:23.430066+00:00
1237,5383657404,267.44,0.69,buy,False,2022-11-09T08:55:55.259794+00:00
1238,5383630272,267.44,0.57,buy,False,2022-11-09T08:53:17.876934+00:00
1239,5383630271,266.28,0.04,buy,False,2022-11-09T08:53:17.876934+00:00
1240,5383486117,262.56,0.02,sell,False,2022-11-09T08:42:01.403289+00:00
1241,5383486116,263.51,0.02,sell,False,2022-11-09T08:42:01.403289+00:00
1242,5383486115,264.46,0.02,sell,False,2022-11-09T08:42:01.403289+00:00
1243,5383486114,264.87,0.08,sell,False,2022-11-09T08:42:01.403289+00:00
1244,5383486113,265.41,0.02,sell,False,2022-11-09T08:42:01.403289+00:00
1245,5383480732,266.28,0.06,sell,False,2022-11-09T08:41:42.607091+00:00
1246,5383319389,266.28,0.02,sell,False,2022-11-09T08:30:37.688290+00:00
1247,5383319388,266.37,0.02,sell,False,2022-11-09T08:30:37.688290+00:00
1248,5382992504,267.45,0.04,buy,False,2022-11-09T08:07:24.086651+00:00
1249,5382978481,267.42,7.73,buy,False,2022-11-09T08:06:38.817186+00:00
1250,5382978480,267.33,0.02,buy,False,2022-11-09T08:06:38.817186+00:00
1251,5382978479,266.88,0.38,buy,False,2022-11-09T08:06:38.817186+00:00
1252,5382978478,266.37,0.02,buy,False,2022-11-09T08:06:38.817186+00:00
1253,5382978477,265.89,0.12,buy,False,2022-11-09T08:06:38.817186+00:00
1254,5382978476,265.88,0.38,buy,False,2022-11-09T08:06:38.817186+00:00
1255,5382978475,265.87,0.39,buy,False,2022-11-09T08:06:38.817186+00:00
1256,5382978474,265.41,0.02,buy,False,2022-11-09T08:06:38.817186+00:00
1257,5382978473,264.87,0.38,buy,False,2022-11-09T08:06:38.817186+00:00
1258,5382978472,264.85,0.02,buy,False,2022-11-09T08:06:38.817186+00:00
1259,5382978471,264.46,0.02,buy,False,2022-11-09T08:06:38.817186+00:00
1260,5382978470,263.51,0.02,buy,False,2022-11-09T08:06:38.817186+00:00
1261,5382978469,262.56,0.02,buy,False,2022-11-09T08:06:38.817186+00:00
1262,5382855851,261.34,17.63,sell,False,2022-11-09T07:59:19.295384+00:00
1263,5382855850,261.89,12.37,sell,False,2022-11-09T07:59:19.295384+00:00
1264,5380192117,261.16,0.03,sell,False,2022-11-09T04:18:09.424091+00:00
1265,5380192116,261.17,0.16,sell,False,2022-11-09T04:18:09.424091+00:00
1266,5380192115,261.62,0.02,sell,False,2022-11-09T04:18:09.424091+00:00
1267,5380192114,262.56,0.02,sell,False,2022-11-09T04:18:09.424091+00:00
1268,5380192113,263.51,0.02,sell,False,2022-11-09T04:18:09.424091+00:00
1269,5380017473,264.86,0.16,buy,False,2022-11-09T04:00:58.345095+00:00
1270,5380017472,264.46,0.02,buy,False,2022-11-09T04:00:58.345095+00:00
1271,5380017471,263.51,0.02,buy,False,2022-11-09T04:00:58.345095+00:00
1272,5380017470,262.56,0.02,buy,False,2022-11-09T04:00:58.345095+00:00
1273,5379888928,261.3,0.98,sell,False,2022-11-09T03:48:29.539729+00:00
1274,5379881788,261.62,0.02,sell,False,2022-11-09T03:47:39.472702+00:00
1275,5379428442,261.94,0.15,sell,False,2022-11-09T03:08:09.160288+00:00
1276,5378470387,262.56,0.02,buy,False,2022-11-09T01:36:59.415963+00:00
1277,5378257913,261.35,0.92,sell,False,2022-11-09T01:17:20.139050+00:00
1278,5378242105,261.57,4.54,sell,False,2022-11-09T01:15:32.896084+00:00
1279,5378242104,261.62,0.02,sell,False,2022-11-09T01:15:32.896084+00:00
1280,5378242103,262.56,0.02,sell,False,2022-11-09T01:15:32.896084+00:00
1281,5378224941,263.51,0.02,sell,False,2022-11-09T01:13:23.056438+00:00
1282,5377822348,264.21,0.5,sell,False,2022-11-09T00:35:32.519324+00:00
1283,5377364217,264.45,5.28,sell,False,2022-11-08T23:57:32.580653+00:00
1284,5377364216,264.46,0.37,sell,False,2022-11-08T23:57:32.580653+00:00
1285,5377354006,264.46,0.02,buy,False,2022-11-08T23:56:39.707751+00:00
1286,5377195746,263.86,0.38,buy,False,2022-11-08T23:44:32.071394+00:00
1287,5377195745,263.85,0.39,buy,False,2022-11-08T23:44:32.071394+00:00
1288,5376899577,263.51,0.02,buy,False,2022-11-08T23:25:32.449291+00:00
1289,5376875419,263.39,0.85,sell,False,2022-11-08T23:23:30.397619+00:00
1290,5376855074,263.39,9.33,sell,False,2022-11-08T23:22:02.212740+00:00
1291,5376802548,262.56,0.02,buy,False,2022-11-08T23:18:17.796710+00:00
1292,5376677747,261.62,0.02,buy,False,2022-11-08T23:08:47.271191+00:00
1293,5376644861,261.4,0.57,sell,False,2022-11-08T23:06:06.340735+00:00
1294,5376010587,260.23,1.64,sell,False,2022-11-08T22:15:05.257658+00:00
1295,5376010586,260.24,0.13,sell,False,2022-11-08T22:15:05.257658+00:00
1296,5376010585,260.67,0.02,sell,False,2022-11-08T22:15:05.257658+00:00
1297,5376010584,261.35,0.08,sell,False,2022-11-08T22:15:05.257658+00:00
1298,5376010583,261.62,0.01,sell,False,2022-11-08T22:15:05.257658+00:00
1299,5375799918,261.62,0.01,sell,False,2022-11-08T22:01:10.215834+00:00
1300,5374895112,262.56,0.02,sell,False,2022-11-08T21:08:13.558093+00:00
1301,5374214420,263.51,0.02,buy,False,2022-11-08T20:31:01.553160+00:00
1302,5374197652,262.85,0.39,buy,False,2022-11-08T20:30:22.634176+00:00
1303,5374168666,262.56,0.02,buy,False,2022-11-08T20:28:56.710186+00:00
1304,5374152142,262.5,12.24,buy,False,2022-11-08T20:28:04.545842+00:00
1305,5374151823,262.5,12.72,buy,False,2022-11-08T20:28:04.000550+00:00
1306,5374147706,262.5,0.04,buy,False,2022-11-08T20:27:52.102701+00:00
1307,5374132610,262.22,0.31,buy,False,2022-11-08T20:27:03.399986+00:00
1308,5373928706,261.52,0.15,sell,False,2022-11-08T20:18:25.283200+00:00
1309,5373193680,262.22,0.51,buy,False,2022-11-08T19:53:51.814358+00:00
1310,5373087629,261.85,0.39,buy,False,2022-11-08T19:49:55.398008+00:00
1311,5373086383,260.66,0.02,sell,False,2022-11-08T19:49:53.100681+00:00
1312,5373085264,260.67,0.02,buy,False,2022-11-08T19:49:51.072116+00:00
1313,5373082015,261.62,1.0,buy,False,2022-11-08T19:49:46.307620+00:00
1314,5373082014,261.62,0.02,buy,False,2022-11-08T19:49:46.307620+00:00
1315,5372971840,260.52,0.26,sell,False,2022-11-08T19:46:39.823741+00:00
1316,5372971839,260.67,0.02,sell,False,2022-11-08T19:46:39.823741+00:00
1317,5372254345,258.27,0.3,sell,False,2022-11-08T19:31:38.957712+00:00
1318,5371978704,258.78,0.03,sell,False,2022-11-08T19:27:31.770905+00:00
1319,5371977924,258.78,0.03,sell,False,2022-11-08T19:27:30.813554+00:00
1320,5371977308,258.78,0.02,sell,False,2022-11-08T19:27:30.093942+00:00
1321,5371943838,258.43,0.03,sell,False,2022-11-08T19:26:49.757860+00:00
1322,5371943837,258.8,0.02,sell,False,2022-11-08T19:26:49.757860+00:00
1323,5371943836,259.74,0.02,sell,False,2022-11-08T19:26:49.757860+00:00
1324,5371338556,260.31,1.0,sell,False,2022-11-08T19:11:15.679469+00:00
1325,5371164723,261.62,0.02,buy,False,2022-11-08T19:05:05.348802+00:00
1326,5371164082,260.84,0.39,buy,False,2022-11-08T19:05:04.042579+00:00
1327,5371164081,260.83,0.39,buy,False,2022-11-08T19:05:04.042579+00:00
1328,5371164080,260.67,0.02,buy,False,2022-11-08T19:05:04.042579+00:00
1329,5371164079,260.36,0.12,buy,False,2022-11-08T19:05:04.042579+00:00
1330,5371164078,259.83,0.39,buy,False,2022-11-08T19:05:04.042579+00:00
1331,5371164077,259.74,0.02,buy,False,2022-11-08T19:05:04.042579+00:00
1332,5371164076,258.83,0.39,buy,False,2022-11-08T19:05:04.042579+00:00
1333,5371164075,258.8,0.02,buy,False,2022-11-08T19:05:04.042579+00:00
1334,5371164074,257.87,0.02,buy,False,2022-11-08T19:05:04.042579+00:00
1335,5371160069,257.82,0.39,buy,False,2022-11-08T19:04:53.216773+00:00
1336,5371156382,256.81,0.39,buy,False,2022-11-08T19:04:45.205009+00:00
1337,5371156381,255.8,0.4,buy,False,2022-11-08T19:04:45.205009+00:00
1338,5371156091,254.8,0.4,buy,False,2022-11-08T19:04:44.531137+00:00
1339,5371155936,253.79,0.4,buy,False,2022-11-08T19:04:43.983332+00:00
1340,5371155703,252.78,0.39,buy,False,2022-11-08T19:04:43.454735+00:00
1341,5371155601,254.66,0.01,sell,False,2022-11-08T19:04:43.360098+00:00
1342,5371154693,256.95,0.02,buy,False,2022-11-08T19:04:40.575176+00:00
1343,5371154692,256.0,0.74,buy,False,2022-11-08T19:04:40.575176+00:00
1344,5371154447,253.22,0.39,buy,False,2022-11-08T19:04:40.042129+00:00
1345,5371154446,251.56,0.19,buy,False,2022-11-08T19:04:40.042129+00:00
1346,5371154445,251.55,0.24,buy,False,2022-11-08T19:04:40.042129+00:00
1347,5371150368,251.56,0.01,sell,False,2022-11-08T19:04:29.360007+00:00
1348,5371132181,251.68,0.05,sell,False,2022-11-08T19:03:45.488874+00:00
1349,5371132180,251.8,0.02,sell,False,2022-11-08T19:03:45.488874+00:00
1350,5371114263,251.94,0.01,sell,False,2022-11-08T19:03:05.866407+00:00
1351,5371098045,252.21,0.05,sell,False,2022-11-08T19:02:27.944195+00:00
1352,5371079860,252.32,0.07,sell,False,2022-11-08T19:01:48.555052+00:00
1353,5371067758,252.37,0.4,buy,False,2022-11-08T19:01:26.092309+00:00
1354,5371065894,252.32,0.05,sell,False,2022-11-08T19:01:23.644834+00:00
1355,5371052854,252.36,0.03,sell,False,2022-11-08T19:00:59.478427+00:00
1356,5371046581,252.55,0.01,sell,False,2022-11-08T19:00:47.660168+00:00
1357,5371046580,252.55,0.12,sell,False,2022-11-08T19:00:47.660168+00:00
1358,5371025371,253.27,0.03,sell,False,2022-11-08T19:00:15.928147+00:00
1359,5371020937,254.18,0.03,sell,False,2022-11-08T19:00:11.092579+00:00
1360,5371014098,254.19,0.11,sell,False,2022-11-08T19:00:06.159109+00:00
1361,5370995683,255.1,0.02,sell,False,2022-11-08T18:59:32.569768+00:00
1362,5370993693,255.96,0.01,sell,False,2022-11-08T18:59:27.869705+00:00
1363,5370993692,255.96,0.1,sell,False,2022-11-08T18:59:27.869705+00:00
1364,5370968525,256.02,0.02,sell,False,2022-11-08T18:58:29.648947+00:00
1365,5370968524,256.59,0.4,sell,False,2022-11-08T18:58:29.648947+00:00
1366,5370968523,256.68,0.01,sell,False,2022-11-08T18:58:29.648947+00:00
1367,5370947135,256.95,0.01,sell,False,2022-11-08T18:57:43.777859+00:00
1368,5370947134,256.95,0.02,sell,False,2022-11-08T18:57:43.777859+00:00
1369,5370943413,258.0,0.01,sell,False,2022-11-08T18:57:36.640601+00:00
1370,5370775689,260.01,0.01,sell,False,2022-11-08T18:52:43.749976+00:00
1371,5370772740,257.32,0.29,buy,False,2022-11-08T18:52:39.136744+00:00
1372,5370772703,257.65,0.1,sell,False,2022-11-08T18:52:39.045058+00:00
1373,5370764280,257.14,22.75,sell,False,2022-11-08T18:52:26.207939+00:00
1374,5370764279,258.35,4.3,sell,False,2022-11-08T18:52:26.207939+00:00
1375,5370764278,258.8,0.02,sell,False,2022-11-08T18:52:26.207939+00:00
1376,5370764277,259.26,0.09,sell,False,2022-11-08T18:52:26.207939+00:00
1377,5370764276,259.74,0.02,sell,False,2022-11-08T18:52:26.207939+00:00
1378,5370343584,260.0,0.02,buy,False,2022-11-08T18:38:20.422944+00:00
1379,5370343030,260.67,0.02,sell,False,2022-11-08T18:38:19.078108+00:00
1380,5370343029,260.8,0.09,sell,False,2022-11-08T18:38:19.078108+00:00
1381,5370340372,262.26,0.09,sell,False,2022-11-08T18:38:12.636634+00:00
1382,5370340371,262.56,0.02,sell,False,2022-11-08T18:38:12.636634+00:00
1383,5370337699,263.51,0.02,sell,False,2022-11-08T18:38:06.383791+00:00
1384,5370333737,263.65,0.03,sell,False,2022-11-08T18:37:56.068126+00:00
1385,5369713774,263.65,0.05,sell,False,2022-11-08T18:22:04.786982+00:00
1386,5368218377,264.07,0.66,sell,False,2022-11-08T17:50:46.877823+00:00
1387,5368218264,264.07,0.66,sell,False,2022-11-08T17:50:46.682922+00:00
1388,5368218215,264.07,13.66,sell,False,2022-11-08T17:50:46.473213+00:00
1389,5368212802,264.07,1.0,sell,False,2022-11-08T17:50:30.669020+00:00
1390,5368202024,264.28,10.21,sell,False,2022-11-08T17:49:54.764666+00:00
1391,5368196293,264.39,10.29,sell,False,2022-11-08T17:49:34.663949+00:00
1392,5368186333,264.28,9.61,sell,False,2022-11-08T17:49:05.436214+00:00
1393,5368172424,264.22,12.0,sell,False,2022-11-08T17:48:29.048225+00:00
