,id,price,size,side,liquidation,time
0,5244224493,54.06,5.95,buy,False,2022-10-28T12:46:59.447886+00:00
1,5244222873,54.06,0.85,buy,False,2022-10-28T12:46:46.075589+00:00
2,5244216295,54.06,1849.75,sell,False,2022-10-28T12:46:06.368775+00:00
3,5244216294,54.06,1849.75,sell,False,2022-10-28T12:46:06.368775+00:00
4,5244214856,54.1,5.45,sell,False,2022-10-28T12:45:52.291271+00:00
5,5244176797,54.2,0.55,buy,False,2022-10-28T12:40:59.443981+00:00
6,5244118278,54.2,0.3,buy,False,2022-10-28T12:35:18.716617+00:00
7,5244104773,54.2,0.25,buy,False,2022-10-28T12:34:15.741311+00:00
8,5244052587,54.1,0.05,sell,False,2022-10-28T12:31:47.523923+00:00
9,5244008255,54.2,0.05,buy,False,2022-10-28T12:30:47.674556+00:00
10,5243914752,54.2,0.7,buy,False,2022-10-28T12:29:20.408259+00:00
11,5243906563,54.2,0.2,buy,False,2022-10-28T12:27:29.094413+00:00
12,5243672650,54.165,0.55,sell,False,2022-10-28T11:42:23.661572+00:00
13,5243517301,54.2,36.9,buy,False,2022-10-28T11:10:39.028621+00:00
14,5243442932,54.2,0.25,buy,False,2022-10-28T10:58:23.561946+00:00
15,5243354138,54.2,33.8,buy,False,2022-10-28T10:44:09.627340+00:00
16,5243335765,54.2,10.55,buy,False,2022-10-28T10:40:13.512504+00:00
17,5243334247,54.2,0.1,buy,False,2022-10-28T10:39:51.674251+00:00
18,5243333839,54.2,199.9,buy,False,2022-10-28T10:39:47.893601+00:00
19,5243333838,54.2,0.1,buy,False,2022-10-28T10:39:47.893601+00:00
20,5243333271,54.19,17.05,buy,False,2022-10-28T10:39:40.080683+00:00
21,5243330872,54.17,0.7,buy,False,2022-10-28T10:39:13.670956+00:00
22,5243328547,54.17,648.0,buy,False,2022-10-28T10:38:50.177977+00:00
23,5243321126,54.165,9.45,buy,False,2022-10-28T10:37:10.158056+00:00
24,5243300579,54.17,0.15,buy,False,2022-10-28T10:32:33.052732+00:00
25,5243300226,54.17,0.15,buy,False,2022-10-28T10:32:26.032004+00:00
26,5243299415,54.165,12.0,sell,False,2022-10-28T10:32:12.283973+00:00
27,5243299143,54.165,66.4,sell,False,2022-10-28T10:32:07.718503+00:00
28,5243298929,54.165,70.9,sell,False,2022-10-28T10:32:03.178614+00:00
29,5243298757,54.165,72.6,sell,False,2022-10-28T10:31:59.795356+00:00
30,5243298716,54.165,66.7,sell,False,2022-10-28T10:31:59.271367+00:00
31,5243298275,54.165,12.65,sell,False,2022-10-28T10:31:48.539419+00:00
32,5243297970,54.165,92.35,sell,False,2022-10-28T10:31:43.395000+00:00
33,5243297949,54.165,87.65,sell,False,2022-10-28T10:31:42.808650+00:00
34,5243297925,54.165,90.9,sell,False,2022-10-28T10:31:42.274041+00:00
35,5243297923,54.165,5.05,buy,False,2022-10-28T10:31:42.209006+00:00
36,5243029703,54.085,0.2,sell,False,2022-10-28T09:31:02.839087+00:00
37,5242998814,54.165,2.1,buy,False,2022-10-28T09:25:52.741477+00:00
38,5242719021,54.17,0.45,buy,False,2022-10-28T08:39:26.148255+00:00
39,5242615889,54.17,0.25,buy,False,2022-10-28T08:24:42.459618+00:00
40,5242530996,54.085,9.25,sell,False,2022-10-28T08:14:00.941894+00:00
41,5242286214,54.17,0.15,buy,False,2022-10-28T07:46:16.767987+00:00
42,5242043156,54.17,0.35,buy,False,2022-10-28T07:19:29.242488+00:00
43,5241916312,54.145,0.3,buy,False,2022-10-28T06:46:06.713754+00:00
44,5241640004,54.135,10.0,buy,False,2022-10-28T05:33:56.179835+00:00
45,5241596290,54.06,27.7,sell,False,2022-10-28T05:23:28.248421+00:00
46,5241453376,54.05,0.4,sell,False,2022-10-28T04:50:12.278763+00:00
47,5241311738,54.175,0.4,buy,False,2022-10-28T04:17:12.295230+00:00
48,5241261279,54.05,41.05,sell,False,2022-10-28T04:06:52.343449+00:00
49,5241024648,54.135,2.05,buy,False,2022-10-28T03:14:05.031085+00:00
50,5240983271,54.18,2.4,buy,False,2022-10-28T03:05:41.029083+00:00
51,5240873585,54.18,1.0,buy,False,2022-10-28T02:51:09.109129+00:00
52,5240854006,54.05,5.35,sell,False,2022-10-28T02:48:54.650044+00:00
53,5240854005,54.08,0.15,sell,False,2022-10-28T02:48:54.650044+00:00
54,5240712766,54.13,66.5,sell,False,2022-10-28T02:22:03.225104+00:00
55,5240712703,54.13,67.05,sell,False,2022-10-28T02:22:02.528445+00:00
56,5240712640,54.13,56.4,sell,False,2022-10-28T02:22:01.997418+00:00
57,5240712635,54.115,60.05,buy,False,2022-10-28T02:22:01.927362+00:00
58,5240708766,54.13,29.5,sell,False,2022-10-28T02:21:24.209714+00:00
59,5240708300,54.13,84.6,sell,False,2022-10-28T02:21:19.338375+00:00
60,5240708271,54.13,86.1,sell,False,2022-10-28T02:21:18.799841+00:00
61,5240708248,54.1,49.8,buy,False,2022-10-28T02:21:18.739633+00:00
62,5240706155,54.19,44.65,sell,False,2022-10-28T02:20:54.266927+00:00
63,5240706150,54.155,143.9,buy,False,2022-10-28T02:20:54.207709+00:00
64,5240706149,54.085,61.45,buy,False,2022-10-28T02:20:54.207709+00:00
65,5240570091,54.13,27.2,buy,False,2022-10-28T02:09:07.374362+00:00
66,5240428098,54.08,1.0,sell,False,2022-10-28T01:38:00.419281+00:00
67,5240414861,54.08,4.05,sell,False,2022-10-28T01:35:06.429614+00:00
68,5240414833,54.08,10.7,sell,False,2022-10-28T01:35:05.525435+00:00
69,5240414794,54.08,13.35,sell,False,2022-10-28T01:35:04.535319+00:00
70,5240414750,54.08,16.7,sell,False,2022-10-28T01:35:03.512819+00:00
71,5240414700,54.08,20.9,sell,False,2022-10-28T01:35:02.479471+00:00
72,5240414640,54.08,26.1,sell,False,2022-10-28T01:35:01.497953+00:00
73,5240414517,54.08,32.6,sell,False,2022-10-28T01:35:00.496036+00:00
74,5240414441,54.08,40.8,sell,False,2022-10-28T01:34:59.445924+00:00
75,5240414361,54.08,51.0,sell,False,2022-10-28T01:34:58.618592+00:00
76,5240414331,54.08,63.75,sell,False,2022-10-28T01:34:57.612437+00:00
77,5240414242,54.08,42.2,sell,False,2022-10-28T01:34:56.530742+00:00
78,5240414241,54.08,90.2,sell,False,2022-10-28T01:34:56.523473+00:00
79,5240408121,54.08,0.6,sell,False,2022-10-28T01:33:42.322028+00:00
80,5240203009,54.08,48.25,buy,False,2022-10-28T00:58:25.659386+00:00
81,5240183047,54.08,0.6,buy,False,2022-10-28T00:53:51.945251+00:00
82,5240167904,54.12,0.05,sell,False,2022-10-28T00:51:04.119924+00:00
83,5240167483,54.12,0.05,sell,False,2022-10-28T00:51:03.646755+00:00
84,5240167117,54.12,162.4,sell,False,2022-10-28T00:51:03.498595+00:00
85,5240167081,54.12,0.05,sell,False,2022-10-28T00:51:03.356531+00:00
86,5240166925,54.12,0.05,sell,False,2022-10-28T00:51:03.110921+00:00
87,5240166793,54.12,113.5,buy,False,2022-10-28T00:51:03.005719+00:00
88,5240166792,54.06,46.35,buy,False,2022-10-28T00:51:03.005719+00:00
89,5240113850,54.05,62.65,sell,False,2022-10-28T00:43:50.389781+00:00
90,5240113605,54.05,62.3,sell,False,2022-10-28T00:43:46.200731+00:00
91,5240113301,54.05,61.95,sell,False,2022-10-28T00:43:41.985621+00:00
92,5240113236,54.05,70.6,sell,False,2022-10-28T00:43:41.277923+00:00
93,5240113214,54.05,67.95,sell,False,2022-10-28T00:43:40.746057+00:00
94,5240113185,54.05,58.65,sell,False,2022-10-28T00:43:40.209275+00:00
95,5240101954,54.02,60.8,sell,False,2022-10-28T00:41:56.976367+00:00
96,5240101673,54.02,59.85,sell,False,2022-10-28T00:41:52.781620+00:00
97,5240101149,54.02,60.5,sell,False,2022-10-28T00:41:49.439439+00:00
98,5240101079,54.02,66.95,sell,False,2022-10-28T00:41:48.904884+00:00
99,5240100927,54.02,58.45,sell,False,2022-10-28T00:41:48.367554+00:00
100,5240100867,54.02,59.45,sell,False,2022-10-28T00:41:47.836581+00:00
101,5240093021,54.0,66.5,sell,False,2022-10-28T00:40:26.686924+00:00
102,5240092442,54.0,58.45,sell,False,2022-10-28T00:40:22.496338+00:00
103,5240092202,54.0,62.6,sell,False,2022-10-28T00:40:18.974287+00:00
104,5240092144,54.0,67.55,sell,False,2022-10-28T00:40:18.443687+00:00
105,5240091990,54.0,59.85,sell,False,2022-10-28T00:40:17.913293+00:00
106,5240091985,53.985,57.0,buy,False,2022-10-28T00:40:17.832734+00:00
107,5240075853,54.0,78.95,sell,False,2022-10-28T00:38:05.819267+00:00
108,5240075023,54.0,128.65,sell,False,2022-10-28T00:37:57.887054+00:00
109,5240075022,54.005,0.7,sell,False,2022-10-28T00:37:57.887054+00:00
110,5240074360,54.0,131.65,sell,False,2022-10-28T00:37:50.093640+00:00
111,5240074082,54.0,123.1,sell,False,2022-10-28T00:37:46.281512+00:00
112,5240074039,54.0,122.75,sell,False,2022-10-28T00:37:45.719392+00:00
113,5240054071,54.0,134.7,sell,False,2022-10-28T00:35:16.276546+00:00
114,5240052606,54.0,0.05,sell,False,2022-10-28T00:35:06.798980+00:00
115,5240052593,54.0,0.05,sell,False,2022-10-28T00:35:06.683632+00:00
116,5240052571,54.0,0.05,sell,False,2022-10-28T00:35:06.468598+00:00
117,5240052562,54.0,0.05,sell,False,2022-10-28T00:35:06.336625+00:00
118,5240052536,54.0,0.05,sell,False,2022-10-28T00:35:06.071996+00:00
119,5240052532,54.0,0.05,sell,False,2022-10-28T00:35:05.998310+00:00
120,5240052520,54.0,0.05,sell,False,2022-10-28T00:35:05.770431+00:00
121,5240052516,54.0,0.05,sell,False,2022-10-28T00:35:05.704034+00:00
122,5240052502,54.0,181.15,sell,False,2022-10-28T00:35:05.566579+00:00
123,5240052495,53.99,99.0,buy,False,2022-10-28T00:35:05.495396+00:00
124,5240052494,53.935,47.7,buy,False,2022-10-28T00:35:05.495396+00:00
125,5240051395,53.99,43.2,buy,False,2022-10-28T00:34:55.112737+00:00
126,5240050547,53.99,146.35,buy,False,2022-10-28T00:34:44.770466+00:00
127,5239694116,53.82,10.15,sell,False,2022-10-27T23:44:48.052819+00:00
128,5239671653,54.035,0.05,buy,False,2022-10-27T23:39:38.362344+00:00
129,5238989741,54.055,0.55,buy,False,2022-10-27T21:36:48.119958+00:00
130,5238978951,54.055,0.05,sell,False,2022-10-27T21:34:09.208568+00:00
131,5238946894,54.055,0.05,sell,False,2022-10-27T21:26:12.103987+00:00
132,5238946889,54.055,0.05,sell,False,2022-10-27T21:26:12.041173+00:00
133,5238946847,54.055,0.05,sell,False,2022-10-27T21:26:11.626538+00:00
134,5238946836,54.055,0.05,sell,False,2022-10-27T21:26:11.508363+00:00
135,5238918038,54.125,0.65,buy,False,2022-10-27T21:18:54.539062+00:00
136,5238840553,53.985,194.05,buy,False,2022-10-27T21:04:53.010539+00:00
137,5238340507,53.895,0.05,sell,False,2022-10-27T20:22:10.141701+00:00
138,5238340466,53.895,0.05,sell,False,2022-10-27T20:22:10.044194+00:00
139,5238337085,53.86,0.05,sell,False,2022-10-27T20:21:58.280020+00:00
140,5238336552,53.86,0.05,sell,False,2022-10-27T20:21:56.685426+00:00
141,5238336527,53.9,10.0,sell,False,2022-10-27T20:21:56.629454+00:00
142,5238227646,54.06,0.05,buy,False,2022-10-27T20:16:38.030443+00:00
143,5237950419,53.8,59.2,sell,False,2022-10-27T19:59:54.147705+00:00
144,5237950293,53.8,65.65,sell,False,2022-10-27T19:59:51.419466+00:00
145,5237950272,53.8,66.65,sell,False,2022-10-27T19:59:50.881356+00:00
146,5237950251,53.8,56.35,sell,False,2022-10-27T19:59:50.303448+00:00
147,5237948278,53.87,68.3,sell,False,2022-10-27T19:59:20.060331+00:00
148,5237947995,53.87,60.2,sell,False,2022-10-27T19:59:16.171294+00:00
149,5237947603,53.87,59.6,sell,False,2022-10-27T19:59:12.024763+00:00
150,5237947025,53.87,63.65,sell,False,2022-10-27T19:59:08.895627+00:00
151,5237946235,53.87,60.9,sell,False,2022-10-27T19:59:04.579825+00:00
152,5237946141,53.87,61.0,sell,False,2022-10-27T19:59:03.759670+00:00
153,5237945866,53.87,66.2,sell,False,2022-10-27T19:59:01.742045+00:00
154,5237945804,53.87,60.15,sell,False,2022-10-27T19:59:01.183772+00:00
155,5237923666,53.85,65.75,sell,False,2022-10-27T19:55:00.564684+00:00
156,5237923111,53.86,62.7,sell,False,2022-10-27T19:54:56.377813+00:00
157,5237922866,53.86,72.3,sell,False,2022-10-27T19:54:51.590467+00:00
158,5237922646,53.86,65.25,sell,False,2022-10-27T19:54:47.377976+00:00
159,5237922471,53.86,66.55,sell,False,2022-10-27T19:54:44.286870+00:00
160,5237921233,53.85,60.7,sell,False,2022-10-27T19:54:39.534743+00:00
161,5237920960,53.85,67.55,sell,False,2022-10-27T19:54:33.017404+00:00
162,5237920926,53.85,68.4,sell,False,2022-10-27T19:54:32.481062+00:00
163,5237920881,53.85,62.4,sell,False,2022-10-27T19:54:31.415515+00:00
164,5237920870,53.85,55.7,buy,False,2022-10-27T19:54:31.042695+00:00
165,5237918307,53.86,81.6,sell,False,2022-10-27T19:53:48.659380+00:00
166,5237917988,53.86,87.4,sell,False,2022-10-27T19:53:42.887401+00:00
167,5237917614,53.86,68.5,sell,False,2022-10-27T19:53:38.378893+00:00
168,5237917459,53.86,83.45,sell,False,2022-10-27T19:53:32.972469+00:00
169,5237917250,53.86,102.7,sell,False,2022-10-27T19:53:26.371978+00:00
170,5237916914,53.86,90.0,sell,False,2022-10-27T19:53:20.748855+00:00
171,5237916772,53.86,69.4,sell,False,2022-10-27T19:53:20.217722+00:00
172,5237916689,53.86,66.15,sell,False,2022-10-27T19:53:19.583662+00:00
173,5237916588,53.86,56.5,sell,False,2022-10-27T19:53:18.808801+00:00
174,5237913594,53.84,59.05,sell,False,2022-10-27T19:52:26.692009+00:00
175,5237913134,53.84,69.7,sell,False,2022-10-27T19:52:22.175025+00:00
176,5237912947,53.84,70.7,sell,False,2022-10-27T19:52:17.379149+00:00
177,5237912386,53.85,79.1,sell,False,2022-10-27T19:52:12.270056+00:00
178,5237912161,53.85,60.4,sell,False,2022-10-27T19:52:09.903594+00:00
179,5237912144,53.85,80.5,sell,False,2022-10-27T19:52:09.372224+00:00
180,5237912126,53.85,82.4,sell,False,2022-10-27T19:52:08.844031+00:00
181,5237907628,53.8,5.0,buy,False,2022-10-27T19:51:24.788657+00:00
182,5237904133,53.85,62.35,sell,False,2022-10-27T19:50:20.998402+00:00
183,5237903697,53.85,67.5,sell,False,2022-10-27T19:50:16.568836+00:00
184,5237903392,53.85,59.7,sell,False,2022-10-27T19:50:12.268746+00:00
185,5237903232,53.85,70.5,sell,False,2022-10-27T19:50:09.151775+00:00
186,5237902555,53.85,67.75,sell,False,2022-10-27T19:50:03.461937+00:00
187,5237902522,53.85,57.6,sell,False,2022-10-27T19:50:02.933320+00:00
188,5237902436,53.85,59.3,sell,False,2022-10-27T19:50:02.105316+00:00
189,5237902392,53.85,66.35,sell,False,2022-10-27T19:50:01.579385+00:00
190,5237893167,53.88,61.55,sell,False,2022-10-27T19:48:17.483323+00:00
191,5237892940,53.88,68.5,sell,False,2022-10-27T19:48:12.898431+00:00
192,5237892862,53.88,67.6,sell,False,2022-10-27T19:48:12.022551+00:00
193,5237892836,53.88,69.9,sell,False,2022-10-27T19:48:11.488263+00:00
194,5237892812,53.88,62.0,sell,False,2022-10-27T19:48:10.962055+00:00
195,5237723703,53.96,56.45,sell,False,2022-10-27T19:20:14.264780+00:00
196,5237718940,53.96,77.25,sell,False,2022-10-27T19:19:16.790695+00:00
197,5237718582,53.96,58.4,sell,False,2022-10-27T19:19:12.634733+00:00
198,5237718283,53.96,58.75,sell,False,2022-10-27T19:19:09.053605+00:00
199,5237717915,53.96,64.55,sell,False,2022-10-27T19:19:04.166697+00:00
200,5237717828,53.96,68.5,sell,False,2022-10-27T19:19:02.647393+00:00
201,5237717799,53.96,64.2,sell,False,2022-10-27T19:19:02.120116+00:00
202,5237717765,53.96,66.7,sell,False,2022-10-27T19:19:01.587528+00:00
203,5237714441,53.98,64.35,sell,False,2022-10-27T19:18:17.969407+00:00
204,5237713962,53.98,64.95,sell,False,2022-10-27T19:18:13.478435+00:00
205,5237713383,53.98,68.0,sell,False,2022-10-27T19:18:09.965415+00:00
206,5237712875,53.98,59.75,sell,False,2022-10-27T19:18:04.698699+00:00
207,5237712817,53.98,61.6,sell,False,2022-10-27T19:18:03.748575+00:00
208,5237712209,53.98,55.8,sell,False,2022-10-27T19:17:54.872203+00:00
209,5237711827,53.98,59.65,sell,False,2022-10-27T19:17:50.982899+00:00
210,5237711434,53.98,64.25,sell,False,2022-10-27T19:17:46.477115+00:00
211,5237711058,53.98,68.7,sell,False,2022-10-27T19:17:41.970276+00:00
212,5237710774,53.98,65.05,sell,False,2022-10-27T19:17:39.279297+00:00
213,5237709464,53.98,66.8,sell,False,2022-10-27T19:17:32.405890+00:00
214,5237709242,53.98,57.95,sell,False,2022-10-27T19:17:28.466933+00:00
215,5237708911,53.98,63.4,sell,False,2022-10-27T19:17:24.290410+00:00
216,5237708528,53.98,60.05,sell,False,2022-10-27T19:17:20.067207+00:00
217,5237707935,53.98,66.3,sell,False,2022-10-27T19:17:15.593682+00:00
218,5237707669,53.98,66.7,sell,False,2022-10-27T19:17:11.115411+00:00
219,5237707495,53.98,60.9,sell,False,2022-10-27T19:17:08.922389+00:00
220,5237706966,53.98,58.4,sell,False,2022-10-27T19:17:02.985837+00:00
221,5237706939,53.98,63.0,sell,False,2022-10-27T19:17:02.458250+00:00
222,5237706874,53.98,64.3,sell,False,2022-10-27T19:17:01.933350+00:00
223,5237706828,53.98,58.75,sell,False,2022-10-27T19:17:01.399678+00:00
224,5237544725,53.62,0.8,sell,False,2022-10-27T18:47:17.368979+00:00
225,5237514959,53.97,61.3,sell,False,2022-10-27T18:41:01.439532+00:00
226,5237514697,53.97,38.7,sell,False,2022-10-27T18:40:56.955412+00:00
227,5237514696,53.97,28.8,sell,False,2022-10-27T18:40:56.955412+00:00
228,5237514339,53.97,57.85,sell,False,2022-10-27T18:40:53.033821+00:00
229,5237514038,53.97,13.35,sell,False,2022-10-27T18:40:49.151704+00:00
230,5237514037,53.97,43.7,sell,False,2022-10-27T18:40:49.151704+00:00
231,5237513599,53.97,56.3,sell,False,2022-10-27T18:40:45.250361+00:00
232,5237513598,53.97,0.2,sell,False,2022-10-27T18:40:45.250361+00:00
233,5237513109,53.97,63.9,sell,False,2022-10-27T18:40:40.746823+00:00
234,5237513016,53.97,35.9,sell,False,2022-10-27T18:40:38.913019+00:00
235,5237513015,53.97,23.95,sell,False,2022-10-27T18:40:38.913019+00:00
236,5237512309,53.97,57.2,sell,False,2022-10-27T18:40:29.301208+00:00
237,5237512269,53.97,18.85,sell,False,2022-10-27T18:40:28.758541+00:00
238,5237512268,53.97,40.15,sell,False,2022-10-27T18:40:28.758541+00:00
239,5237511667,53.97,59.85,sell,False,2022-10-27T18:40:24.544980+00:00
240,5237511666,53.97,5.25,sell,False,2022-10-27T18:40:24.544980+00:00
241,5237511442,53.97,63.05,sell,False,2022-10-27T18:40:20.046858+00:00
242,5237511149,53.97,31.7,sell,False,2022-10-27T18:40:15.535571+00:00
243,5237511148,53.97,36.9,sell,False,2022-10-27T18:40:15.535571+00:00
244,5237510969,53.97,63.1,sell,False,2022-10-27T18:40:12.172351+00:00
245,5237510813,53.97,39.7,sell,False,2022-10-27T18:40:09.220014+00:00
246,5237510786,53.97,60.3,sell,False,2022-10-27T18:40:08.691787+00:00
247,5237510185,53.97,43.5,sell,False,2022-10-27T18:39:58.740890+00:00
248,5237509983,53.97,56.5,sell,False,2022-10-27T18:39:55.666693+00:00
249,5237509789,53.98,36.25,sell,False,2022-10-27T18:39:51.844333+00:00
250,5237509050,53.98,63.75,sell,False,2022-10-27T18:39:46.449059+00:00
251,5237509049,53.99,19.35,sell,False,2022-10-27T18:39:46.449059+00:00
252,5237508649,53.99,12.85,sell,False,2022-10-27T18:39:39.539592+00:00
253,5237508648,54.0,100.0,sell,False,2022-10-27T18:39:39.539592+00:00
254,5237508611,53.99,67.8,sell,False,2022-10-27T18:39:38.422645+00:00
255,5237508610,54.0,37.6,sell,False,2022-10-27T18:39:38.422645+00:00
256,5237508534,54.0,62.4,sell,False,2022-10-27T18:39:36.973369+00:00
257,5237507682,54.0,14.5,sell,False,2022-10-27T18:39:23.384827+00:00
258,5237507632,54.0,85.5,sell,False,2022-10-27T18:39:22.856451+00:00
259,5237363208,54.015,1.0,buy,False,2022-10-27T18:09:37.369535+00:00
260,5237354714,54.0,5.8,sell,False,2022-10-27T18:07:46.342455+00:00
261,5237353936,54.0,80.3,sell,False,2022-10-27T18:07:40.961250+00:00
262,5237352991,54.0,92.1,sell,False,2022-10-27T18:07:34.882619+00:00
263,5237352382,54.0,91.6,sell,False,2022-10-27T18:07:29.201271+00:00
264,5237352055,54.0,77.6,sell,False,2022-10-27T18:07:24.069475+00:00
265,5237351745,54.0,91.6,sell,False,2022-10-27T18:07:18.157826+00:00
266,5237351326,54.0,78.3,sell,False,2022-10-27T18:07:12.968283+00:00
267,5237350991,54.0,66.6,sell,False,2022-10-27T18:07:08.486632+00:00
268,5237350571,54.0,79.3,sell,False,2022-10-27T18:07:03.140021+00:00
269,5237350205,54.0,77.75,sell,False,2022-10-27T18:06:57.970995+00:00
270,5237349896,54.0,91.4,sell,False,2022-10-27T18:06:52.266743+00:00
271,5237349340,54.0,80.0,sell,False,2022-10-27T18:06:46.866297+00:00
272,5237348538,54.0,89.2,sell,False,2022-10-27T18:06:41.191514+00:00
273,5237348131,54.0,88.15,sell,False,2022-10-27T18:06:35.488886+00:00
274,5237347643,54.0,86.1,sell,False,2022-10-27T18:06:30.098182+00:00
275,5237347226,54.0,85.4,sell,False,2022-10-27T18:06:24.077330+00:00
276,5237347225,54.005,8.3,sell,False,2022-10-27T18:06:24.077330+00:00
277,5237346887,54.0,93.4,sell,False,2022-10-27T18:06:18.745700+00:00
278,5237346853,54.0,85.5,sell,False,2022-10-27T18:06:18.217790+00:00
279,5237346828,54.0,91.65,sell,False,2022-10-27T18:06:17.643627+00:00
280,5237343512,53.97,62.05,buy,False,2022-10-27T18:05:32.873605+00:00
281,5237340625,53.97,48.0,buy,False,2022-10-27T18:04:58.818880+00:00
282,5237339463,54.025,119.45,sell,False,2022-10-27T18:04:42.973732+00:00
283,5237338979,54.025,148.0,sell,False,2022-10-27T18:04:34.568790+00:00
284,5237336877,54.025,115.5,sell,False,2022-10-27T18:04:06.277116+00:00
285,5237336870,54.025,1117.05,buy,False,2022-10-27T18:04:06.210968+00:00
286,5237333138,54.035,1191.6,buy,False,2022-10-27T18:03:22.288050+00:00
287,5237333076,53.975,32.75,buy,False,2022-10-27T18:03:21.206060+00:00
288,5237331068,53.975,43.7,buy,False,2022-10-27T18:03:02.634483+00:00
289,5237330613,53.975,59.55,buy,False,2022-10-27T18:02:56.468966+00:00
290,5237328933,53.975,37.4,buy,False,2022-10-27T18:02:44.089324+00:00
291,5237323693,53.975,45.05,buy,False,2022-10-27T18:01:53.029609+00:00
292,5237322025,53.975,56.1,buy,False,2022-10-27T18:01:35.401315+00:00
293,5237321263,53.975,54.45,buy,False,2022-10-27T18:01:26.423322+00:00
294,5237320266,53.975,40.05,buy,False,2022-10-27T18:01:20.085684+00:00
295,5237318364,53.975,48.7,buy,False,2022-10-27T18:01:00.783949+00:00
296,5237317507,53.975,31.4,buy,False,2022-10-27T18:00:53.041143+00:00
297,5237316006,53.975,45.4,buy,False,2022-10-27T18:00:36.214335+00:00
298,5237315285,53.975,49.55,buy,False,2022-10-27T18:00:29.835886+00:00
299,5237314955,53.975,36.75,buy,False,2022-10-27T18:00:24.937610+00:00
300,5237312218,53.975,57.85,buy,False,2022-10-27T17:59:57.157246+00:00
301,5237307235,53.965,57.0,buy,False,2022-10-27T17:58:33.807685+00:00
302,5237306808,53.965,49.8,buy,False,2022-10-27T17:58:25.746623+00:00
303,5237304925,53.965,33.2,buy,False,2022-10-27T17:57:54.790140+00:00
304,5237303202,53.97,50.45,buy,False,2022-10-27T17:57:28.606029+00:00
305,5237301177,53.975,59.4,buy,False,2022-10-27T17:57:01.946274+00:00
306,5237300761,53.975,34.15,buy,False,2022-10-27T17:56:55.095402+00:00
307,5237298933,53.975,61.55,buy,False,2022-10-27T17:56:32.420100+00:00
308,5237298480,53.975,41.0,buy,False,2022-10-27T17:56:26.249111+00:00
309,5237296493,53.975,36.6,buy,False,2022-10-27T17:55:54.533600+00:00
310,5237295334,53.975,41.1,buy,False,2022-10-27T17:55:32.525608+00:00
311,5237294885,53.975,54.5,buy,False,2022-10-27T17:55:26.534585+00:00
312,5237293386,53.975,2.0,buy,False,2022-10-27T17:55:02.394639+00:00
313,5237292927,53.975,31.25,buy,False,2022-10-27T17:54:58.251447+00:00
314,5237292539,53.975,34.4,buy,False,2022-10-27T17:54:50.597562+00:00
315,5237291064,53.975,33.75,buy,False,2022-10-27T17:54:23.472527+00:00
316,5237288337,53.975,34.6,buy,False,2022-10-27T17:53:55.948756+00:00
317,5237286768,53.985,52.85,buy,False,2022-10-27T17:53:27.385314+00:00
318,5237283771,53.985,38.65,buy,False,2022-10-27T17:52:54.453043+00:00
319,5237281483,53.985,54.3,buy,False,2022-10-27T17:52:30.728581+00:00
320,5237278682,53.985,60.1,buy,False,2022-10-27T17:51:57.283523+00:00
321,5237277137,53.985,36.05,buy,False,2022-10-27T17:51:29.510391+00:00
322,5237276795,53.985,45.0,buy,False,2022-10-27T17:51:23.669223+00:00
323,5237273160,53.985,16.05,buy,False,2022-10-27T17:50:29.986646+00:00
324,5237271481,53.985,55.2,buy,False,2022-10-27T17:49:58.645351+00:00
325,5237271029,53.985,1.0,buy,False,2022-10-27T17:49:50.301606+00:00
326,5237270302,53.99,47.7,buy,False,2022-10-27T17:49:33.961668+00:00
327,5237266385,53.995,53.55,buy,False,2022-10-27T17:48:28.823268+00:00
328,5237264323,53.995,55.95,buy,False,2022-10-27T17:47:51.710964+00:00
329,5237262661,53.995,39.4,buy,False,2022-10-27T17:47:27.249129+00:00
330,5237250312,53.975,46.15,buy,False,2022-10-27T17:44:53.569364+00:00
331,5237248458,53.975,59.65,buy,False,2022-10-27T17:44:23.741894+00:00
332,5237247165,53.975,57.85,buy,False,2022-10-27T17:43:57.965227+00:00
333,5237246886,53.975,52.9,buy,False,2022-10-27T17:43:51.598961+00:00
334,5237246768,53.975,1.85,buy,False,2022-10-27T17:43:48.996300+00:00
335,5237245929,53.975,54.2,buy,False,2022-10-27T17:43:30.626534+00:00
336,5237245557,53.975,43.5,buy,False,2022-10-27T17:43:23.451355+00:00
337,5237244190,53.975,48.6,buy,False,2022-10-27T17:43:03.364786+00:00
338,5237243625,53.975,38.9,buy,False,2022-10-27T17:42:54.059054+00:00
339,5237241037,53.975,51.9,buy,False,2022-10-27T17:42:16.299545+00:00
340,5237239959,53.975,39.85,buy,False,2022-10-27T17:42:04.636314+00:00
341,5237239185,53.975,53.45,buy,False,2022-10-27T17:41:53.381796+00:00
342,5237237509,53.975,57.6,buy,False,2022-10-27T17:41:27.863448+00:00
343,5237233476,53.975,45.7,buy,False,2022-10-27T17:40:51.955487+00:00
344,5237231687,53.975,55.3,buy,False,2022-10-27T17:40:30.981545+00:00
345,5237230218,53.975,39.55,buy,False,2022-10-27T17:40:06.408159+00:00
346,5237222601,53.985,57.5,buy,False,2022-10-27T17:38:54.940699+00:00
347,5237219525,53.985,48.75,buy,False,2022-10-27T17:38:19.324014+00:00
348,5237218026,53.985,55.75,buy,False,2022-10-27T17:38:05.939979+00:00
349,5237216513,53.975,61.4,buy,False,2022-10-27T17:37:52.870540+00:00
350,5237212415,53.975,33.2,buy,False,2022-10-27T17:37:20.885458+00:00
351,5237199661,53.975,37.95,buy,False,2022-10-27T17:37:00.603332+00:00
352,5237199393,53.965,43.15,buy,False,2022-10-27T17:36:53.847009+00:00
353,5237197936,53.965,39.1,buy,False,2022-10-27T17:36:25.302693+00:00
354,5237196866,53.965,48.0,buy,False,2022-10-27T17:36:02.748149+00:00
355,5237196538,53.965,46.5,buy,False,2022-10-27T17:35:57.868844+00:00
356,5237195324,53.965,32.75,buy,False,2022-10-27T17:35:36.053594+00:00
357,5237193705,53.965,32.2,buy,False,2022-10-27T17:35:06.113292+00:00
358,5237192173,53.975,56.95,buy,False,2022-10-27T17:34:36.568170+00:00
359,5237188910,53.985,34.5,buy,False,2022-10-27T17:33:50.515383+00:00
360,5237186386,53.985,52.1,buy,False,2022-10-27T17:33:22.956340+00:00
361,5237185196,53.985,52.7,buy,False,2022-10-27T17:33:05.447628+00:00
362,5237184498,53.985,32.95,buy,False,2022-10-27T17:32:54.846687+00:00
363,5237183466,53.985,53.05,buy,False,2022-10-27T17:32:33.455482+00:00
364,5237180284,53.985,60.8,buy,False,2022-10-27T17:31:59.577469+00:00
365,5237179767,53.985,39.35,buy,False,2022-10-27T17:31:50.706387+00:00
366,5237178069,53.985,61.6,buy,False,2022-10-27T17:31:33.733581+00:00
367,5237177320,53.985,35.0,buy,False,2022-10-27T17:31:27.396857+00:00
368,5237173902,53.985,40.4,buy,False,2022-10-27T17:31:02.250927+00:00
369,5237170830,53.985,34.4,buy,False,2022-10-27T17:30:32.844930+00:00
370,5237170276,53.985,60.1,buy,False,2022-10-27T17:30:23.664361+00:00
371,5237167583,53.985,55.45,buy,False,2022-10-27T17:29:52.946079+00:00
372,5237165586,53.985,40.75,buy,False,2022-10-27T17:29:21.183432+00:00
373,5237164387,53.985,58.55,buy,False,2022-10-27T17:29:05.999368+00:00
374,5237163894,53.985,47.9,buy,False,2022-10-27T17:28:56.261283+00:00
375,5237161850,53.985,61.5,buy,False,2022-10-27T17:28:26.623454+00:00
376,5237159808,53.985,60.7,buy,False,2022-10-27T17:27:58.495315+00:00
377,5237158005,53.985,31.25,buy,False,2022-10-27T17:27:31.348026+00:00
378,5237147053,53.985,43.25,buy,False,2022-10-27T17:25:53.202675+00:00
379,5237145973,53.985,55.35,buy,False,2022-10-27T17:25:33.093938+00:00
380,5237143935,53.985,43.1,buy,False,2022-10-27T17:25:02.194341+00:00
381,5237143209,53.985,33.9,buy,False,2022-10-27T17:24:52.855850+00:00
382,5237141423,53.985,43.1,buy,False,2022-10-27T17:24:23.400544+00:00
383,5237139427,53.985,42.6,buy,False,2022-10-27T17:23:54.955180+00:00
384,5237138213,53.985,49.05,buy,False,2022-10-27T17:23:32.677820+00:00
385,5237137521,53.985,57.15,buy,False,2022-10-27T17:23:24.009911+00:00
386,5237135778,53.985,35.1,buy,False,2022-10-27T17:23:03.114985+00:00
387,5237129802,53.985,40.1,buy,False,2022-10-27T17:22:00.392058+00:00
388,5237126101,53.985,49.85,buy,False,2022-10-27T17:21:31.652635+00:00
389,5237125633,53.985,39.45,buy,False,2022-10-27T17:21:23.330666+00:00
390,5237124495,53.985,51.2,buy,False,2022-10-27T17:21:04.680151+00:00
391,5237123822,53.985,58.8,buy,False,2022-10-27T17:20:55.957434+00:00
392,5237122589,53.985,61.9,buy,False,2022-10-27T17:20:35.344093+00:00
393,5237122190,53.985,36.35,buy,False,2022-10-27T17:20:31.082800+00:00
394,5237118179,54.045,582.25,buy,False,2022-10-27T17:19:45.083483+00:00
395,5237118178,54.045,1398.45,buy,False,2022-10-27T17:19:45.083483+00:00
396,5237115978,53.945,5.0,sell,False,2022-10-27T17:19:13.417335+00:00
397,5237115972,53.945,5.0,sell,False,2022-10-27T17:19:13.326481+00:00
398,5237115968,53.945,0.9,sell,False,2022-10-27T17:19:13.270113+00:00
399,5237115957,54.055,999.9,buy,False,2022-10-27T17:19:12.844327+00:00
400,5237115956,54.035,582.25,buy,False,2022-10-27T17:19:12.844327+00:00
401,5237115955,54.0,0.1,buy,False,2022-10-27T17:19:12.844327+00:00
402,5237114871,53.985,44.8,buy,False,2022-10-27T17:18:53.422457+00:00
403,5237112982,53.985,60.4,buy,False,2022-10-27T17:18:26.030554+00:00
404,5237110504,53.985,48.15,buy,False,2022-10-27T17:17:52.104276+00:00
405,5237107599,53.985,62.0,buy,False,2022-10-27T17:17:29.526878+00:00
406,5237105127,53.985,33.15,buy,False,2022-10-27T17:17:03.847554+00:00
407,5237101891,53.985,43.1,buy,False,2022-10-27T17:16:57.038920+00:00
408,5237093084,53.985,32.25,buy,False,2022-10-27T17:15:54.032964+00:00
409,5237090717,53.985,40.15,buy,False,2022-10-27T17:15:35.491214+00:00
410,5237089737,53.985,52.85,buy,False,2022-10-27T17:15:24.157203+00:00
411,5237086630,53.985,58.15,buy,False,2022-10-27T17:15:00.849329+00:00
412,5237086067,53.985,53.3,buy,False,2022-10-27T17:14:52.668654+00:00
413,5237079998,53.985,62.1,buy,False,2022-10-27T17:13:53.893400+00:00
414,5237073615,53.985,41.6,buy,False,2022-10-27T17:12:58.732882+00:00
415,5237072829,53.985,31.85,buy,False,2022-10-27T17:12:51.049285+00:00
416,5237068028,53.985,53.6,buy,False,2022-10-27T17:11:54.910012+00:00
417,5237065961,53.985,40.25,buy,False,2022-10-27T17:11:25.129994+00:00
418,5237064149,53.985,56.05,buy,False,2022-10-27T17:11:04.807048+00:00
419,5237063044,53.985,56.65,buy,False,2022-10-27T17:10:55.203567+00:00
420,5237060453,53.985,41.75,buy,False,2022-10-27T17:10:27.725554+00:00
421,5237051115,53.985,0.35,sell,False,2022-10-27T17:08:59.254788+00:00
422,5237051104,53.985,0.35,sell,False,2022-10-27T17:08:59.059375+00:00
423,5237051093,53.985,0.35,sell,False,2022-10-27T17:08:58.866379+00:00
424,5237051075,53.985,436.35,sell,False,2022-10-27T17:08:58.674252+00:00
425,5237048861,53.985,582.25,buy,False,2022-10-27T17:08:32.334898+00:00
426,5237048860,53.985,54.7,buy,False,2022-10-27T17:08:32.334898+00:00
427,5236984853,53.995,134.15,buy,False,2022-10-27T16:59:21.259870+00:00
428,5236984852,53.995,51.05,buy,False,2022-10-27T16:59:21.259870+00:00
429,5236975653,53.985,145.45,buy,False,2022-10-27T16:56:59.500287+00:00
430,5236975652,53.985,39.75,buy,False,2022-10-27T16:56:59.500287+00:00
431,5236974928,53.98,113.3,buy,False,2022-10-27T16:56:50.511419+00:00
432,5236974927,53.98,1.0,buy,False,2022-10-27T16:56:50.511419+00:00
433,5236974926,53.98,70.95,buy,False,2022-10-27T16:56:50.511419+00:00
434,5236974844,53.98,185.25,buy,False,2022-10-27T16:56:49.092816+00:00
435,5236974462,53.98,185.25,buy,False,2022-10-27T16:56:44.835384+00:00
436,5236974409,53.98,185.25,buy,False,2022-10-27T16:56:43.726171+00:00
437,5236973819,53.98,185.25,buy,False,2022-10-27T16:56:35.738754+00:00
438,5236961577,53.98,18.5,buy,False,2022-10-27T16:54:01.204318+00:00
439,5236961508,53.98,18.5,buy,False,2022-10-27T16:54:00.019414+00:00
440,5236961473,53.98,18.5,buy,False,2022-10-27T16:53:59.005170+00:00
441,5236961399,53.98,18.5,buy,False,2022-10-27T16:53:58.051704+00:00
442,5236961335,53.98,18.5,buy,False,2022-10-27T16:53:56.683258+00:00
443,5236961263,53.98,18.5,buy,False,2022-10-27T16:53:55.646089+00:00
444,5236961084,53.98,1.9,buy,False,2022-10-27T16:53:52.776472+00:00
445,5236961083,53.95,16.6,buy,False,2022-10-27T16:53:52.776472+00:00
446,5236961032,53.95,18.5,buy,False,2022-10-27T16:53:51.835302+00:00
447,5236960940,53.95,18.5,buy,False,2022-10-27T16:53:50.801791+00:00
448,5236960733,53.95,18.5,buy,False,2022-10-27T16:53:48.545227+00:00
449,5236960051,53.95,185.35,buy,False,2022-10-27T16:53:40.707405+00:00
450,5236956962,53.95,18.5,buy,False,2022-10-27T16:53:01.013780+00:00
451,5236956817,53.95,18.5,buy,False,2022-10-27T16:52:59.866413+00:00
452,5236956634,53.95,18.5,buy,False,2022-10-27T16:52:58.194900+00:00
453,5236956494,53.95,18.5,buy,False,2022-10-27T16:52:56.932669+00:00
454,5236956334,53.95,18.5,buy,False,2022-10-27T16:52:55.416854+00:00
455,5236956270,53.95,18.5,buy,False,2022-10-27T16:52:54.332270+00:00
456,5236956207,53.95,18.5,buy,False,2022-10-27T16:52:53.139835+00:00
457,5236956029,53.95,18.5,buy,False,2022-10-27T16:52:51.688957+00:00
458,5236955838,53.95,18.5,buy,False,2022-10-27T16:52:48.827847+00:00
459,5236955270,53.95,18.5,buy,False,2022-10-27T16:52:44.838736+00:00
460,5236800625,53.95,57.55,buy,False,2022-10-27T16:30:17.514044+00:00
461,5236758490,53.945,28.8,sell,False,2022-10-27T16:26:44.426994+00:00
462,5236371440,53.98,0.4,buy,False,2022-10-27T15:36:22.584874+00:00
463,5236108938,53.98,0.05,buy,False,2022-10-27T15:00:48.622622+00:00
464,5236107539,53.98,4.0,buy,False,2022-10-27T15:00:41.088288+00:00
465,5236079111,53.975,0.95,sell,False,2022-10-27T14:57:34.688782+00:00
466,5235903749,53.98,0.9,buy,False,2022-10-27T14:35:59.120774+00:00
467,5235853096,53.98,70.25,buy,False,2022-10-27T14:29:42.449619+00:00
468,5235852736,53.98,68.9,buy,False,2022-10-27T14:29:37.923292+00:00
469,5235852170,53.98,66.55,buy,False,2022-10-27T14:29:33.428448+00:00
470,5235851874,53.98,58.15,buy,False,2022-10-27T14:29:29.836791+00:00
471,5235851850,53.98,62.95,buy,False,2022-10-27T14:29:29.310632+00:00
472,5235851820,53.98,63.15,buy,False,2022-10-27T14:29:28.766620+00:00
473,5235851789,53.98,59.9,buy,False,2022-10-27T14:29:28.231817+00:00
474,5235846956,53.98,61.5,buy,False,2022-10-27T14:28:43.747943+00:00
475,5235672155,53.98,10.15,buy,False,2022-10-27T14:08:50.439953+00:00
476,5235421808,53.98,100.0,buy,False,2022-10-27T13:50:34.608434+00:00
477,5235360997,53.98,1.0,buy,False,2022-10-27T13:44:09.996418+00:00
478,5234379114,53.825,2.85,sell,False,2022-10-27T12:10:52.232604+00:00
479,5233679331,53.83,0.55,sell,False,2022-10-27T10:02:31.369418+00:00
480,5233151715,53.9,170.15,sell,False,2022-10-27T08:32:52.776487+00:00
481,5233151714,53.9,44.75,sell,False,2022-10-27T08:32:52.776487+00:00
482,5233150674,53.9,184.4,sell,False,2022-10-27T08:32:37.675349+00:00
483,5233150673,53.9,56.5,sell,False,2022-10-27T08:32:37.675349+00:00
484,5233147085,53.91,47.05,sell,False,2022-10-27T08:31:57.033394+00:00
485,5233139304,53.98,197.0,buy,False,2022-10-27T08:30:11.298012+00:00
486,5232985150,53.98,59.4,buy,False,2022-10-27T08:02:28.672507+00:00
487,5232984927,53.98,57.0,buy,False,2022-10-27T08:02:27.746038+00:00
488,5232984640,53.98,57.5,buy,False,2022-10-27T08:02:26.451506+00:00
489,5232980869,53.98,60.0,buy,False,2022-10-27T08:02:04.775080+00:00
490,5232980413,53.98,64.3,buy,False,2022-10-27T08:02:01.169357+00:00
491,5232980361,53.98,61.25,buy,False,2022-10-27T08:02:00.632399+00:00
492,5232980320,53.98,60.15,buy,False,2022-10-27T08:02:00.099564+00:00
493,5232980261,53.98,61.4,buy,False,2022-10-27T08:01:59.416005+00:00
494,5232967800,53.56,90.6,buy,False,2022-10-27T08:00:01.432895+00:00
495,5232887823,53.98,50.0,buy,False,2022-10-27T07:45:46.080277+00:00
496,5232655966,53.98,0.9,buy,False,2022-10-27T07:13:03.247336+00:00
497,5232585742,53.98,0.4,buy,False,2022-10-27T07:01:07.523419+00:00
498,5232474898,53.98,4.05,buy,False,2022-10-27T06:43:42.024533+00:00
499,5232238034,53.645,1.0,sell,False,2022-10-27T06:15:50.119365+00:00
500,5232230038,53.58,2.0,sell,False,2022-10-27T06:14:19.609528+00:00
501,5232153279,53.68,105.9,sell,False,2022-10-27T06:02:05.800868+00:00
502,5231508703,53.945,28.95,buy,False,2022-10-27T04:05:56.133243+00:00
503,5231508040,53.955,0.05,buy,False,2022-10-27T04:05:48.632002+00:00
504,5231507877,53.98,18.15,buy,False,2022-10-27T04:05:45.908662+00:00
505,5231405758,53.975,80.05,sell,False,2022-10-27T03:45:27.353366+00:00
506,5231405460,53.975,73.2,sell,False,2022-10-27T03:45:22.511737+00:00
507,5231405194,53.975,76.55,sell,False,2022-10-27T03:45:17.408989+00:00
508,5231404955,53.975,65.35,sell,False,2022-10-27T03:45:13.212582+00:00
509,5231404907,53.975,61.6,sell,False,2022-10-27T03:45:12.191959+00:00
510,5231404898,53.975,68.1,sell,False,2022-10-27T03:45:11.620030+00:00
511,5231404882,53.975,75.4,sell,False,2022-10-27T03:45:11.088288+00:00
512,5231404225,53.975,2.15,buy,False,2022-10-27T03:44:55.041294+00:00
513,5231404036,53.95,0.45,buy,False,2022-10-27T03:44:52.552521+00:00
514,5230344722,53.975,0.2,buy,False,2022-10-27T00:47:20.358639+00:00
515,5230333871,53.975,0.6,buy,False,2022-10-27T00:45:21.052958+00:00
516,5230251601,53.02,2.95,sell,False,2022-10-27T00:31:53.642581+00:00
517,5230251593,53.58,3.7,sell,False,2022-10-27T00:31:53.522006+00:00
518,5229694903,53.98,0.55,buy,False,2022-10-26T23:16:11.998393+00:00
519,5229492202,53.98,10.0,buy,False,2022-10-26T22:40:24.891618+00:00
520,5229488469,53.7,10.0,buy,False,2022-10-26T22:39:45.016803+00:00
521,5229484199,53.98,185.25,buy,False,2022-10-26T22:38:44.812936+00:00
522,5228849725,53.84,500.25,sell,False,2022-10-26T20:43:35.388790+00:00
523,5228847557,53.8,81.95,buy,False,2022-10-26T20:43:20.683565+00:00
524,5228847556,53.785,0.05,buy,False,2022-10-26T20:43:20.683565+00:00
525,5228836761,53.78,511.4,buy,False,2022-10-26T20:41:01.130426+00:00
526,5228836716,53.78,302.0,buy,False,2022-10-26T20:41:00.682039+00:00
527,5228829343,53.725,1.15,buy,False,2022-10-26T20:39:15.037565+00:00
528,5228825830,53.6,0.2,buy,False,2022-10-26T20:38:37.597889+00:00
529,5228825600,53.6,0.6,buy,False,2022-10-26T20:38:32.213235+00:00
530,5228825260,53.6,0.2,buy,False,2022-10-26T20:38:27.725597+00:00
531,5228464953,53.5,28.8,buy,False,2022-10-26T19:50:56.030655+00:00
532,5228278819,53.55,0.8,buy,False,2022-10-26T19:16:48.687522+00:00
533,5228257120,53.4,33.8,buy,False,2022-10-26T19:13:57.350383+00:00
534,5228256759,53.4,71.55,buy,False,2022-10-26T19:13:52.568269+00:00
535,5228256401,53.4,62.9,buy,False,2022-10-26T19:13:48.353593+00:00
536,5228255923,53.4,64.15,buy,False,2022-10-26T19:13:41.087456+00:00
537,5228255867,53.4,63.3,buy,False,2022-10-26T19:13:40.550351+00:00
538,5228255236,53.4,60.65,buy,False,2022-10-26T19:13:36.654527+00:00
539,5228255213,53.4,0.2,buy,False,2022-10-26T19:13:36.339826+00:00
540,5228254994,53.4,60.9,buy,False,2022-10-26T19:13:32.524026+00:00
541,5228254963,53.4,62.35,buy,False,2022-10-26T19:13:31.937718+00:00
542,5228254940,53.4,64.65,buy,False,2022-10-26T19:13:31.409364+00:00
543,5228254918,53.4,59.95,buy,False,2022-10-26T19:13:30.879426+00:00
544,5228249398,53.4,61.8,buy,False,2022-10-26T19:12:47.112228+00:00
545,5228249046,53.4,58.4,buy,False,2022-10-26T19:12:42.665583+00:00
546,5228248680,53.4,68.35,buy,False,2022-10-26T19:12:38.111314+00:00
547,5228248634,53.4,62.55,buy,False,2022-10-26T19:12:37.570843+00:00
548,5228248575,53.4,60.35,buy,False,2022-10-26T19:12:36.898487+00:00
549,5228248519,53.4,61.05,buy,False,2022-10-26T19:12:36.368342+00:00
550,5228245149,53.4,58.45,buy,False,2022-10-26T19:12:04.708252+00:00
551,5228243854,53.4,64.65,buy,False,2022-10-26T19:11:47.755784+00:00
552,5228243648,53.4,62.9,buy,False,2022-10-26T19:11:43.558531+00:00
553,5228243599,53.4,67.3,buy,False,2022-10-26T19:11:42.366791+00:00
554,5228242893,53.4,62.65,buy,False,2022-10-26T19:11:33.346500+00:00
555,5228242600,53.4,62.75,buy,False,2022-10-26T19:11:29.237404+00:00
556,5228242070,53.4,70.3,buy,False,2022-10-26T19:11:24.358664+00:00
557,5228241904,53.4,241.2,buy,False,2022-10-26T19:11:21.015663+00:00
558,5228241903,53.4,100.0,buy,False,2022-10-26T19:11:21.002099+00:00
559,5228241862,53.4,58.95,buy,False,2022-10-26T19:11:20.174987+00:00
560,5228241491,53.4,64.65,buy,False,2022-10-26T19:11:15.952518+00:00
561,5228241392,53.4,64.65,buy,False,2022-10-26T19:11:15.244818+00:00
562,5228241369,53.4,6.0,buy,False,2022-10-26T19:11:14.907632+00:00
563,5228241368,53.4,96.0,buy,False,2022-10-26T19:11:14.902090+00:00
564,5228241367,53.4,55.0,buy,False,2022-10-26T19:11:14.900487+00:00
565,5228241366,53.4,224.0,buy,False,2022-10-26T19:11:14.899750+00:00
566,5228241365,53.4,23.0,buy,False,2022-10-26T19:11:14.897669+00:00
567,5228241363,53.4,4.0,buy,False,2022-10-26T19:11:14.893148+00:00
568,5228241354,53.4,67.85,buy,False,2022-10-26T19:11:14.709294+00:00
569,5228241291,53.4,68.7,buy,False,2022-10-26T19:11:13.129368+00:00
570,5228219070,53.4,0.1,buy,False,2022-10-26T19:07:59.427054+00:00
571,5228217704,53.38,1.4,buy,False,2022-10-26T19:07:50.972558+00:00
572,5228211757,53.3,1.1,sell,False,2022-10-26T19:06:54.329909+00:00
573,5227946948,53.325,22.55,buy,False,2022-10-26T18:22:07.144318+00:00
574,5227926618,53.15,51.45,sell,False,2022-10-26T18:19:09.255916+00:00
575,5227926617,53.16,48.7,sell,False,2022-10-26T18:19:09.255916+00:00
576,5227794458,53.12,0.55,buy,False,2022-10-26T18:00:04.384560+00:00
577,5227755718,53.13,5.5,buy,False,2022-10-26T17:54:15.521909+00:00
578,5227317262,52.755,0.8,sell,False,2022-10-26T16:54:27.435311+00:00
579,5227232296,52.88,0.2,buy,False,2022-10-26T16:45:32.266792+00:00
580,5225979926,52.905,39.6,buy,False,2022-10-26T14:36:06.901779+00:00
581,5225804779,52.78,9.25,sell,False,2022-10-26T14:22:20.734795+00:00
582,5225799965,52.88,9.3,buy,False,2022-10-26T14:22:00.406332+00:00
583,5224805795,53.225,0.9,buy,False,2022-10-26T13:07:44.635702+00:00
584,5224805794,53.22,4.75,buy,False,2022-10-26T13:07:44.635702+00:00
585,5223889863,52.915,4.65,sell,False,2022-10-26T10:36:10.698908+00:00
586,5222963271,52.98,0.4,buy,False,2022-10-26T08:35:25.261370+00:00
587,5222740412,52.93,6.0,buy,False,2022-10-26T08:00:00.276390+00:00
588,5222740411,52.915,0.45,buy,False,2022-10-26T08:00:00.276390+00:00
589,5221976612,52.915,0.5,buy,False,2022-10-26T05:54:25.604670+00:00
590,5221976588,52.915,0.5,buy,False,2022-10-26T05:54:25.369355+00:00
591,5221976581,52.915,1.0,buy,False,2022-10-26T05:54:25.128299+00:00
592,5221976572,52.915,2.0,buy,False,2022-10-26T05:54:24.942524+00:00
593,5221976565,52.915,4.0,buy,False,2022-10-26T05:54:24.750272+00:00
594,5220221586,52.975,0.3,buy,False,2022-10-26T00:08:20.697396+00:00
595,5218463362,53.095,1.8,buy,False,2022-10-25T19:48:19.139336+00:00
596,5218086390,52.875,0.35,buy,False,2022-10-25T19:06:20.958198+00:00
597,5217925550,52.825,4.85,sell,False,2022-10-25T18:50:11.217456+00:00
598,5217799449,53.06,6.0,sell,False,2022-10-25T18:40:28.730302+00:00
599,5216939224,53.045,1000.0,buy,False,2022-10-25T17:45:17.153055+00:00
600,5216870377,53.0,602.4,sell,False,2022-10-25T17:39:50.899591+00:00
601,5216870376,53.005,8.4,sell,False,2022-10-25T17:39:50.899591+00:00
602,5216868064,53.0,144.7,sell,False,2022-10-25T17:39:42.510860+00:00
603,5216867955,53.0,59.0,sell,False,2022-10-25T17:39:41.575796+00:00
604,5216867896,53.0,61.45,sell,False,2022-10-25T17:39:41.046863+00:00
605,5216867509,53.0,56.7,sell,False,2022-10-25T17:39:39.958785+00:00
606,5216859962,53.15,78.4,sell,False,2022-10-25T17:39:01.658624+00:00
607,5216859873,53.15,247.65,sell,False,2022-10-25T17:39:01.079344+00:00
608,5216857535,53.15,229.55,sell,False,2022-10-25T17:38:49.695031+00:00
609,5216855811,53.15,166.15,sell,False,2022-10-25T17:38:40.399315+00:00
610,5216854549,53.15,160.9,sell,False,2022-10-25T17:38:31.841825+00:00
611,5216854412,53.15,180.95,sell,False,2022-10-25T17:38:31.275557+00:00
612,5216815858,53.3,100.0,sell,False,2022-10-25T17:36:18.680387+00:00
613,5216815857,53.3,28.65,sell,False,2022-10-25T17:36:18.679302+00:00
614,5216815856,53.3,100.0,sell,False,2022-10-25T17:36:18.679219+00:00
615,5216815853,53.3,50.0,sell,False,2022-10-25T17:36:18.677739+00:00
616,5216814676,53.3,0.5,sell,False,2022-10-25T17:36:14.426649+00:00
617,5216814673,53.3,0.05,sell,False,2022-10-25T17:36:14.424256+00:00
618,5216814587,53.3,1138.55,sell,False,2022-10-25T17:36:14.227342+00:00
619,5216814561,53.26,582.25,buy,False,2022-10-25T17:36:14.104993+00:00
620,5216812593,53.3,247.4,sell,False,2022-10-25T17:36:07.485404+00:00
621,5216812575,53.23,582.25,buy,False,2022-10-25T17:36:07.396466+00:00
622,5216812574,53.23,1170.35,buy,False,2022-10-25T17:36:07.396466+00:00
623,5216788198,53.0,74.0,buy,False,2022-10-25T17:34:44.104558+00:00
624,5216788197,53.0,30.0,buy,False,2022-10-25T17:34:44.102618+00:00
625,5216788196,53.0,71.95,buy,False,2022-10-25T17:34:44.099738+00:00
626,5216788195,53.0,25.05,buy,False,2022-10-25T17:34:44.099738+00:00
627,5216788194,53.0,27.0,buy,False,2022-10-25T17:34:44.097482+00:00
628,5216788193,53.0,4.55,buy,False,2022-10-25T17:34:44.097261+00:00
629,5216788192,53.0,32.6,buy,False,2022-10-25T17:34:44.097261+00:00
630,5216788191,53.0,24.0,buy,False,2022-10-25T17:34:44.097031+00:00
631,5216788190,53.0,2.0,buy,False,2022-10-25T17:34:44.097031+00:00
632,5216786876,52.89,1.3,buy,False,2022-10-25T17:34:36.814583+00:00
633,5216786875,52.885,13.95,buy,False,2022-10-25T17:34:36.814583+00:00
634,5216781429,52.36,0.05,sell,False,2022-10-25T17:34:04.664198+00:00
635,5216781121,52.505,8.5,buy,False,2022-10-25T17:34:02.120479+00:00
636,5215649492,52.445,0.2,buy,False,2022-10-25T16:41:51.346388+00:00
637,5215631877,52.475,0.5,buy,False,2022-10-25T16:40:15.679651+00:00
638,5215620534,52.38,0.15,buy,False,2022-10-25T16:39:01.671673+00:00
639,5215588574,52.29,1.3,sell,False,2022-10-25T16:35:48.694321+00:00
640,5214856188,52.445,17.4,sell,False,2022-10-25T15:31:18.323716+00:00
641,5213606017,52.055,63.2,sell,False,2022-10-25T13:26:30.826620+00:00
642,5213086873,52.315,0.05,buy,False,2022-10-25T11:49:14.708431+00:00
643,5212294957,51.955,0.2,sell,False,2022-10-25T08:03:22.079718+00:00
644,5212283987,51.81,8.5,sell,False,2022-10-25T08:00:01.385533+00:00
645,5209800798,51.755,170.1,buy,False,2022-10-24T20:13:51.714342+00:00
646,5209800797,51.755,6.1,buy,False,2022-10-24T20:13:51.714342+00:00
647,5209728599,51.72,0.4,buy,False,2022-10-24T19:53:00.298756+00:00
648,5209727455,51.72,0.1,buy,False,2022-10-24T19:52:38.501312+00:00
649,5209704716,51.615,8.8,sell,False,2022-10-24T19:46:21.673622+00:00
650,5209302590,51.83,44.8,sell,False,2022-10-24T18:14:34.635155+00:00
651,5209262270,51.74,3.45,buy,False,2022-10-24T18:04:36.814271+00:00
652,5209215002,51.31,150.0,sell,False,2022-10-24T17:51:23.425744+00:00
653,5209207461,51.32,204.25,buy,False,2022-10-24T17:49:20.834718+00:00
654,5209207460,51.32,45.75,buy,False,2022-10-24T17:49:20.834718+00:00
655,5208302656,50.755,33.5,sell,False,2022-10-24T14:41:15.633882+00:00
656,5208294356,50.825,0.15,sell,False,2022-10-24T14:40:08.240649+00:00
657,5207830863,51.555,0.1,buy,False,2022-10-24T13:57:30.695429+00:00
658,5207830431,51.46,0.2,buy,False,2022-10-24T13:57:24.722285+00:00
659,5207790476,51.305,0.05,buy,False,2022-10-24T13:51:10.955489+00:00
660,5207760421,51.175,0.75,sell,False,2022-10-24T13:47:31.618483+00:00
661,5207682085,50.98,25.8,sell,False,2022-10-24T13:40:24.864640+00:00
662,5207641782,51.065,20.0,sell,False,2022-10-24T13:35:53.162181+00:00
663,5207616859,50.875,0.15,buy,False,2022-10-24T13:32:58.881519+00:00
664,5206303918,51.05,0.5,buy,False,2022-10-24T08:39:54.197068+00:00
665,5205595649,50.035,0.15,sell,False,2022-10-24T05:55:27.959891+00:00
666,5205250469,50.145,1.85,buy,False,2022-10-24T04:15:45.051823+00:00
667,5204780945,50.225,0.05,buy,False,2022-10-24T02:19:14.513349+00:00
668,5204682876,50.33,0.4,sell,False,2022-10-24T01:53:00.105855+00:00
669,5203264911,50.225,0.4,buy,False,2022-10-23T21:52:18.460041+00:00
670,5199792092,50.31,0.3,buy,False,2022-10-23T06:48:30.656043+00:00
671,5198405969,50.2,0.2,buy,False,2022-10-22T23:23:53.999431+00:00
672,5196504357,49.815,0.2,sell,False,2022-10-22T14:14:08.012180+00:00
673,5195790005,50.2,0.35,buy,True,2022-10-22T11:37:23.285872+00:00
674,5195065294,49.795,0.25,sell,False,2022-10-22T07:45:42.552949+00:00
675,5195065293,49.89,0.2,sell,False,2022-10-22T07:45:42.552949+00:00
676,5193682158,50.255,0.2,buy,False,2022-10-21T23:44:54.900919+00:00
677,5193019123,50.06,0.2,buy,False,2022-10-21T19:55:52.070273+00:00
678,5192685227,49.9,163.0,buy,False,2022-10-21T18:42:59.498888+00:00
679,5192685225,49.99,37.0,sell,False,2022-10-21T18:42:59.425115+00:00
680,5192682906,49.845,8.55,sell,False,2022-10-21T18:42:16.556985+00:00
681,5192423873,49.98,0.2,buy,False,2022-10-21T17:41:44.224110+00:00
682,5192404273,49.845,0.15,sell,False,2022-10-21T17:38:15.913445+00:00
683,5192210762,50.445,1.45,buy,False,2022-10-21T17:00:42.745731+00:00
684,5192059143,50.465,1.1,buy,False,2022-10-21T16:32:08.706635+00:00
685,5191696031,50.05,2.0,sell,False,2022-10-21T15:52:21.454741+00:00
686,5191580702,50.125,114.25,sell,False,2022-10-21T15:33:18.113868+00:00
687,5191580656,50.125,594.6,buy,False,2022-10-21T15:33:17.275820+00:00
688,5191580655,50.125,51.3,buy,False,2022-10-21T15:33:17.275820+00:00
689,5191571613,50.085,0.15,buy,False,2022-10-21T15:31:46.410174+00:00
690,5191443381,50.3,100.0,buy,False,2022-10-21T15:06:34.787569+00:00
691,5191443380,50.3,44.45,buy,False,2022-10-21T15:06:34.783559+00:00
692,5191443379,50.3,100.0,buy,False,2022-10-21T15:06:34.783185+00:00
693,5191443378,50.3,100.0,buy,False,2022-10-21T15:06:34.780896+00:00
694,5191443377,50.3,400.0,buy,False,2022-10-21T15:06:34.778404+00:00
695,5191443117,50.3,97.05,buy,False,2022-10-21T15:06:31.282931+00:00
696,5191442841,50.3,66.9,buy,False,2022-10-21T15:06:26.971994+00:00
697,5191442730,50.3,87.55,buy,False,2022-10-21T15:06:24.196359+00:00
698,5191442697,50.3,88.95,buy,False,2022-10-21T15:06:23.648564+00:00
699,5191442671,50.3,67.9,buy,False,2022-10-21T15:06:23.075571+00:00
700,5191442668,50.3,100.0,buy,False,2022-10-21T15:06:23.046401+00:00
701,5191442667,50.3,400.0,buy,False,2022-10-21T15:06:23.044860+00:00
702,5191442665,50.3,347.2,buy,False,2022-10-21T15:06:23.003161+00:00
703,5191019585,50.895,0.05,buy,False,2022-10-21T14:04:56.221824+00:00
704,5190980274,50.5,810.75,buy,False,2022-10-21T14:00:22.736116+00:00
705,5190980214,50.5,57.25,buy,False,2022-10-21T14:00:22.304744+00:00
706,5190980213,50.5,100.0,buy,False,2022-10-21T14:00:22.295464+00:00
707,5190980208,50.5,100.0,buy,False,2022-10-21T14:00:22.294775+00:00
708,5190980207,50.5,100.0,buy,False,2022-10-21T14:00:22.291921+00:00
709,5190980206,50.5,832.0,buy,False,2022-10-21T14:00:22.291019+00:00
710,5190811842,50.1,6.0,sell,False,2022-10-21T13:43:31.342694+00:00
711,5190811814,50.1,64.0,sell,False,2022-10-21T13:43:30.798371+00:00
712,5190810734,50.1,30.0,sell,False,2022-10-21T13:43:18.832599+00:00
713,5190810733,50.1,72.0,sell,False,2022-10-21T13:43:18.831488+00:00
714,5190810732,50.1,200.0,sell,False,2022-10-21T13:43:18.831151+00:00
715,5190810731,50.1,100.0,sell,False,2022-10-21T13:43:18.830709+00:00
716,5190810730,50.1,28.0,sell,False,2022-10-21T13:43:18.830355+00:00
717,5190806112,50.1,570.5,sell,False,2022-10-21T13:42:42.575599+00:00
718,5190806110,50.1,85.8,sell,False,2022-10-21T13:42:42.573880+00:00
719,5190801439,50.2,405.35,buy,False,2022-10-21T13:42:14.440309+00:00
720,5190801438,50.2,94.65,buy,False,2022-10-21T13:42:14.440309+00:00
721,5190799434,50.2,1905.35,buy,False,2022-10-21T13:42:04.237181+00:00
722,5190799433,50.15,594.6,buy,False,2022-10-21T13:42:04.237181+00:00
723,5190799432,50.15,0.05,buy,False,2022-10-21T13:42:04.237181+00:00
724,5190792510,50.1,0.05,buy,False,2022-10-21T13:41:13.721765+00:00
725,5190790307,50.05,0.05,buy,False,2022-10-21T13:40:55.304234+00:00
726,5190785013,50.0,0.05,buy,False,2022-10-21T13:40:20.546266+00:00
727,5190780364,49.9,200.0,buy,False,2022-10-21T13:39:41.551324+00:00
728,5190780363,49.9,343.0,buy,False,2022-10-21T13:39:41.506623+00:00
729,5190780362,49.9,260.75,buy,False,2022-10-21T13:39:41.500524+00:00
730,5190780361,49.9,7.0,buy,False,2022-10-21T13:39:41.499901+00:00
731,5190780341,49.9,100.0,buy,False,2022-10-21T13:39:41.248459+00:00
732,5190780339,49.9,100.0,buy,False,2022-10-21T13:39:41.209612+00:00
733,5190780338,49.9,100.0,buy,False,2022-10-21T13:39:41.209570+00:00
734,5190780337,49.9,389.25,buy,False,2022-10-21T13:39:41.209442+00:00
735,5190780335,49.9,100.0,buy,False,2022-10-21T13:39:41.206868+00:00
736,5190780332,49.9,100.0,buy,False,2022-10-21T13:39:41.146471+00:00
737,5190780331,49.9,100.0,buy,False,2022-10-21T13:39:41.145056+00:00
738,5190780330,49.9,200.0,buy,False,2022-10-21T13:39:41.144675+00:00
739,5190780176,49.85,0.05,buy,False,2022-10-21T13:39:38.088479+00:00
740,5190770024,49.675,1.2,sell,False,2022-10-21T13:38:16.535356+00:00
741,5190535048,49.565,0.65,sell,False,2022-10-21T13:09:20.695185+00:00
742,5190229240,50.675,0.05,buy,False,2022-10-21T12:35:50.859159+00:00
743,5190229129,50.675,0.05,buy,False,2022-10-21T12:35:47.970027+00:00
744,5190228674,50.675,0.05,buy,False,2022-10-21T12:35:44.373713+00:00
745,5190020386,50.0,500.0,sell,False,2022-10-21T12:15:09.522786+00:00
746,5189998099,50.62,104.85,buy,False,2022-10-21T12:14:11.495996+00:00
747,5189998098,50.615,8.45,buy,False,2022-10-21T12:14:11.495996+00:00
748,5189998097,50.36,136.7,buy,False,2022-10-21T12:14:11.495996+00:00
749,5189932181,50.0,100.0,sell,False,2022-10-21T12:12:54.549911+00:00
750,5189929644,50.0,18.0,sell,False,2022-10-21T12:12:41.878965+00:00
751,5189929613,50.0,200.0,sell,False,2022-10-21T12:12:41.669675+00:00
752,5189763464,50.76,50.0,sell,False,2022-10-21T11:47:18.095379+00:00
753,5189761984,50.84,0.05,buy,False,2022-10-21T11:46:40.489949+00:00
754,5189761933,50.165,8.45,sell,False,2022-10-21T11:46:37.621513+00:00
755,5189760919,50.385,173.65,buy,False,2022-10-21T11:46:14.918034+00:00
756,5189760918,50.16,102.45,buy,False,2022-10-21T11:46:14.918034+00:00
757,5189760430,49.675,0.45,buy,False,2022-10-21T11:46:10.513839+00:00
758,5189760365,48.98,50.0,buy,False,2022-10-21T11:46:10.159602+00:00
759,5189760364,48.98,50.0,buy,False,2022-10-21T11:46:10.156500+00:00
760,5189665111,49.365,0.05,buy,False,2022-10-21T11:20:53.621109+00:00
761,5189591088,48.98,174.9,buy,False,2022-10-21T11:02:49.755894+00:00
762,5189591087,48.98,190.7,buy,False,2022-10-21T11:02:49.755894+00:00
763,5189591086,48.9,134.4,buy,False,2022-10-21T11:02:49.755894+00:00
764,5189590927,48.935,98.05,sell,False,2022-10-21T11:02:44.170247+00:00
765,5189590851,49.025,0.05,sell,False,2022-10-21T11:02:41.806492+00:00
766,5189590618,49.29,351.25,sell,False,2022-10-21T11:02:33.220177+00:00
767,5189590617,49.13,148.75,buy,False,2022-10-21T11:02:33.147798+00:00
768,5189581274,48.86,0.45,buy,False,2022-10-21T11:00:22.521368+00:00
769,5189498787,48.5,43.85,sell,False,2022-10-21T10:34:11.573853+00:00
770,5189498764,48.5,62.15,sell,False,2022-10-21T10:34:11.042829+00:00
771,5189492706,48.5,1.0,sell,False,2022-10-21T10:31:50.970618+00:00
772,5189492703,48.5,1.0,sell,False,2022-10-21T10:31:50.736113+00:00
773,5189492692,48.5,2.5,sell,False,2022-10-21T10:31:50.547598+00:00
774,5189492688,48.5,4.5,sell,False,2022-10-21T10:31:50.356692+00:00
775,5189492674,48.5,9.0,sell,False,2022-10-21T10:31:50.159633+00:00
776,5189492656,48.5,18.0,sell,False,2022-10-21T10:31:49.963743+00:00
777,5189492616,48.5,36.0,sell,False,2022-10-21T10:31:49.775600+00:00
778,5189492615,48.5,72.0,sell,False,2022-10-21T10:31:49.546183+00:00
779,5189416655,48.56,115.7,buy,False,2022-10-21T10:07:09.959631+00:00
780,5189328026,48.095,52.9,buy,False,2022-10-21T09:42:52.507250+00:00
781,5189326417,48.0,0.05,sell,False,2022-10-21T09:42:32.545369+00:00
782,5189326395,48.0,0.05,sell,False,2022-10-21T09:42:32.240398+00:00
783,5189326388,48.0,0.05,sell,False,2022-10-21T09:42:32.203633+00:00
784,5189326333,48.0,0.1,sell,False,2022-10-21T09:42:31.473644+00:00
785,5189326323,48.0,0.1,sell,False,2022-10-21T09:42:31.405410+00:00
786,5189326264,48.0,0.15,sell,False,2022-10-21T09:42:30.498714+00:00
787,5189326263,48.0,0.15,sell,False,2022-10-21T09:42:30.495953+00:00
788,5189326248,48.0,9.7,buy,False,2022-10-21T09:42:30.346706+00:00
789,5189313437,47.85,15.0,buy,False,2022-10-21T09:39:37.319827+00:00
790,5189213919,47.335,135.05,buy,False,2022-10-21T09:21:33.143049+00:00
791,5189213918,47.275,8.95,buy,False,2022-10-21T09:21:33.143049+00:00
792,5189180894,47.0,14.6,sell,False,2022-10-21T09:17:23.499380+00:00
793,5189150497,47.5,12.95,sell,False,2022-10-21T09:12:25.999326+00:00
794,5189149942,47.5,92.8,sell,False,2022-10-21T09:12:20.670134+00:00
795,5189149856,47.5,64.35,sell,False,2022-10-21T09:12:18.963426+00:00
796,5189149840,47.5,68.3,sell,False,2022-10-21T09:12:18.431624+00:00
797,5189149807,47.5,66.15,sell,False,2022-10-21T09:12:17.720001+00:00
798,5189148191,47.5,62.85,sell,False,2022-10-21T09:11:51.792671+00:00
799,5189147945,47.5,62.7,sell,False,2022-10-21T09:11:48.179129+00:00
800,5189147616,47.5,1.0,sell,False,2022-10-21T09:11:45.495220+00:00
801,5189147492,47.5,73.85,sell,False,2022-10-21T09:11:43.680708+00:00
802,5189147138,47.5,62.8,sell,False,2022-10-21T09:11:40.675004+00:00
803,5189147043,47.5,1.0,sell,False,2022-10-21T09:11:40.259740+00:00
804,5189146837,47.5,62.7,sell,False,2022-10-21T09:11:36.137720+00:00
805,5189146703,47.5,60.05,sell,False,2022-10-21T09:11:35.521132+00:00
806,5189146070,47.5,66.65,sell,False,2022-10-21T09:11:27.188809+00:00
807,5189145961,47.5,56.75,sell,False,2022-10-21T09:11:24.886191+00:00
808,5189145916,47.5,63.2,sell,False,2022-10-21T09:11:24.337392+00:00
809,5189145900,47.5,63.65,sell,False,2022-10-21T09:11:23.738348+00:00
810,5189145091,47.5,58.95,sell,False,2022-10-21T09:11:04.691501+00:00
811,5189145013,47.5,59.6,sell,False,2022-10-21T09:11:03.107291+00:00
812,5189144995,47.5,65.1,sell,False,2022-10-21T09:11:02.563632+00:00
813,5189144966,47.5,56.9,sell,False,2022-10-21T09:11:02.026946+00:00
814,5189144872,47.5,61.95,sell,False,2022-10-21T09:11:00.811301+00:00
815,5189140343,47.5,67.1,sell,False,2022-10-21T09:10:05.670667+00:00
816,5189140006,47.5,61.45,sell,False,2022-10-21T09:10:00.393672+00:00
817,5189139397,47.5,66.65,sell,False,2022-10-21T09:09:55.994684+00:00
818,5189139264,47.5,56.25,sell,False,2022-10-21T09:09:52.393266+00:00
819,5189139094,47.5,63.45,sell,False,2022-10-21T09:09:48.555553+00:00
820,5189138994,47.5,62.35,sell,False,2022-10-21T09:09:46.535374+00:00
821,5189138938,47.5,60.65,sell,False,2022-10-21T09:09:45.995526+00:00
822,5189138878,47.5,65.35,sell,False,2022-10-21T09:09:45.312424+00:00
823,5189138808,47.5,64.6,sell,False,2022-10-21T09:09:44.781798+00:00
824,5189131011,47.5,65.15,sell,False,2022-10-21T09:08:37.581690+00:00
825,5189130968,47.5,59.5,sell,False,2022-10-21T09:08:37.052463+00:00
826,5189130680,47.5,63.25,sell,False,2022-10-21T09:08:35.551970+00:00
827,5189073116,47.825,1.25,sell,False,2022-10-21T08:58:48.638351+00:00
828,5189073110,47.825,2.25,sell,False,2022-10-21T08:58:48.420722+00:00
829,5189073084,47.825,5.25,sell,False,2022-10-21T08:58:48.192297+00:00
830,5189073063,47.825,9.75,sell,False,2022-10-21T08:58:48.002371+00:00
831,5189073039,47.825,20.25,sell,False,2022-10-21T08:58:47.743579+00:00
832,5189073029,47.825,2.2,sell,False,2022-10-21T08:58:47.542229+00:00
833,5189073028,47.875,37.55,sell,False,2022-10-21T08:58:47.542229+00:00
834,5189072677,48.0,0.3,buy,False,2022-10-21T08:58:42.034935+00:00
835,5189072676,47.96,0.15,buy,False,2022-10-21T08:58:42.034935+00:00
836,5189045171,47.81,0.15,buy,False,2022-10-21T08:53:31.431596+00:00
837,5189040222,47.8,31.45,sell,False,2022-10-21T08:52:24.479308+00:00
838,5189039975,47.8,71.4,sell,False,2022-10-21T08:52:20.281363+00:00
839,5189039337,47.8,62.5,sell,False,2022-10-21T08:52:16.381746+00:00
840,5189039072,47.8,61.8,sell,False,2022-10-21T08:52:12.464455+00:00
841,5189038804,47.8,67.65,sell,False,2022-10-21T08:52:09.220459+00:00
842,5189038209,47.8,70.95,sell,False,2022-10-21T08:52:04.638397+00:00
843,5189037857,47.8,73.7,sell,False,2022-10-21T08:51:59.291817+00:00
844,5189037572,47.8,59.45,sell,False,2022-10-21T08:51:55.685323+00:00
845,5189037311,47.8,63.8,sell,False,2022-10-21T08:51:51.787302+00:00
846,5189036699,47.8,75.4,sell,False,2022-10-21T08:51:47.286474+00:00
847,5189036485,47.8,72.15,sell,False,2022-10-21T08:51:43.090000+00:00
848,5189036413,47.8,2.25,sell,False,2022-10-21T08:51:42.520367+00:00
849,5189036403,47.8,3.75,sell,False,2022-10-21T08:51:42.295480+00:00
850,5189036392,47.8,8.25,sell,False,2022-10-21T08:51:42.105050+00:00
851,5189036125,47.8,68.65,sell,False,2022-10-21T08:51:38.884984+00:00
852,5189035772,47.8,82.2,sell,False,2022-10-21T08:51:34.078042+00:00
853,5189035432,47.8,78.3,sell,False,2022-10-21T08:51:29.581151+00:00
854,5189035165,47.8,60.75,sell,False,2022-10-21T08:51:25.685161+00:00
855,5189034259,47.8,65.7,sell,False,2022-10-21T08:51:21.770325+00:00
856,5189033917,47.8,73.8,sell,False,2022-10-21T08:51:17.314968+00:00
857,5189033626,47.8,78.6,sell,False,2022-10-21T08:51:12.783800+00:00
858,5189033285,47.8,61.05,sell,False,2022-10-21T08:51:08.890247+00:00
859,5189033082,47.8,78.05,sell,False,2022-10-21T08:51:04.391467+00:00
860,5189032668,47.8,69.2,sell,False,2022-10-21T08:51:00.189312+00:00
861,5189032402,47.8,80.65,sell,False,2022-10-21T08:50:55.478126+00:00
862,5189031744,47.8,84.55,sell,False,2022-10-21T08:50:50.301692+00:00
863,5189031401,47.8,68.2,sell,False,2022-10-21T08:50:45.785162+00:00
864,5189031400,47.805,8.95,sell,False,2022-10-21T08:50:45.785162+00:00
865,5189030780,47.8,67.5,sell,False,2022-10-21T08:50:41.699885+00:00
866,5189030290,47.8,66.45,sell,False,2022-10-21T08:50:40.139667+00:00
867,5189030208,47.8,62.5,sell,False,2022-10-21T08:50:38.293549+00:00
868,5189030156,47.8,65.15,sell,False,2022-10-21T08:50:37.754799+00:00
869,5189030116,47.8,64.2,sell,False,2022-10-21T08:50:37.114661+00:00
870,5188996645,47.96,1.3,buy,False,2022-10-21T08:45:44.639125+00:00
871,5188964691,47.8,1660.85,sell,False,2022-10-21T08:41:37.325169+00:00
872,5188964685,47.78,200.15,buy,False,2022-10-21T08:41:37.254184+00:00
873,5188964684,47.775,8.85,buy,False,2022-10-21T08:41:37.254184+00:00
874,5188964683,47.76,130.15,buy,False,2022-10-21T08:41:37.254184+00:00
875,5188952734,47.8,393.35,sell,False,2022-10-21T08:40:51.810404+00:00
876,5188952733,47.8,15.8,sell,False,2022-10-21T08:40:51.779240+00:00
877,5188952674,47.8,31.8,sell,False,2022-10-21T08:40:51.579874+00:00
878,5188952654,47.8,64.3,sell,False,2022-10-21T08:40:51.347180+00:00
879,5188952600,47.8,77.0,sell,False,2022-10-21T08:40:51.036901+00:00
880,5188952585,47.8,77.0,sell,False,2022-10-21T08:40:50.849796+00:00
881,5188952539,47.8,77.0,sell,False,2022-10-21T08:40:50.660321+00:00
882,5188952512,47.8,77.0,sell,False,2022-10-21T08:40:50.448756+00:00
883,5188952477,47.8,77.0,sell,False,2022-10-21T08:40:50.241760+00:00
884,5188952416,47.8,77.0,sell,False,2022-10-21T08:40:50.038443+00:00
885,5188952404,47.8,77.0,sell,False,2022-10-21T08:40:49.845323+00:00
886,5188952388,47.8,77.0,sell,False,2022-10-21T08:40:49.647024+00:00
887,5188952360,47.8,77.0,sell,False,2022-10-21T08:40:49.439352+00:00
888,5188952356,47.8,39.65,sell,False,2022-10-21T08:40:49.435080+00:00
889,5188952324,47.8,77.0,sell,False,2022-10-21T08:40:49.242210+00:00
890,5188952315,47.8,0.05,sell,False,2022-10-21T08:40:49.089409+00:00
891,5188952308,47.8,77.0,sell,False,2022-10-21T08:40:49.041483+00:00
892,5188952281,47.8,77.0,sell,False,2022-10-21T08:40:48.855039+00:00
893,5188952228,47.8,177.0,sell,False,2022-10-21T08:40:48.661433+00:00
894,5188952222,47.8,0.05,sell,False,2022-10-21T08:40:48.639360+00:00
895,5188952147,47.8,59.9,sell,False,2022-10-21T08:40:48.182556+00:00
896,5188952140,47.8,0.05,sell,False,2022-10-21T08:40:48.173859+00:00
897,5188952025,47.8,0.05,sell,False,2022-10-21T08:40:47.358273+00:00
898,5188951819,47.8,0.05,sell,False,2022-10-21T08:40:46.781609+00:00
899,5188951793,47.8,0.05,sell,False,2022-10-21T08:40:46.359047+00:00
900,5188951683,47.8,0.05,sell,False,2022-10-21T08:40:45.410218+00:00
901,5188951600,47.8,0.1,sell,False,2022-10-21T08:40:44.840467+00:00
902,5188951480,47.8,65.25,sell,False,2022-10-21T08:40:44.288919+00:00
903,5188951476,47.8,0.1,sell,False,2022-10-21T08:40:44.277201+00:00
904,5188951413,47.8,0.1,sell,False,2022-10-21T08:40:43.524304+00:00
905,5188951404,47.8,77.15,sell,False,2022-10-21T08:40:43.445740+00:00
906,5188951302,47.8,0.15,sell,False,2022-10-21T08:40:42.959233+00:00
907,5188951290,47.8,77.5,sell,False,2022-10-21T08:40:42.868702+00:00
908,5188951197,47.8,73.5,sell,False,2022-10-21T08:40:42.329001+00:00
909,5188905010,47.3,0.1,sell,False,2022-10-21T08:37:31.294467+00:00
910,5188897100,47.59,0.1,buy,False,2022-10-21T08:36:25.980368+00:00
911,5188855272,47.58,9.7,buy,False,2022-10-21T08:33:56.660669+00:00
912,5188854807,47.33,0.55,sell,False,2022-10-21T08:33:50.764326+00:00
913,5188852621,47.6,74.65,sell,False,2022-10-21T08:33:22.888208+00:00
914,5188852616,47.6,1189.25,sell,False,2022-10-21T08:33:22.674059+00:00
915,5188850714,47.89,0.6,buy,False,2022-10-21T08:32:54.072713+00:00
916,5188850713,47.89,0.05,buy,False,2022-10-21T08:32:54.072713+00:00
917,5188850692,47.6,70.55,sell,False,2022-10-21T08:32:53.691739+00:00
918,5188849877,47.6,65.55,sell,False,2022-10-21T08:32:42.813932+00:00
919,5188836529,47.735,0.55,buy,False,2022-10-21T08:30:32.804696+00:00
920,5188836486,47.865,0.05,buy,False,2022-10-21T08:30:31.981955+00:00
921,5188834177,47.4,569.6,sell,False,2022-10-21T08:30:05.297075+00:00
922,5188833289,47.4,392.95,sell,False,2022-10-21T08:29:50.096952+00:00
923,5188832309,47.4,534.75,sell,False,2022-10-21T08:29:31.804125+00:00
924,5188831609,47.4,50.0,sell,False,2022-10-21T08:29:29.115428+00:00
925,5188831442,47.4,0.05,sell,False,2022-10-21T08:29:25.988243+00:00
926,5188831391,47.4,0.05,sell,False,2022-10-21T08:29:24.761295+00:00
927,5188831351,47.4,0.05,sell,False,2022-10-21T08:29:23.768690+00:00
928,5188831298,47.4,0.05,sell,False,2022-10-21T08:29:22.808976+00:00
929,5188831289,47.4,0.65,sell,False,2022-10-21T08:29:22.434330+00:00
930,5188831283,47.4,0.05,sell,False,2022-10-21T08:29:22.374320+00:00
931,5188831254,47.4,373.7,sell,False,2022-10-21T08:29:22.284351+00:00
932,5188831240,47.4,0.05,sell,False,2022-10-21T08:29:21.893043+00:00
933,5188831173,47.4,0.05,sell,False,2022-10-21T08:29:20.938814+00:00
934,5188831147,47.4,0.05,sell,False,2022-10-21T08:29:20.566792+00:00
935,5188831110,47.4,0.1,sell,False,2022-10-21T08:29:20.028024+00:00
936,5188831093,47.4,0.1,sell,False,2022-10-21T08:29:19.612446+00:00
937,5188831074,47.4,77.5,sell,False,2022-10-21T08:29:19.330009+00:00
938,5188831069,47.4,0.1,sell,False,2022-10-21T08:29:19.229757+00:00
939,5188830982,47.4,0.15,sell,False,2022-10-21T08:29:18.618408+00:00
940,5188829345,47.3,0.05,sell,False,2022-10-21T08:28:58.538168+00:00
941,5188829280,47.3,0.05,sell,False,2022-10-21T08:28:57.844265+00:00
942,5188829259,47.3,0.05,sell,False,2022-10-21T08:28:57.413322+00:00
943,5188829211,47.3,0.05,sell,False,2022-10-21T08:28:56.914301+00:00
944,5188829194,47.3,0.05,sell,False,2022-10-21T08:28:56.535342+00:00
945,5188829153,47.3,0.05,sell,False,2022-10-21T08:28:56.147179+00:00
946,5188829129,47.3,0.05,sell,False,2022-10-21T08:28:55.753388+00:00
947,5188829101,47.3,0.05,sell,False,2022-10-21T08:28:55.158109+00:00
948,5188829068,47.3,0.1,sell,False,2022-10-21T08:28:54.658511+00:00
949,5188829049,47.3,0.1,sell,False,2022-10-21T08:28:54.357279+00:00
950,5188828997,47.3,0.1,sell,False,2022-10-21T08:28:53.832144+00:00
951,5188828971,47.3,0.15,sell,False,2022-10-21T08:28:53.213625+00:00
952,5188785978,46.35,103.45,sell,False,2022-10-21T08:23:01.513376+00:00
953,5188785566,46.35,87.5,sell,False,2022-10-21T08:22:56.288700+00:00
954,5188785126,46.35,78.3,sell,False,2022-10-21T08:22:51.784330+00:00
955,5188782210,46.39,348.2,sell,False,2022-10-21T08:22:25.329775+00:00
956,5188782209,46.435,370.95,sell,False,2022-10-21T08:22:25.329775+00:00
957,5188782208,46.475,419.75,sell,False,2022-10-21T08:22:25.329775+00:00
958,5188781878,46.52,66.65,sell,False,2022-10-21T08:22:19.880177+00:00
959,5188781861,46.52,112.5,sell,False,2022-10-21T08:22:19.694106+00:00
960,5188781844,46.52,125.0,sell,False,2022-10-21T08:22:19.506545+00:00
961,5188781815,46.52,150.0,sell,False,2022-10-21T08:22:19.286671+00:00
962,5188781752,46.57,40.7,sell,False,2022-10-21T08:22:18.654296+00:00
963,5188781744,46.57,50.0,sell,False,2022-10-21T08:22:18.460907+00:00
964,5188781724,46.57,50.0,sell,False,2022-10-21T08:22:18.261422+00:00
965,5188781698,46.57,50.0,sell,False,2022-10-21T08:22:18.032044+00:00
966,5188781683,46.57,50.0,sell,False,2022-10-21T08:22:17.824145+00:00
967,5188781660,46.57,50.0,sell,False,2022-10-21T08:22:17.629944+00:00
968,5188781644,46.57,50.0,sell,False,2022-10-21T08:22:17.397373+00:00
969,5188781630,46.57,50.0,sell,False,2022-10-21T08:22:17.207899+00:00
970,5188781608,46.57,1.35,sell,False,2022-10-21T08:22:17.014248+00:00
971,5188781607,46.605,48.65,sell,False,2022-10-21T08:22:17.014248+00:00
972,5188781601,46.605,50.0,sell,False,2022-10-21T08:22:16.818352+00:00
973,5188781583,46.605,50.0,sell,False,2022-10-21T08:22:16.629596+00:00
974,5188781549,46.605,50.0,sell,False,2022-10-21T08:22:16.371336+00:00
975,5188781527,46.605,50.0,sell,False,2022-10-21T08:22:16.178401+00:00
976,5188781515,46.605,50.0,sell,False,2022-10-21T08:22:15.983532+00:00
977,5188781502,46.605,50.0,sell,False,2022-10-21T08:22:15.788379+00:00
978,5188781482,46.605,50.0,sell,False,2022-10-21T08:22:15.591303+00:00
979,5188781455,46.605,41.2,sell,False,2022-10-21T08:22:15.389670+00:00
980,5188781454,46.655,8.8,sell,False,2022-10-21T08:22:15.389670+00:00
981,5188781364,46.655,50.0,sell,False,2022-10-21T08:22:15.195308+00:00
982,5188781276,46.655,50.0,sell,False,2022-10-21T08:22:14.919243+00:00
983,5188781259,46.655,50.0,sell,False,2022-10-21T08:22:14.664139+00:00
984,5188781245,46.655,50.0,sell,False,2022-10-21T08:22:14.462697+00:00
985,5188781212,46.655,50.0,sell,False,2022-10-21T08:22:14.271229+00:00
986,5188781204,46.655,75.0,sell,False,2022-10-21T08:22:14.075446+00:00
987,5188781194,46.655,50.0,sell,False,2022-10-21T08:22:13.865339+00:00
988,5188781187,46.655,25.0,sell,False,2022-10-21T08:22:13.862057+00:00
989,5188781149,46.655,39.45,sell,False,2022-10-21T08:22:13.650213+00:00
990,5188781148,46.7,10.55,sell,False,2022-10-21T08:22:13.650213+00:00
991,5188781143,46.7,373.1,sell,False,2022-10-21T08:22:13.532855+00:00
992,5188781141,46.7,50.0,sell,False,2022-10-21T08:22:13.458742+00:00
993,5188777284,46.5,1060.35,sell,False,2022-10-21T08:21:33.436668+00:00
994,5188763375,46.5,116.5,sell,False,2022-10-21T08:18:55.694235+00:00
995,5188762778,46.5,395.45,sell,False,2022-10-21T08:18:45.646553+00:00
996,5188759325,46.5,101.35,sell,False,2022-10-21T08:18:10.740111+00:00
997,5188758906,46.5,84.65,sell,False,2022-10-21T08:18:05.631465+00:00
998,5188758752,46.5,76.9,sell,False,2022-10-21T08:18:03.704786+00:00
999,5188758699,46.5,87.9,sell,False,2022-10-21T08:18:03.178292+00:00
1000,5188758663,46.5,76.9,sell,False,2022-10-21T08:18:02.604424+00:00
1001,5188758620,46.505,8.95,sell,False,2022-10-21T08:18:02.072853+00:00
1002,5188736505,46.98,0.35,buy,False,2022-10-21T08:15:38.981532+00:00
1003,5188735819,47.035,0.1,buy,False,2022-10-21T08:15:34.685172+00:00
1004,5188735799,47.035,0.15,buy,False,2022-10-21T08:15:34.455602+00:00
1005,5188735776,47.035,0.15,buy,False,2022-10-21T08:15:34.233902+00:00
1006,5188735745,47.035,0.25,buy,False,2022-10-21T08:15:33.682747+00:00
1007,5188729435,46.275,0.25,sell,False,2022-10-21T08:14:48.514305+00:00
1008,5188714530,46.825,0.65,buy,False,2022-10-21T08:12:48.676247+00:00
1009,5188714128,46.725,0.25,buy,False,2022-10-21T08:12:40.263265+00:00
1010,5188708219,46.605,0.25,sell,False,2022-10-21T08:11:24.959502+00:00
1011,5188708140,46.645,1.0,buy,False,2022-10-21T08:11:22.728387+00:00
1012,5188707951,46.645,1.0,buy,False,2022-10-21T08:11:20.984238+00:00
1013,5188707944,46.645,2.0,buy,False,2022-10-21T08:11:20.767454+00:00
1014,5188707934,46.645,4.0,buy,False,2022-10-21T08:11:20.551656+00:00
1015,5188707907,46.645,8.0,buy,False,2022-10-21T08:11:20.359674+00:00
1016,5188707866,46.645,12.0,buy,False,2022-10-21T08:11:20.162680+00:00
1017,5188707777,46.645,12.0,buy,False,2022-10-21T08:11:19.956549+00:00
1018,5188707692,46.645,12.0,buy,False,2022-10-21T08:11:19.760767+00:00
1019,5188707677,46.645,12.0,buy,False,2022-10-21T08:11:19.569051+00:00
1020,5188707659,46.645,12.0,buy,False,2022-10-21T08:11:19.369624+00:00
1021,5188707644,46.645,12.0,buy,False,2022-10-21T08:11:19.153959+00:00
1022,5188707522,46.695,12.0,buy,False,2022-10-21T08:11:17.313325+00:00
1023,5188707505,46.695,12.0,buy,False,2022-10-21T08:11:17.121576+00:00
1024,5188707502,46.695,12.0,buy,False,2022-10-21T08:11:16.927432+00:00
1025,5188707496,46.695,23.5,buy,False,2022-10-21T08:11:16.737925+00:00
1026,5188707483,46.695,47.0,buy,False,2022-10-21T08:11:16.548243+00:00
1027,5188707471,46.695,6.05,buy,False,2022-10-21T08:11:16.348601+00:00
1028,5188707470,46.645,93.95,buy,False,2022-10-21T08:11:16.348601+00:00
1029,5188707464,46.645,50.0,buy,False,2022-10-21T08:11:16.065053+00:00
1030,5188704017,47.235,0.2,sell,False,2022-10-21T08:10:30.066680+00:00
1031,5188701507,46.875,25.0,buy,False,2022-10-21T08:09:56.739039+00:00
1032,5188700016,46.42,0.05,buy,False,2022-10-21T08:09:41.526694+00:00
1033,5188695584,45.72,133.6,buy,False,2022-10-21T08:08:29.746863+00:00
1034,5188694383,45.39,1.5,buy,False,2022-10-21T08:08:05.873440+00:00
1035,5188694362,45.39,1.5,buy,False,2022-10-21T08:08:05.642772+00:00
1036,5188694346,45.39,1.5,buy,False,2022-10-21T08:08:05.444697+00:00
1037,5188694338,45.39,1.5,buy,False,2022-10-21T08:08:05.213552+00:00
1038,5188694216,45.47,1.0,buy,False,2022-10-21T08:08:02.895597+00:00
1039,5188693596,45.75,1.0,buy,False,2022-10-21T08:07:52.008628+00:00
1040,5188692094,45.35,7.9,buy,False,2022-10-21T08:07:36.851582+00:00
1041,5188692090,45.35,60.0,buy,False,2022-10-21T08:07:36.795710+00:00
1042,5188692032,45.35,60.0,buy,False,2022-10-21T08:07:36.597262+00:00
1043,5188692014,45.35,60.0,buy,False,2022-10-21T08:07:36.398212+00:00
1044,5188691986,45.35,70.5,buy,False,2022-10-21T08:07:36.208294+00:00
1045,5188691953,45.49,30.8,buy,False,2022-10-21T08:07:36.016490+00:00
1046,5188691434,45.42,19.75,buy,False,2022-10-21T08:07:33.088585+00:00
1047,5188691413,45.42,20.0,buy,False,2022-10-21T08:07:32.897519+00:00
1048,5188691393,45.42,20.0,buy,False,2022-10-21T08:07:32.706964+00:00
1049,5188691379,45.42,20.0,buy,False,2022-10-21T08:07:32.430452+00:00
1050,5188691351,45.42,20.0,buy,False,2022-10-21T08:07:32.235070+00:00
1051,5188691328,45.42,20.0,buy,False,2022-10-21T08:07:32.044050+00:00
1052,5188691311,45.42,20.0,buy,False,2022-10-21T08:07:31.854660+00:00
1053,5188691301,45.42,20.0,buy,False,2022-10-21T08:07:31.663310+00:00
1054,5188691270,45.42,20.0,buy,False,2022-10-21T08:07:31.411743+00:00
1055,5188691258,45.42,6.25,buy,False,2022-10-21T08:07:31.216143+00:00
1056,5188691257,45.35,4.55,buy,False,2022-10-21T08:07:31.216143+00:00
1057,5188691256,45.345,9.2,buy,False,2022-10-21T08:07:31.216143+00:00
1058,5188691249,45.35,20.0,buy,False,2022-10-21T08:07:30.986738+00:00
1059,5188691231,45.35,20.0,buy,False,2022-10-21T08:07:30.696672+00:00
1060,5188691200,45.35,20.0,buy,False,2022-10-21T08:07:30.486476+00:00
1061,5188691095,45.35,20.0,buy,False,2022-10-21T08:07:30.175458+00:00
1062,5188691061,45.35,20.0,buy,False,2022-10-21T08:07:29.980033+00:00
1063,5188691002,45.35,20.0,buy,False,2022-10-21T08:07:29.782331+00:00
1064,5188690961,45.35,20.0,buy,False,2022-10-21T08:07:29.589707+00:00
1065,5188690836,45.35,35.0,buy,False,2022-10-21T08:07:29.351854+00:00
1066,5188689470,45.2,125.75,buy,False,2022-10-21T08:07:18.412742+00:00
1067,5188689464,45.2,4.65,buy,False,2022-10-21T08:07:18.385738+00:00
1068,5188689463,45.2,45.35,buy,False,2022-10-21T08:07:18.385738+00:00
1069,5188689453,45.2,77.0,buy,False,2022-10-21T08:07:18.303728+00:00
1070,5188689412,45.2,5.0,buy,False,2022-10-21T08:07:18.108582+00:00
1071,5188689378,45.2,5.0,buy,False,2022-10-21T08:07:17.923832+00:00
1072,5188689334,45.2,5.0,buy,False,2022-10-21T08:07:16.987252+00:00
1073,5188689327,45.2,4.05,buy,False,2022-10-21T08:07:16.741448+00:00
1074,5188689326,45.2,0.95,buy,False,2022-10-21T08:07:16.741448+00:00
1075,5188689323,45.2,5.0,buy,False,2022-10-21T08:07:16.543717+00:00
1076,5188689315,45.2,5.0,buy,False,2022-10-21T08:07:16.337820+00:00
1077,5188689306,45.2,10.5,buy,False,2022-10-21T08:07:15.993682+00:00
1078,5188689297,45.2,105.0,buy,False,2022-10-21T08:07:15.799755+00:00
1079,5188689283,45.2,5.0,buy,False,2022-10-21T08:07:15.596390+00:00
1080,5188688945,45.085,226.0,sell,True,2022-10-21T08:07:08.852675+00:00
1081,5188688531,45.155,331.95,sell,True,2022-10-21T08:07:06.834125+00:00
1082,5188688487,45.29,9.2,sell,True,2022-10-21T08:07:05.852599+00:00
1083,5188688413,45.285,0.2,sell,True,2022-10-21T08:07:03.818817+00:00
1084,5188688412,45.285,195.7,sell,True,2022-10-21T08:07:03.818817+00:00
1085,5188688357,45.425,120.45,sell,True,2022-10-21T08:07:02.839476+00:00
1086,5188688318,45.355,137.1,sell,True,2022-10-21T08:07:01.763107+00:00
1087,5188687979,44.94,144.95,buy,False,2022-10-21T08:06:59.126954+00:00
1088,5188687978,44.9,147.15,buy,False,2022-10-21T08:06:59.126954+00:00
1089,5188687349,44.645,106.85,buy,False,2022-10-21T08:06:49.610280+00:00
1090,5188686304,44.39,154.85,buy,False,2022-10-21T08:06:43.803578+00:00
1091,5188686303,44.32,18.9,buy,False,2022-10-21T08:06:43.803578+00:00
1092,5188686278,44.32,100.0,buy,False,2022-10-21T08:06:43.356013+00:00
1093,5188685623,44.33,9.4,buy,False,2022-10-21T08:06:28.502523+00:00
1094,5188685528,44.335,7.75,buy,False,2022-10-21T08:06:25.381545+00:00
1095,5188685353,44.375,1.1,sell,False,2022-10-21T08:06:21.498972+00:00
1096,5188685343,44.585,1.5,buy,False,2022-10-21T08:06:21.291349+00:00
1097,5188685335,44.585,3.0,buy,False,2022-10-21T08:06:21.095947+00:00
1098,5188685319,44.585,6.0,buy,False,2022-10-21T08:06:20.832632+00:00
1099,5188685309,44.585,12.5,buy,False,2022-10-21T08:06:20.622199+00:00
1100,5188685298,44.585,25.0,buy,False,2022-10-21T08:06:20.425553+00:00
1101,5188685260,44.585,50.0,buy,False,2022-10-21T08:06:20.196626+00:00
1102,5188684039,44.585,2.0,buy,False,2022-10-21T08:06:12.035349+00:00
1103,5188683555,44.85,0.3,sell,False,2022-10-21T08:06:04.475428+00:00
1104,5188683554,44.905,9.4,sell,False,2022-10-21T08:06:04.475428+00:00
1105,5188683553,44.945,0.05,sell,False,2022-10-21T08:06:04.475428+00:00
1106,5188682906,45.34,1.0,buy,False,2022-10-21T08:05:51.012917+00:00
1107,5188682901,45.34,1.5,buy,False,2022-10-21T08:05:50.819399+00:00
1108,5188682898,45.34,3.0,buy,False,2022-10-21T08:05:50.630437+00:00
1109,5188682894,45.34,6.0,buy,False,2022-10-21T08:05:50.439685+00:00
1110,5188682891,45.34,12.5,buy,False,2022-10-21T08:05:50.180475+00:00
1111,5188682882,45.34,25.0,buy,False,2022-10-21T08:05:49.985207+00:00
1112,5188682875,45.34,50.0,buy,False,2022-10-21T08:05:49.795152+00:00
1113,5188681810,45.17,16.2,buy,False,2022-10-21T08:05:25.760983+00:00
1114,5188681798,45.17,118.6,buy,False,2022-10-21T08:05:25.559062+00:00
1115,5188681785,45.17,97.35,buy,False,2022-10-21T08:05:25.262089+00:00
1116,5188681107,45.425,8.2,buy,False,2022-10-21T08:05:14.310346+00:00
1117,5188681106,45.42,41.8,buy,False,2022-10-21T08:05:14.310346+00:00
1118,5188681096,45.42,50.0,buy,False,2022-10-21T08:05:14.119297+00:00
1119,5188681093,45.42,50.0,buy,False,2022-10-21T08:05:13.926431+00:00
1120,5188680965,45.4,140.3,buy,False,2022-10-21T08:05:11.257154+00:00
1121,5188680156,45.24,50.0,buy,False,2022-10-21T08:05:04.163693+00:00
1122,5188679913,45.16,20.05,buy,False,2022-10-21T08:04:58.955287+00:00
1123,5188679909,45.16,55.0,buy,False,2022-10-21T08:04:58.766424+00:00
1124,5188679905,45.16,5.0,buy,False,2022-10-21T08:04:58.567766+00:00
1125,5188679901,45.16,5.0,buy,False,2022-10-21T08:04:58.220851+00:00
1126,5188679899,45.16,5.0,buy,False,2022-10-21T08:04:58.024383+00:00
1127,5188679892,45.16,5.0,buy,False,2022-10-21T08:04:57.804364+00:00
1128,5188679888,45.16,5.0,buy,False,2022-10-21T08:04:57.614332+00:00
1129,5188679880,45.16,5.0,buy,False,2022-10-21T08:04:57.414483+00:00
1130,5188679874,45.16,5.0,buy,False,2022-10-21T08:04:57.229622+00:00
1131,5188679871,45.16,5.0,buy,False,2022-10-21T08:04:57.032707+00:00
1132,5188679856,45.16,5.0,buy,False,2022-10-21T08:04:56.813570+00:00
1133,5188679848,45.16,5.0,buy,False,2022-10-21T08:04:56.621479+00:00
1134,5188679838,45.16,5.0,buy,False,2022-10-21T08:04:56.426749+00:00
1135,5188679813,45.14,14.5,buy,False,2022-10-21T08:04:56.141767+00:00
1136,5188679807,45.14,18.5,buy,False,2022-10-21T08:04:55.946330+00:00
1137,5188679801,45.14,37.0,buy,False,2022-10-21T08:04:55.748921+00:00
1138,5188679793,45.14,37.0,buy,False,2022-10-21T08:04:55.559502+00:00
1139,5188679787,45.14,42.85,buy,False,2022-10-21T08:04:55.359318+00:00
1140,5188679769,45.14,57.0,buy,False,2022-10-21T08:04:55.162282+00:00
1141,5188679686,45.22,1.0,buy,False,2022-10-21T08:04:53.761840+00:00
1142,5188679639,45.22,1.0,buy,False,2022-10-21T08:04:53.535388+00:00
1143,5188679625,45.22,2.0,buy,False,2022-10-21T08:04:53.344320+00:00
1144,5188679621,45.22,4.0,buy,False,2022-10-21T08:04:53.154554+00:00
1145,5188679615,45.22,8.5,buy,False,2022-10-21T08:04:52.938631+00:00
1146,5188679604,45.22,16.5,buy,False,2022-10-21T08:04:52.743836+00:00
1147,5188679598,45.22,16.5,buy,False,2022-10-21T08:04:52.501306+00:00
1148,5188679592,45.22,16.5,buy,False,2022-10-21T08:04:52.307415+00:00
1149,5188679472,45.315,6.0,buy,False,2022-10-21T08:04:49.968714+00:00
1150,5188679447,45.315,12.5,buy,False,2022-10-21T08:04:49.767991+00:00
1151,5188679420,45.315,25.0,buy,False,2022-10-21T08:04:49.578049+00:00
1152,5188679406,45.315,25.0,buy,False,2022-10-21T08:04:49.385740+00:00
1153,5188679396,45.315,25.0,buy,False,2022-10-21T08:04:49.191482+00:00
1154,5188679267,45.385,0.25,sell,False,2022-10-21T08:04:45.267418+00:00
1155,5188677036,45.835,69.0,sell,False,2022-10-21T08:04:02.136445+00:00
1156,5188676988,45.72,95.85,buy,False,2022-10-21T08:04:00.894852+00:00
1157,5188676947,45.625,9.25,buy,False,2022-10-21T08:04:00.697921+00:00
1158,5188676443,45.9,0.25,sell,False,2022-10-21T08:03:51.234345+00:00
1159,5188675816,46.05,1.0,buy,False,2022-10-21T08:03:38.882755+00:00
1160,5188675783,46.05,2.0,buy,False,2022-10-21T08:03:38.679286+00:00
1161,5188675731,46.05,3.5,buy,False,2022-10-21T08:03:38.477451+00:00
1162,5188675586,46.05,7.5,buy,False,2022-10-21T08:03:38.269455+00:00
1163,5188675292,46.05,15.0,buy,False,2022-10-21T08:03:38.056431+00:00
1164,5188675282,46.05,29.0,buy,False,2022-10-21T08:03:37.857480+00:00
1165,5188675016,46.4,0.1,sell,False,2022-10-21T08:03:33.256841+00:00
1166,5188675015,46.405,0.25,sell,False,2022-10-21T08:03:33.256841+00:00
1167,5188675014,46.42,0.05,sell,False,2022-10-21T08:03:33.256841+00:00
1168,5188675013,46.44,7.45,sell,False,2022-10-21T08:03:33.256841+00:00
1169,5188673041,46.675,1.8,sell,False,2022-10-21T08:03:12.218852+00:00
1170,5188673040,46.89,0.25,sell,False,2022-10-21T08:03:12.218852+00:00
1171,5188671447,47.295,0.2,sell,False,2022-10-21T08:02:54.487275+00:00
1172,5188671281,47.31,1.0,buy,False,2022-10-21T08:02:51.368355+00:00
1173,5188671209,47.31,1.0,buy,False,2022-10-21T08:02:49.565047+00:00
1174,5188669976,47.29,14.35,sell,False,2022-10-21T08:02:31.988304+00:00
1175,5188669971,47.51,14.0,buy,False,2022-10-21T08:02:31.907451+00:00
1176,5188669961,47.51,21.0,buy,False,2022-10-21T08:02:31.711996+00:00
1177,5188669960,47.34,7.0,buy,False,2022-10-21T08:02:31.711996+00:00
1178,5188669538,47.345,0.05,buy,False,2022-10-21T08:02:26.211046+00:00
1179,5188669531,47.345,0.05,buy,False,2022-10-21T08:02:26.081694+00:00
1180,5188669507,47.175,0.05,buy,False,2022-10-21T08:02:25.559363+00:00
1181,5188669501,47.175,0.05,buy,False,2022-10-21T08:02:25.490010+00:00
1182,5188669494,47.175,100.0,buy,False,2022-10-21T08:02:25.415677+00:00
1183,5188669471,47.175,0.05,buy,False,2022-10-21T08:02:25.155346+00:00
1184,5188669459,47.175,0.1,buy,False,2022-10-21T08:02:25.119138+00:00
1185,5188669424,47.175,0.05,buy,False,2022-10-21T08:02:24.776867+00:00
1186,5188669416,47.175,0.1,buy,False,2022-10-21T08:02:24.622695+00:00
1187,5188669409,47.175,0.05,buy,False,2022-10-21T08:02:24.285716+00:00
1188,5188669400,47.175,0.15,buy,False,2022-10-21T08:02:24.203244+00:00
1189,5188669357,47.345,0.25,buy,False,2022-10-21T08:02:22.571059+00:00
1190,5188669061,47.635,25.1,buy,False,2022-10-21T08:02:17.370501+00:00
1191,5188669054,47.635,111.0,buy,False,2022-10-21T08:02:17.181127+00:00
1192,5188668382,47.83,0.05,buy,False,2022-10-21T08:02:09.914753+00:00
1193,5188668338,47.83,0.05,buy,False,2022-10-21T08:02:09.225136+00:00
1194,5188668286,47.83,0.05,buy,False,2022-10-21T08:02:08.294445+00:00
1195,5188668200,47.83,0.05,buy,False,2022-10-21T08:02:07.299818+00:00
1196,5188668044,47.83,0.05,buy,False,2022-10-21T08:02:06.409879+00:00
1197,5188668025,47.83,0.05,buy,False,2022-10-21T08:02:06.095951+00:00
1198,5188667857,47.83,0.05,buy,False,2022-10-21T08:02:05.301921+00:00
1199,5188667550,47.83,0.05,buy,False,2022-10-21T08:02:04.600371+00:00
1200,5188667526,47.83,0.1,buy,False,2022-10-21T08:02:04.262371+00:00
1201,5188667504,47.83,0.1,buy,False,2022-10-21T08:02:03.783006+00:00
1202,5188667429,47.83,0.1,buy,False,2022-10-21T08:02:03.039635+00:00
1203,5188667376,48.03,0.15,buy,False,2022-10-21T08:02:01.891337+00:00
1204,5188667340,48.03,0.05,buy,False,2022-10-21T08:02:01.598299+00:00
1205,5188667320,48.03,0.05,buy,False,2022-10-21T08:02:01.481679+00:00
1206,5188667304,48.03,0.05,buy,False,2022-10-21T08:02:01.202913+00:00
1207,5188667269,48.15,0.05,buy,False,2022-10-21T08:02:00.837740+00:00
1208,5188667254,48.15,0.1,buy,False,2022-10-21T08:02:00.527287+00:00
1209,5188667237,48.15,0.1,buy,False,2022-10-21T08:02:00.230521+00:00
1210,5188667210,48.15,0.1,buy,False,2022-10-21T08:01:59.892305+00:00
1211,5188667204,48.15,0.25,buy,False,2022-10-21T08:01:59.870234+00:00
1212,5188667199,48.15,0.4,buy,False,2022-10-21T08:01:59.603322+00:00
1213,5188667196,48.15,0.2,buy,False,2022-10-21T08:01:59.576221+00:00
1214,5188667182,48.15,0.5,buy,False,2022-10-21T08:01:59.250694+00:00
1215,5188667176,48.15,0.25,buy,False,2022-10-21T08:01:59.091432+00:00
1216,5188667162,48.15,0.7,buy,False,2022-10-21T08:01:58.970572+00:00
1217,5188667154,48.15,12.5,buy,False,2022-10-21T08:01:58.809499+00:00
1218,5188667150,48.15,0.45,buy,False,2022-10-21T08:01:58.725663+00:00
1219,5188667148,48.15,0.95,buy,False,2022-10-21T08:01:58.620212+00:00
1220,5188667147,48.15,25.0,buy,False,2022-10-21T08:01:58.619890+00:00
1221,5188667140,48.325,0.65,buy,False,2022-10-21T08:01:58.360640+00:00
1222,5188667139,48.325,1.35,buy,False,2022-10-21T08:01:58.348004+00:00
1223,5188667118,48.33,1.7,buy,False,2022-10-21T08:01:57.900829+00:00
1224,5188667086,48.33,2.15,buy,False,2022-10-21T08:01:57.469732+00:00
1225,5188667069,48.33,2.65,buy,False,2022-10-21T08:01:57.157684+00:00
1226,5188667017,48.33,3.3,buy,False,2022-10-21T08:01:56.687369+00:00
1227,5188666999,48.33,4.15,buy,False,2022-10-21T08:01:56.346542+00:00
1228,5188666646,48.43,0.05,buy,False,2022-10-21T08:01:49.574298+00:00
1229,5188666644,48.43,0.05,buy,False,2022-10-21T08:01:49.494457+00:00
1230,5188666625,48.43,0.05,buy,False,2022-10-21T08:01:49.244535+00:00
1231,5188666615,48.43,0.05,buy,False,2022-10-21T08:01:49.058881+00:00
1232,5188666603,48.43,0.05,buy,False,2022-10-21T08:01:48.959488+00:00
1233,5188666567,48.43,0.05,buy,False,2022-10-21T08:01:48.546621+00:00
1234,5188666560,48.43,0.05,buy,False,2022-10-21T08:01:48.496698+00:00
1235,5188666495,48.43,0.05,buy,False,2022-10-21T08:01:47.797621+00:00
1236,5188666494,48.43,0.05,buy,False,2022-10-21T08:01:47.797548+00:00
1237,5188666474,48.43,0.05,buy,False,2022-10-21T08:01:47.391412+00:00
1238,5188666472,48.43,0.1,buy,False,2022-10-21T08:01:47.382396+00:00
1239,5188666455,48.48,20.0,buy,False,2022-10-21T08:01:47.204707+00:00
1240,5188666444,48.405,0.15,buy,False,2022-10-21T08:01:47.040442+00:00
1241,5188666443,48.33,0.05,buy,False,2022-10-21T08:01:47.039768+00:00
1242,5188666412,48.33,0.05,buy,False,2022-10-21T08:01:46.580984+00:00
1243,5188666410,48.33,0.05,buy,False,2022-10-21T08:01:46.551170+00:00
1244,5188666371,48.33,0.05,buy,False,2022-10-21T08:01:45.937953+00:00
1245,5188666370,48.33,0.05,buy,False,2022-10-21T08:01:45.933831+00:00
1246,5188666329,48.33,0.05,buy,False,2022-10-21T08:01:45.374767+00:00
1247,5188666328,48.33,0.05,buy,False,2022-10-21T08:01:45.370448+00:00
1248,5188666290,48.33,0.05,buy,False,2022-10-21T08:01:45.033942+00:00
1249,5188666287,48.33,0.05,buy,False,2022-10-21T08:01:44.967457+00:00
1250,5188666263,48.33,0.1,buy,False,2022-10-21T08:01:44.606026+00:00
1251,5188666261,48.33,0.05,buy,False,2022-10-21T08:01:44.580667+00:00
1252,5188666234,48.33,0.1,buy,False,2022-10-21T08:01:44.260575+00:00
1253,5188666232,48.33,0.05,buy,False,2022-10-21T08:01:44.209736+00:00
1254,5188666213,48.33,0.15,buy,False,2022-10-21T08:01:43.892618+00:00
1255,5188666208,48.33,0.05,buy,False,2022-10-21T08:01:43.827777+00:00
1256,5188665627,48.635,9.0,sell,False,2022-10-21T08:01:34.718820+00:00
1257,5188665436,48.705,147.6,sell,False,2022-10-21T08:01:32.792644+00:00
1258,5188665435,48.76,109.15,sell,False,2022-10-21T08:01:32.792644+00:00
1259,5188664710,48.405,75.0,buy,False,2022-10-21T08:01:23.912588+00:00
1260,5188664689,48.405,90.95,buy,False,2022-10-21T08:01:23.670336+00:00
1261,5188664688,48.34,9.05,buy,False,2022-10-21T08:01:23.670336+00:00
1262,5188664673,48.405,5.3,buy,False,2022-10-21T08:01:23.480104+00:00
1263,5188664672,48.33,94.7,buy,False,2022-10-21T08:01:23.480104+00:00
1264,5188664653,48.33,5.35,buy,False,2022-10-21T08:01:23.234870+00:00
1265,5188664652,48.33,12.85,buy,False,2022-10-21T08:01:23.206445+00:00
1266,5188664613,48.345,13.65,buy,False,2022-10-21T08:01:22.906658+00:00
1267,5188664608,48.345,1.95,buy,False,2022-10-21T08:01:22.873539+00:00
1268,5188664600,48.345,3.9,buy,False,2022-10-21T08:01:22.828213+00:00
1269,5188664106,48.58,54.7,sell,False,2022-10-21T08:01:18.887519+00:00
1270,5188664101,48.58,167.15,sell,False,2022-10-21T08:01:18.695608+00:00
1271,5188664100,48.66,0.2,sell,False,2022-10-21T08:01:18.695608+00:00
1272,5188664099,48.66,221.15,sell,False,2022-10-21T08:01:18.695608+00:00
1273,5188664098,48.665,9.0,sell,False,2022-10-21T08:01:18.695608+00:00
1274,5188664097,48.815,142.95,sell,False,2022-10-21T08:01:18.695608+00:00
1275,5188662347,48.475,3.95,buy,False,2022-10-21T08:01:02.573266+00:00
1276,5188662345,48.475,0.4,buy,False,2022-10-21T08:01:02.568965+00:00
1277,5188662322,48.475,1.05,buy,False,2022-10-21T08:01:02.426548+00:00
1278,5188662280,48.475,0.75,buy,False,2022-10-21T08:01:02.161146+00:00
1279,5188662251,48.475,1.5,buy,False,2022-10-21T08:01:02.106845+00:00
1280,5188661743,48.48,5.7,buy,False,2022-10-21T08:00:57.178727+00:00
1281,5188661742,48.33,38.3,buy,False,2022-10-21T08:00:57.178727+00:00
1282,5188661741,48.33,6.0,buy,False,2022-10-21T08:00:57.135702+00:00
1283,5188661706,48.33,6.0,buy,False,2022-10-21T08:00:56.942553+00:00
1284,5188661702,48.33,6.0,buy,False,2022-10-21T08:00:56.754622+00:00
1285,5188661683,48.33,6.0,buy,False,2022-10-21T08:00:56.561592+00:00
1286,5188661663,48.33,6.0,buy,False,2022-10-21T08:00:56.367375+00:00
1287,5188661620,48.33,6.0,buy,False,2022-10-21T08:00:56.168369+00:00
1288,5188661557,48.33,6.0,buy,False,2022-10-21T08:00:55.976852+00:00
1289,5188661554,48.33,0.1,buy,False,2022-10-21T08:00:55.925466+00:00
1290,5188661553,48.33,0.05,buy,False,2022-10-21T08:00:55.911031+00:00
1291,5188661549,48.33,6.0,buy,False,2022-10-21T08:00:55.785710+00:00
1292,5188661544,48.33,0.15,buy,False,2022-10-21T08:00:55.607230+00:00
1293,5188661541,48.33,6.0,buy,False,2022-10-21T08:00:55.577681+00:00
1294,5188661537,48.33,0.05,buy,False,2022-10-21T08:00:55.506698+00:00
1295,5188661528,48.33,6.0,buy,False,2022-10-21T08:00:55.384646+00:00
1296,5188661519,48.33,0.05,buy,False,2022-10-21T08:00:55.262697+00:00
1297,5188661515,48.33,6.0,buy,False,2022-10-21T08:00:55.200027+00:00
1298,5188661502,48.33,0.05,buy,False,2022-10-21T08:00:55.050413+00:00
1299,5188661497,48.33,6.0,buy,False,2022-10-21T08:00:54.989326+00:00
1300,5188661493,48.33,0.05,buy,False,2022-10-21T08:00:54.984823+00:00
1301,5188661478,48.33,6.0,buy,False,2022-10-21T08:00:54.798508+00:00
1302,5188661476,48.33,0.05,buy,False,2022-10-21T08:00:54.745677+00:00
1303,5188661473,48.33,0.05,buy,False,2022-10-21T08:00:54.640181+00:00
1304,5188661471,48.33,6.0,buy,False,2022-10-21T08:00:54.613274+00:00
1305,5188661454,48.43,0.05,buy,False,2022-10-21T08:00:54.320821+00:00
1306,5188661449,48.43,0.05,buy,False,2022-10-21T08:00:54.265441+00:00
1307,5188661423,48.43,0.05,buy,False,2022-10-21T08:00:53.902215+00:00
1308,5188661420,48.43,0.1,buy,False,2022-10-21T08:00:53.851534+00:00
1309,5188661396,48.43,0.05,buy,False,2022-10-21T08:00:53.298600+00:00
1310,5188661393,48.43,0.1,buy,False,2022-10-21T08:00:53.254786+00:00
1311,5188661368,48.43,0.15,buy,False,2022-10-21T08:00:52.715564+00:00
1312,5188661362,48.43,0.05,buy,False,2022-10-21T08:00:52.699495+00:00
1313,5188661339,48.43,0.05,buy,False,2022-10-21T08:00:52.183908+00:00
1314,5188661333,48.43,0.15,buy,False,2022-10-21T08:00:52.041424+00:00
1315,5188661267,48.4,0.05,buy,False,2022-10-21T08:00:51.006800+00:00
1316,5188661266,48.4,0.15,buy,False,2022-10-21T08:00:51.001529+00:00
1317,5188661232,48.4,0.05,buy,False,2022-10-21T08:00:50.236417+00:00
1318,5188661229,48.4,0.15,buy,False,2022-10-21T08:00:50.210665+00:00
1319,5188661192,48.4,0.05,buy,False,2022-10-21T08:00:49.431931+00:00
1320,5188661189,48.4,0.15,buy,False,2022-10-21T08:00:49.356268+00:00
1321,5188661171,48.4,0.05,buy,False,2022-10-21T08:00:49.042235+00:00
1322,5188661169,48.4,0.15,buy,False,2022-10-21T08:00:49.020727+00:00
1323,5188661150,48.4,0.15,buy,False,2022-10-21T08:00:48.702845+00:00
1324,5188661144,48.4,0.05,buy,False,2022-10-21T08:00:48.610691+00:00
1325,5188661119,48.4,0.15,buy,False,2022-10-21T08:00:48.322446+00:00
1326,5188661109,48.4,0.05,buy,False,2022-10-21T08:00:48.235143+00:00
1327,5188661067,48.33,0.15,buy,False,2022-10-21T08:00:47.973692+00:00
1328,5188661053,48.33,0.05,buy,False,2022-10-21T08:00:47.815792+00:00
1329,5188661046,48.33,0.15,buy,False,2022-10-21T08:00:47.665487+00:00
1330,5188661007,48.33,0.05,buy,False,2022-10-21T08:00:47.275157+00:00
1331,5188661000,48.33,0.15,buy,False,2022-10-21T08:00:47.168502+00:00
1332,5188660987,48.33,0.05,buy,False,2022-10-21T08:00:46.965442+00:00
1333,5188660962,48.33,0.15,buy,False,2022-10-21T08:00:46.836417+00:00
1334,5188660927,48.33,0.05,buy,False,2022-10-21T08:00:46.228441+00:00
1335,5188660926,48.33,0.15,buy,False,2022-10-21T08:00:46.214307+00:00
1336,5188660906,48.33,0.05,buy,False,2022-10-21T08:00:45.838724+00:00
1337,5188660902,48.33,0.15,buy,False,2022-10-21T08:00:45.733573+00:00
1338,5188660859,47.86,0.25,sell,False,2022-10-21T08:00:45.206684+00:00
1339,5188660857,48.33,0.05,buy,False,2022-10-21T08:00:45.095606+00:00
1340,5188660855,48.33,1.0,buy,False,2022-10-21T08:00:45.074934+00:00
1341,5188660849,48.33,0.15,buy,False,2022-10-21T08:00:45.012020+00:00
1342,5188660844,48.33,1.0,buy,False,2022-10-21T08:00:44.830783+00:00
1343,5188660836,48.33,1.0,buy,False,2022-10-21T08:00:44.608582+00:00
1344,5188660834,48.33,0.15,buy,False,2022-10-21T08:00:44.572662+00:00
1345,5188660826,48.33,1.0,buy,False,2022-10-21T08:00:44.413555+00:00
1346,5188660819,48.695,0.05,buy,False,2022-10-21T08:00:44.329014+00:00
1347,5188660818,47.86,0.95,sell,False,2022-10-21T08:00:44.324471+00:00
1348,5188660817,47.89,0.05,sell,False,2022-10-21T08:00:44.324471+00:00
1349,5188660816,48.695,0.15,buy,False,2022-10-21T08:00:44.296346+00:00
1350,5188660796,48.205,1.0,buy,False,2022-10-21T08:00:44.110007+00:00
1351,5188660789,48.205,0.05,buy,False,2022-10-21T08:00:43.962769+00:00
1352,5188660788,48.205,0.15,buy,False,2022-10-21T08:00:43.953440+00:00
1353,5188660784,48.205,1.0,buy,False,2022-10-21T08:00:43.913601+00:00
1354,5188660762,48.205,8.7,buy,False,2022-10-21T08:00:43.729929+00:00
1355,5188660759,48.205,2.5,buy,False,2022-10-21T08:00:43.708416+00:00
1356,5188660755,48.205,0.05,buy,False,2022-10-21T08:00:43.611396+00:00
1357,5188660753,48.205,0.15,buy,False,2022-10-21T08:00:43.587525+00:00
1358,5188660747,48.205,5.0,buy,False,2022-10-21T08:00:43.513124+00:00
1359,5188660724,48.145,141.6,buy,False,2022-10-21T08:00:43.316707+00:00
1360,5188660723,48.145,0.05,buy,False,2022-10-21T08:00:43.303602+00:00
1361,5188660717,48.145,0.15,buy,False,2022-10-21T08:00:43.276783+00:00
1362,5188660704,48.52,0.15,buy,False,2022-10-21T08:00:42.986475+00:00
1363,5188660699,48.52,0.05,buy,False,2022-10-21T08:00:42.902188+00:00
1364,5188660685,48.52,0.15,buy,False,2022-10-21T08:00:42.610689+00:00
1365,5188660675,48.52,0.05,buy,False,2022-10-21T08:00:42.493287+00:00
1366,5188660638,48.7,0.15,buy,False,2022-10-21T08:00:42.089591+00:00
1367,5188660632,48.7,0.05,buy,False,2022-10-21T08:00:42.079756+00:00
1368,5188660593,48.7,0.15,buy,False,2022-10-21T08:00:41.748709+00:00
1369,5188660558,48.7,0.05,buy,False,2022-10-21T08:00:41.558235+00:00
1370,5188660549,48.7,0.15,buy,False,2022-10-21T08:00:41.454099+00:00
1371,5188660516,48.7,0.05,buy,False,2022-10-21T08:00:41.182800+00:00
1372,5188660510,48.7,0.15,buy,False,2022-10-21T08:00:41.099970+00:00
1373,5188660467,48.7,0.05,buy,False,2022-10-21T08:00:40.785519+00:00
1374,5188660452,48.7,0.15,buy,False,2022-10-21T08:00:40.697920+00:00
1375,5188660418,48.7,0.05,buy,False,2022-10-21T08:00:40.279242+00:00
1376,5188660416,48.7,0.15,buy,False,2022-10-21T08:00:40.248232+00:00
1377,5188660361,48.7,0.05,buy,False,2022-10-21T08:00:39.877749+00:00
1378,5188660360,48.7,0.15,buy,False,2022-10-21T08:00:39.859420+00:00
1379,5188660268,48.7,0.05,buy,False,2022-10-21T08:00:39.131377+00:00
1380,5188660267,48.7,0.15,buy,False,2022-10-21T08:00:39.065721+00:00
1381,5188660195,48.7,0.05,buy,False,2022-10-21T08:00:38.406338+00:00
1382,5188660190,48.7,0.15,buy,False,2022-10-21T08:00:38.380644+00:00
1383,5188660110,48.7,0.05,buy,False,2022-10-21T08:00:37.892133+00:00
1384,5188660099,48.7,0.15,buy,False,2022-10-21T08:00:37.785908+00:00
1385,5188660044,48.7,0.05,buy,False,2022-10-21T08:00:37.361506+00:00
1386,5188660042,48.7,0.15,buy,False,2022-10-21T08:00:37.323936+00:00
1387,5188660007,48.7,0.05,buy,False,2022-10-21T08:00:36.919446+00:00
1388,5188660006,48.7,0.15,buy,False,2022-10-21T08:00:36.906561+00:00
1389,5188659995,48.7,0.05,buy,False,2022-10-21T08:00:36.565441+00:00
1390,5188659990,48.7,0.15,buy,False,2022-10-21T08:00:36.509094+00:00
1391,5188659956,48.7,0.05,buy,False,2022-10-21T08:00:36.202919+00:00
1392,5188659947,48.7,0.15,buy,False,2022-10-21T08:00:36.155951+00:00
1393,5188659857,48.835,0.15,buy,False,2022-10-21T08:00:35.151849+00:00
1394,5188659852,48.835,0.05,buy,False,2022-10-21T08:00:35.077240+00:00
1395,5188659824,48.835,0.05,buy,False,2022-10-21T08:00:34.774829+00:00
1396,5188659821,48.835,0.15,buy,False,2022-10-21T08:00:34.741904+00:00
1397,5188659768,48.835,0.05,buy,False,2022-10-21T08:00:34.262476+00:00
1398,5188659767,48.835,0.15,buy,False,2022-10-21T08:00:34.246172+00:00
1399,5188659712,48.835,0.05,buy,False,2022-10-21T08:00:33.771055+00:00
1400,5188659711,48.835,0.15,buy,False,2022-10-21T08:00:33.736292+00:00
1401,5188659325,49.21,1.5,buy,False,2022-10-21T08:00:31.016500+00:00
1402,5188659303,49.21,2.5,buy,False,2022-10-21T08:00:30.795933+00:00
1403,5188659276,49.21,5.0,buy,False,2022-10-21T08:00:30.513429+00:00
1404,5188658779,49.365,0.05,sell,False,2022-10-21T08:00:28.461504+00:00
1405,5188658665,49.41,1.15,buy,False,2022-10-21T08:00:27.312592+00:00
1406,5188658658,49.41,0.55,buy,False,2022-10-21T08:00:27.306274+00:00
1407,5188658584,49.41,0.6,buy,False,2022-10-21T08:00:26.835455+00:00
1408,5188658578,49.41,1.55,buy,False,2022-10-21T08:00:26.751145+00:00
1409,5188658499,49.41,1.1,buy,False,2022-10-21T08:00:26.450496+00:00
1410,5188658491,49.41,2.25,buy,False,2022-10-21T08:00:26.407138+00:00
1411,5188658455,49.41,3.15,buy,False,2022-10-21T08:00:26.038754+00:00
