,id,price,size,side,liquidation,time
0,5400745806,45.89,0.2,buy,False,2022-11-10T08:33:24.331959+00:00
1,5400745805,45.59,0.2,buy,False,2022-11-10T08:33:24.331959+00:00
2,5400745804,45.29,0.2,buy,False,2022-11-10T08:33:24.331959+00:00
3,5400745803,44.99,0.2,buy,False,2022-11-10T08:33:24.331959+00:00
4,5400620343,44.4,0.05,sell,False,2022-11-10T08:17:20.144819+00:00
5,5400620342,44.7,0.2,sell,False,2022-11-10T08:17:20.144819+00:00
6,5400620341,44.99,0.2,sell,False,2022-11-10T08:17:20.144819+00:00
7,5400620340,45.0,1.55,sell,False,2022-11-10T08:17:20.144819+00:00
8,5400619253,45.0,20.0,sell,False,2022-11-10T08:17:11.984138+00:00
9,5400618211,45.0,0.67,sell,False,2022-11-10T08:17:03.056281+00:00
10,5400618210,45.29,0.2,sell,False,2022-11-10T08:17:03.056281+00:00
11,5400618209,45.59,0.2,sell,False,2022-11-10T08:17:03.056281+00:00
12,5400616852,50.28,0.21,sell,False,2022-11-10T08:16:51.236176+00:00
13,5400616785,50.28,0.63,sell,False,2022-11-10T08:16:50.323840+00:00
14,5400616784,50.29,0.37,sell,False,2022-11-10T08:16:50.323840+00:00
15,5400616060,50.29,1.0,sell,False,2022-11-10T08:16:44.612182+00:00
16,5400615040,50.29,1.0,sell,False,2022-11-10T08:16:37.737228+00:00
17,5400210157,60.0,0.85,buy,False,2022-11-10T07:26:06.410876+00:00
18,5400201592,60.0,0.16,buy,False,2022-11-10T07:25:13.892977+00:00
19,5400076308,48.0,0.24,buy,False,2022-11-10T07:11:47.547650+00:00
20,5398355666,60.0,23.97,buy,False,2022-11-10T03:16:20.019318+00:00
21,5398046674,60.0,0.01,buy,False,2022-11-10T02:27:20.306487+00:00
22,5397889903,45.89,0.2,buy,False,2022-11-10T02:00:55.505230+00:00
23,5397889902,45.59,0.2,buy,False,2022-11-10T02:00:55.505230+00:00
24,5397889901,45.29,0.09,buy,False,2022-11-10T02:00:55.505230+00:00
25,5397889715,45.29,0.11,buy,False,2022-11-10T02:00:54.286666+00:00
26,5397889714,44.99,0.2,buy,False,2022-11-10T02:00:54.286666+00:00
27,5397889713,44.7,0.2,buy,False,2022-11-10T02:00:54.286666+00:00
28,5397889712,44.4,0.2,buy,False,2022-11-10T02:00:54.286666+00:00
29,5397845511,43.81,0.07,sell,False,2022-11-10T01:55:49.409835+00:00
30,5397845510,44.1,0.2,sell,False,2022-11-10T01:55:49.409835+00:00
31,5397845509,44.4,0.2,sell,False,2022-11-10T01:55:49.409835+00:00
32,5397845508,44.7,0.2,sell,False,2022-11-10T01:55:49.409835+00:00
33,5397845507,44.99,0.2,sell,False,2022-11-10T01:55:49.409835+00:00
34,5397845506,45.29,0.08,sell,False,2022-11-10T01:55:49.409835+00:00
35,5397827483,45.59,0.2,sell,False,2022-11-10T01:53:52.416809+00:00
36,5396153443,60.56,15.22,buy,False,2022-11-09T23:11:33.595211+00:00
37,5396153442,54.96,1.9,buy,False,2022-11-09T23:11:33.595211+00:00
38,5396147713,54.95,0.26,buy,False,2022-11-09T23:11:10.164610+00:00
39,5396115742,54.95,1.0,buy,False,2022-11-09T23:09:34.586397+00:00
40,5396095689,45.89,0.2,buy,False,2022-11-09T23:08:39.245029+00:00
41,5395984912,45.29,0.12,sell,False,2022-11-09T23:00:40.839014+00:00
42,5395984911,45.59,0.06,sell,False,2022-11-09T23:00:40.839014+00:00
43,5395636896,51.99,0.96,buy,False,2022-11-09T22:28:49.841966+00:00
44,5395486245,45.96,0.19,buy,False,2022-11-09T22:15:22.507800+00:00
45,5395486244,45.68,0.21,buy,False,2022-11-09T22:15:22.507800+00:00
46,5395212776,45.59,0.14,sell,False,2022-11-09T21:57:21.831651+00:00
47,5394787694,45.93,0.4,sell,False,2022-11-09T21:32:54.647650+00:00
48,5394787686,45.93,0.4,sell,False,2022-11-09T21:32:54.629875+00:00
49,5394784822,45.89,0.2,buy,False,2022-11-09T21:32:40.403692+00:00
50,5394782228,45.59,0.2,buy,False,2022-11-09T21:32:26.624388+00:00
51,5394776739,45.29,0.2,buy,False,2022-11-09T21:32:04.399696+00:00
52,5394707505,44.99,0.2,buy,False,2022-11-09T21:29:03.262344+00:00
53,5394678594,44.7,0.2,buy,False,2022-11-09T21:27:50.780375+00:00
54,5394655636,44.4,0.2,buy,False,2022-11-09T21:26:46.951436+00:00
55,5394594312,44.1,0.2,buy,False,2022-11-09T21:23:18.041464+00:00
56,5394590361,43.81,0.2,buy,False,2022-11-09T21:23:05.714462+00:00
57,5394575615,43.51,0.14,buy,False,2022-11-09T21:22:21.115946+00:00
58,5394560848,43.21,0.2,buy,False,2022-11-09T21:21:25.000435+00:00
59,5393534909,42.92,0.2,sell,False,2022-11-09T20:08:17.482952+00:00
60,5393481540,43.51,0.06,buy,False,2022-11-09T20:03:28.912070+00:00
61,5393481539,43.21,0.2,buy,False,2022-11-09T20:03:28.912070+00:00
62,5393479266,40.0,8.0,sell,False,2022-11-09T20:03:12.889880+00:00
63,5393479265,41.51,2.0,sell,False,2022-11-09T20:03:12.889880+00:00
64,5393479264,41.6,2.76,sell,False,2022-11-09T20:03:12.889880+00:00
65,5393479263,42.0,0.47,sell,False,2022-11-09T20:03:12.889880+00:00
66,5393479262,42.0,0.23,sell,False,2022-11-09T20:03:12.889880+00:00
67,5393479261,42.92,0.2,sell,False,2022-11-09T20:03:12.889880+00:00
68,5393479260,43.21,0.2,sell,False,2022-11-09T20:03:12.889880+00:00
69,5393479259,43.51,0.2,sell,False,2022-11-09T20:03:12.889880+00:00
70,5393479258,43.81,0.2,sell,False,2022-11-09T20:03:12.889880+00:00
71,5393479257,43.92,0.21,sell,False,2022-11-09T20:03:12.889880+00:00
72,5393479256,44.1,0.2,sell,False,2022-11-09T20:03:12.889880+00:00
73,5393479255,44.4,0.2,sell,False,2022-11-09T20:03:12.889880+00:00
74,5393479254,44.7,0.2,sell,False,2022-11-09T20:03:12.889880+00:00
75,5393479253,44.99,0.2,sell,False,2022-11-09T20:03:12.889880+00:00
76,5393479252,45.29,0.2,sell,False,2022-11-09T20:03:12.889880+00:00
77,5393479251,45.36,0.1,sell,False,2022-11-09T20:03:12.889880+00:00
78,5393479250,45.59,0.2,sell,False,2022-11-09T20:03:12.889880+00:00
79,5393479249,45.9,0.28,sell,False,2022-11-09T20:03:12.889880+00:00
80,5393479248,45.93,2.17,sell,False,2022-11-09T20:03:12.889880+00:00
81,5393479247,45.94,2.22,sell,False,2022-11-09T20:03:12.889880+00:00
82,5393479246,48.23,207.3,sell,False,2022-11-09T20:03:12.889880+00:00
83,5393452288,49.82,188.49,buy,False,2022-11-09T20:01:07.919474+00:00
84,5390824955,47.71,206.73,buy,False,2022-11-09T16:46:37.014791+00:00
85,5390824954,47.6,0.36,buy,False,2022-11-09T16:46:37.014791+00:00
86,5390824953,47.59,2.15,buy,False,2022-11-09T16:46:37.014791+00:00
87,5390824952,47.18,0.35,buy,False,2022-11-09T16:46:37.014791+00:00
88,5388036218,46.85,1.06,sell,False,2022-11-09T13:34:16.569396+00:00
89,5386865580,46.96,0.06,sell,False,2022-11-09T12:18:55.982074+00:00
90,5385127561,46.88,5.86,sell,True,2022-11-09T10:19:37.938098+00:00
91,5385127560,46.89,0.13,sell,True,2022-11-09T10:19:37.938098+00:00
92,5384759486,47.49,0.13,buy,False,2022-11-09T10:00:50.322701+00:00
93,5382753556,47.0,1.0,sell,False,2022-11-09T07:50:29.810461+00:00
94,5378163952,46.99,1.0,sell,False,2022-11-09T01:07:02.277850+00:00
95,5375636582,47.01,5.74,sell,False,2022-11-08T21:51:39.554894+00:00
96,5371847000,46.86,1.0,buy,False,2022-11-08T19:25:13.728384+00:00
97,5371500220,47.03,6.73,sell,False,2022-11-08T19:15:54.414718+00:00
98,5370097902,46.31,7.43,buy,False,2022-11-08T18:31:28.313617+00:00
99,5370097655,46.34,0.14,sell,False,2022-11-08T18:31:27.630006+00:00
100,5370079293,46.44,0.19,sell,False,2022-11-08T18:30:53.327709+00:00
101,5369720587,46.5,0.16,buy,True,2022-11-08T18:22:11.260345+00:00
102,5368689474,47.52,8.44,sell,False,2022-11-08T18:03:00.084274+00:00
103,5368172051,47.46,0.87,sell,False,2022-11-08T17:48:27.916929+00:00
104,5364144185,47.29,1.35,buy,False,2022-11-08T15:19:40.546175+00:00
105,5363564328,46.96,0.06,buy,False,2022-11-08T14:45:29.551805+00:00
106,5363272044,47.01,0.1,sell,False,2022-11-08T14:32:02.661644+00:00
107,5358422356,47.07,3.73,sell,False,2022-11-08T06:41:06.609553+00:00
108,5353141788,46.44,0.02,sell,True,2022-11-08T02:48:59.344650+00:00
109,5351622365,47.08,3.09,sell,False,2022-11-07T23:36:02.264617+00:00
110,5348307374,46.94,3.0,sell,False,2022-11-07T17:11:17.507086+00:00
111,5347308954,47.42,6.63,sell,False,2022-11-07T15:36:13.090841+00:00
112,5345179058,47.44,1.62,sell,False,2022-11-07T11:25:21.347631+00:00
113,5339716719,47.24,0.32,buy,False,2022-11-07T00:06:14.744146+00:00
114,5339319000,47.23,0.06,buy,False,2022-11-06T23:32:22.676382+00:00
115,5336162646,47.19,1.99,sell,False,2022-11-06T16:18:16.629670+00:00
116,5335311498,47.19,0.02,sell,False,2022-11-06T15:06:04.096018+00:00
117,5334054284,47.5,0.01,buy,False,2022-11-06T11:45:25.508024+00:00
118,5334054283,47.49,0.13,buy,False,2022-11-06T11:45:25.508024+00:00
119,5317487142,47.02,0.88,buy,False,2022-11-04T17:20:03.502099+00:00
120,5313092161,47.33,0.59,buy,False,2022-11-04T11:41:15.076556+00:00
121,5312112991,47.08,0.63,sell,False,2022-11-04T09:33:45.710232+00:00
122,5309846523,46.74,7.22,buy,False,2022-11-04T05:08:17.514039+00:00
123,5302891765,46.0,0.32,sell,False,2022-11-03T13:01:59.424505+00:00
124,5302890727,46.15,0.49,buy,False,2022-11-03T13:01:49.028129+00:00
125,5301860729,46.18,0.03,buy,False,2022-11-03T11:11:32.675144+00:00
126,5301860463,46.18,0.04,buy,False,2022-11-03T11:11:31.620053+00:00
127,5301859613,46.18,0.04,buy,False,2022-11-03T11:11:30.593930+00:00
128,5301858872,46.18,0.05,buy,False,2022-11-03T11:11:29.722509+00:00
129,5301858017,46.18,0.07,buy,False,2022-11-03T11:11:28.786412+00:00
130,5301857909,46.18,0.09,buy,False,2022-11-03T11:11:28.024705+00:00
131,5301857873,46.18,0.11,buy,False,2022-11-03T11:11:27.588368+00:00
132,5301857798,46.18,0.14,buy,False,2022-11-03T11:11:26.886346+00:00
133,5300698792,46.71,0.38,buy,False,2022-11-03T08:04:22.891381+00:00
134,5296038081,47.08,0.42,buy,False,2022-11-02T19:56:38.344467+00:00
135,5293219191,47.56,0.21,buy,False,2022-11-02T17:48:18.483499+00:00
136,5292730826,47.03,2.59,sell,True,2022-11-02T16:29:40.733969+00:00
137,5292396937,47.33,1.33,buy,False,2022-11-02T15:15:42.003546+00:00
138,5291070808,47.86,3.0,sell,False,2022-11-02T11:06:51.470691+00:00
139,5290889038,48.01,3.0,buy,False,2022-11-02T10:30:03.532650+00:00
140,5285003107,47.84,21.0,sell,False,2022-11-01T18:09:01.722913+00:00
141,5283264047,47.8,0.82,sell,False,2022-11-01T13:41:38.537248+00:00
142,5283176109,48.09,0.05,sell,False,2022-11-01T13:30:37.218487+00:00
143,5283171029,49.65,0.55,sell,False,2022-11-01T13:30:02.926260+00:00
144,5282879729,50.6,0.05,buy,False,2022-11-01T12:34:50.632414+00:00
145,5282879378,49.65,0.05,buy,False,2022-11-01T12:34:45.452547+00:00
146,5282539893,47.8,0.18,buy,False,2022-11-01T11:40:31.749695+00:00
147,5272733846,47.23,0.44,sell,False,2022-10-31T12:53:13.627729+00:00
148,5270678724,47.38,0.84,buy,False,2022-10-31T08:23:04.853432+00:00
149,5267062565,47.5,0.32,buy,False,2022-10-30T22:15:46.164946+00:00
150,5258904613,47.43,0.09,sell,False,2022-10-30T00:12:35.967440+00:00
151,5257560299,47.43,0.14,sell,False,2022-10-29T20:11:39.906349+00:00
152,5251018121,47.7,3.14,buy,False,2022-10-29T07:52:25.653986+00:00
153,5248536009,47.28,0.21,sell,False,2022-10-28T23:54:01.024515+00:00
154,5247789025,47.47,0.1,sell,False,2022-10-28T20:42:20.227164+00:00
155,5246820809,46.63,0.21,sell,False,2022-10-28T17:36:14.011590+00:00
156,5245611323,47.22,0.05,buy,False,2022-10-28T15:20:52.090471+00:00
157,5245610764,47.15,0.3,buy,False,2022-10-28T15:20:46.436579+00:00
158,5244980065,46.5,11.42,buy,False,2022-10-28T14:02:54.290487+00:00
159,5244649972,45.89,0.2,buy,False,2022-10-28T13:32:01.673811+00:00
160,5238506956,45.59,0.2,sell,False,2022-10-27T20:30:03.824651+00:00
161,5236901781,45.93,0.07,sell,False,2022-10-27T16:45:14.891519+00:00
162,5234029128,46.07,1.04,buy,False,2022-10-27T11:02:00.900086+00:00
163,5230024483,46.27,0.47,buy,False,2022-10-27T00:07:04.313486+00:00
164,5229698063,46.17,0.84,buy,False,2022-10-26T23:16:33.217872+00:00
165,5229375528,46.03,11.0,sell,False,2022-10-26T22:23:43.067912+00:00
166,5228326009,46.04,11.31,sell,False,2022-10-26T19:26:18.864325+00:00
167,5226582361,46.55,0.23,buy,False,2022-10-26T15:30:55.905499+00:00
168,5225034108,45.89,0.2,buy,False,2022-10-26T13:35:00.767079+00:00
169,5214232289,45.59,0.2,buy,False,2022-10-25T14:23:34.213289+00:00
170,5213669955,45.29,0.2,sell,False,2022-10-25T13:32:20.646203+00:00
171,5213600080,45.3,0.11,sell,False,2022-10-25T13:25:28.002890+00:00
172,5211729927,45.66,4.39,buy,False,2022-10-25T04:47:36.879475+00:00
173,5207743684,45.59,0.2,buy,False,2022-10-24T13:45:51.164694+00:00
174,5207732019,45.53,0.22,buy,False,2022-10-24T13:45:15.456874+00:00
175,5207632059,45.29,0.2,buy,False,2022-10-24T13:35:08.253896+00:00
176,5207631412,45.21,0.3,buy,False,2022-10-24T13:35:02.441798+00:00
177,5207396496,44.99,0.2,buy,False,2022-10-24T12:48:21.693998+00:00
178,5206305723,44.7,0.2,sell,False,2022-10-24T08:40:36.500563+00:00
179,5203103168,44.9,0.15,sell,False,2022-10-23T21:06:35.963375+00:00
180,5193485146,44.9,0.07,sell,False,2022-10-21T22:31:43.027547+00:00
181,5192819983,44.99,0.2,buy,False,2022-10-21T19:18:26.092944+00:00
182,5192634061,44.7,0.2,sell,False,2022-10-21T18:30:15.834634+00:00
183,5192166413,45.03,0.21,sell,False,2022-10-21T16:52:08.478700+00:00
184,5191840834,44.99,0.2,buy,False,2022-10-21T16:04:20.327596+00:00
185,5191366840,44.69,0.22,sell,False,2022-10-21T14:52:01.581356+00:00
186,5191359406,44.7,0.2,sell,False,2022-10-21T14:50:37.704336+00:00
187,5191057566,44.99,0.2,buy,False,2022-10-21T14:08:08.347627+00:00
188,5191003488,44.9,0.7,buy,False,2022-10-21T14:02:43.451942+00:00
189,5190945200,44.7,0.2,buy,False,2022-10-21T13:57:19.104873+00:00
190,5190834186,44.4,0.2,buy,False,2022-10-21T13:45:32.957874+00:00
191,5190827932,44.34,2.29,buy,False,2022-10-21T13:45:15.867186+00:00
192,5190772297,44.1,0.2,buy,False,2022-10-21T13:38:35.746238+00:00
193,5190742270,43.81,0.2,buy,False,2022-10-21T13:35:03.073044+00:00
194,5190722524,43.51,0.2,buy,False,2022-10-21T13:32:47.881642+00:00
195,5190525224,43.21,0.2,buy,False,2022-10-21T13:08:49.188341+00:00
196,5185612545,42.92,0.2,sell,False,2022-10-20T18:43:21.170959+00:00
197,5184576145,43.32,1.27,buy,False,2022-10-20T16:03:11.374544+00:00
198,5183436771,43.21,0.2,buy,False,2022-10-20T12:22:46.488444+00:00
199,5182304315,43.07,0.11,sell,False,2022-10-20T07:06:01.763904+00:00
200,5178733386,42.96,0.11,buy,False,2022-10-19T17:35:11.942723+00:00
201,5178466204,42.92,0.2,sell,False,2022-10-19T16:39:36.807282+00:00
202,5177761300,43.21,0.2,buy,False,2022-10-19T14:22:59.015977+00:00
203,5177694247,42.92,0.2,sell,False,2022-10-19T14:12:22.309838+00:00
204,5177553784,43.21,0.2,sell,False,2022-10-19T13:51:07.613495+00:00
205,5177507227,43.51,0.2,sell,False,2022-10-19T13:46:00.213788+00:00
206,5177437233,43.81,0.2,sell,False,2022-10-19T13:38:01.127456+00:00
207,5177115834,44.08,0.07,buy,False,2022-10-19T12:30:36.430520+00:00
208,5172235874,44.27,2.6,buy,False,2022-10-18T18:18:37.987054+00:00
209,5172063839,44.1,0.2,buy,False,2022-10-18T17:34:01.235856+00:00
210,5171433991,43.81,0.2,sell,False,2022-10-18T15:29:15.430691+00:00
211,5170309952,44.34,10.98,buy,False,2022-10-18T12:37:40.353306+00:00
212,5170064477,44.02,0.15,sell,False,2022-10-18T11:25:10.924112+00:00
213,5167451576,44.1,0.12,sell,False,2022-10-18T00:34:13.962661+00:00
214,5167451573,44.1,0.71,buy,False,2022-10-18T00:34:13.888671+00:00
215,5167451572,44.1,0.2,buy,False,2022-10-18T00:34:13.888671+00:00
216,5166027250,43.81,0.2,buy,False,2022-10-17T17:30:57.990791+00:00
217,5165534873,43.74,1.05,buy,False,2022-10-17T15:39:17.582005+00:00
218,5165508910,43.68,0.25,buy,False,2022-10-17T15:33:49.594408+00:00
219,5164911118,43.51,0.2,buy,False,2022-10-17T13:51:06.554934+00:00
220,5164401308,43.03,0.69,sell,False,2022-10-17T12:14:42.608493+00:00
221,5163900218,43.21,0.2,buy,False,2022-10-17T10:08:20.191896+00:00
222,5161224231,43.14,0.23,buy,False,2022-10-16T20:12:24.319862+00:00
223,5157880165,43.08,1.05,buy,False,2022-10-16T01:03:05.095590+00:00
224,5149467315,42.69,0.11,buy,False,2022-10-14T14:41:19.398894+00:00
225,5149373171,42.64,0.52,buy,False,2022-10-14T14:30:47.782339+00:00
226,5148989490,42.92,0.2,sell,False,2022-10-14T14:00:08.597710+00:00
227,5148800998,43.21,0.2,buy,False,2022-10-14T13:35:14.514693+00:00
228,5141632045,42.57,12.35,buy,False,2022-10-13T15:17:45.196308+00:00
229,5139367804,42.69,0.34,sell,False,2022-10-13T12:30:25.476428+00:00
230,5139358854,42.92,0.2,sell,False,2022-10-13T12:30:21.754897+00:00
231,5137751351,43.21,0.2,buy,False,2022-10-13T09:55:39.810758+00:00
232,5137747877,43.1,1.0,buy,False,2022-10-13T09:54:42.537173+00:00
233,5137580652,42.3,0.09,buy,False,2022-10-13T09:15:54.201831+00:00
234,5134273693,42.01,14.23,sell,False,2022-10-12T20:07:00.690465+00:00
235,5132640331,42.66,2.38,buy,False,2022-10-12T13:35:22.180207+00:00
236,5124913738,41.51,1.99,sell,False,2022-10-11T06:11:30.609138+00:00
237,5124913722,41.51,0.16,sell,False,2022-10-11T06:11:30.039914+00:00
238,5124913721,41.6,0.72,sell,False,2022-10-11T06:11:30.039914+00:00
239,5124912409,41.72,0.12,sell,False,2022-10-11T06:11:16.711733+00:00
240,5124085914,41.75,1.32,sell,False,2022-10-11T02:12:18.150850+00:00
241,5120098526,42.36,0.2,buy,False,2022-10-10T12:23:42.822548+00:00
242,5119506344,42.35,1.07,buy,False,2022-10-10T09:27:17.617657+00:00
243,5112257348,42.2,1.74,sell,False,2022-10-08T07:26:57.687380+00:00
244,5112257045,42.21,0.28,sell,False,2022-10-08T07:26:41.160410+00:00
245,5110786587,42.2,0.9,sell,False,2022-10-07T21:06:31.818962+00:00
246,5110541389,42.21,0.6,buy,False,2022-10-07T19:49:34.852005+00:00
247,5109249961,42.58,0.7,buy,False,2022-10-07T15:07:31.097746+00:00
248,5108886912,42.59,0.9,buy,False,2022-10-07T14:00:38.407225+00:00
249,5108740742,42.75,0.01,sell,False,2022-10-07T13:36:59.990602+00:00
250,5108726408,42.34,2.67,sell,False,2022-10-07T13:34:48.256383+00:00
251,5108726215,42.32,4.38,sell,False,2022-10-07T13:34:44.743398+00:00
252,5108724295,42.92,0.2,sell,False,2022-10-07T13:34:23.564610+00:00
253,5105806162,43.03,0.14,sell,False,2022-10-07T01:12:23.407466+00:00
254,5104792807,43.15,0.19,buy,False,2022-10-06T20:45:42.806097+00:00
255,5104251016,43.21,0.2,sell,False,2022-10-06T18:18:16.809611+00:00
256,5104187873,43.29,1.28,sell,False,2022-10-06T18:02:51.678687+00:00
257,5104060077,43.37,0.11,sell,False,2022-10-06T17:30:00.167343+00:00
258,5103966273,43.43,0.11,buy,False,2022-10-06T17:19:08.865227+00:00
259,5103932413,43.32,0.12,sell,False,2022-10-06T17:11:17.995471+00:00
260,5102824414,43.5,1.5,sell,False,2022-10-06T14:05:06.851245+00:00
261,5102742301,43.51,0.2,sell,False,2022-10-06T14:00:03.389998+00:00
262,5102733953,43.56,9.23,buy,False,2022-10-06T13:58:59.142969+00:00
263,5102557835,43.61,2.0,sell,False,2022-10-06T13:35:26.257144+00:00
264,5102534399,43.81,0.2,sell,False,2022-10-06T13:31:50.152676+00:00
265,5100063114,44.24,13.32,sell,False,2022-10-06T02:43:29.054729+00:00
266,5099442485,44.34,0.02,buy,False,2022-10-06T00:37:00.375491+00:00
267,5097924498,44.2,3.69,sell,False,2022-10-05T18:19:10.162917+00:00
268,5097754911,44.16,0.41,buy,False,2022-10-05T17:41:15.704924+00:00
269,5097659886,44.1,0.2,buy,False,2022-10-05T17:20:50.818649+00:00
270,5097325974,43.96,0.1,buy,False,2022-10-05T16:25:12.318727+00:00
271,5097273179,43.95,0.05,sell,False,2022-10-05T16:19:01.051987+00:00
272,5096772427,43.81,0.2,sell,False,2022-10-05T14:55:53.498510+00:00
273,5096769581,43.85,2.68,sell,False,2022-10-05T14:55:22.269845+00:00
274,5096769580,43.85,4.39,sell,False,2022-10-05T14:55:22.269845+00:00
275,5096769579,43.85,2.0,sell,False,2022-10-05T14:55:22.269845+00:00
276,5096495534,44.13,0.04,buy,False,2022-10-05T14:10:56.108593+00:00
277,5096391823,44.1,0.2,sell,False,2022-10-05T13:54:01.765865+00:00
278,5092304778,44.65,0.01,buy,False,2022-10-04T20:23:51.452255+00:00
279,5090556301,44.4,0.2,sell,False,2022-10-04T14:28:16.974592+00:00
280,5090205909,44.7,0.2,buy,False,2022-10-04T13:39:03.069155+00:00
281,5089061978,44.39,0.88,buy,False,2022-10-04T08:55:57.006636+00:00
282,5088096177,44.4,0.2,buy,False,2022-10-04T06:05:23.346733+00:00
283,5088028329,44.15,0.23,sell,False,2022-10-04T05:43:14.096659+00:00
284,5085909038,44.1,0.2,buy,False,2022-10-03T18:52:18.985647+00:00
285,5085255881,43.81,0.2,sell,False,2022-10-03T16:20:52.569664+00:00
286,5084910132,43.95,0.51,sell,False,2022-10-03T15:07:41.821859+00:00
287,5084800918,44.1,0.2,buy,False,2022-10-03T14:47:55.467147+00:00
288,5084377809,43.81,0.2,sell,False,2022-10-03T13:52:23.956107+00:00
289,5083991227,44.1,0.2,buy,False,2022-10-03T12:42:50.608663+00:00
290,5081432201,43.84,0.14,buy,False,2022-10-03T00:00:53.284733+00:00
291,5079463696,43.79,0.2,sell,False,2022-10-02T15:01:11.563556+00:00
292,5079456144,44.07,0.2,buy,False,2022-10-02T14:58:57.693341+00:00
293,5077966882,43.99,0.23,buy,False,2022-10-02T07:46:12.243375+00:00
294,5076652977,43.8,6.6,sell,False,2022-10-01T22:26:21.862546+00:00
295,5076652976,43.81,0.2,sell,False,2022-10-01T22:26:21.862546+00:00
296,5074954509,44.08,0.01,buy,False,2022-10-01T12:25:47.998901+00:00
297,5074487917,44.08,0.2,buy,False,2022-10-01T09:09:05.074368+00:00
298,5074487915,44.08,0.2,buy,False,2022-10-01T09:09:04.799653+00:00
299,5074487910,44.08,0.2,buy,False,2022-10-01T09:09:04.493231+00:00
300,5074487905,44.08,0.2,buy,False,2022-10-01T09:09:04.273633+00:00
301,5074487890,44.08,0.2,buy,False,2022-10-01T09:09:03.941358+00:00
302,5074487885,44.08,0.2,buy,False,2022-10-01T09:09:03.658434+00:00
303,5074286473,44.0,1.11,sell,False,2022-10-01T07:45:00.956046+00:00
304,5072339571,43.94,0.51,buy,False,2022-09-30T20:30:45.156754+00:00
305,5072184520,45.08,0.99,buy,False,2022-09-30T20:01:12.258364+00:00
306,5072170354,43.73,0.01,sell,False,2022-09-30T19:59:47.206850+00:00
307,5072168838,43.73,0.01,sell,False,2022-09-30T19:59:34.409355+00:00
308,5072167091,43.75,0.01,sell,False,2022-09-30T19:59:21.337395+00:00
309,5072165297,43.78,0.01,sell,False,2022-09-30T19:59:09.136954+00:00
310,5072163501,43.75,0.01,sell,False,2022-09-30T19:58:56.690743+00:00
311,5072161583,43.78,0.01,sell,False,2022-09-30T19:58:43.928223+00:00
312,5072160171,43.81,0.01,sell,False,2022-09-30T19:58:30.498101+00:00
313,5072159097,43.78,0.01,sell,False,2022-09-30T19:58:18.308592+00:00
314,5072157337,43.79,0.01,sell,False,2022-09-30T19:58:04.895190+00:00
315,5072155346,43.81,0.01,sell,False,2022-09-30T19:57:52.343993+00:00
316,5072154197,43.77,0.01,sell,False,2022-09-30T19:57:39.840853+00:00
317,5072152963,43.77,0.01,sell,False,2022-09-30T19:57:27.115318+00:00
318,5072150985,43.79,0.01,sell,False,2022-09-30T19:57:13.942698+00:00
319,5072149838,43.76,0.01,sell,False,2022-09-30T19:57:01.479104+00:00
320,5072149047,43.76,0.01,sell,False,2022-09-30T19:56:48.844227+00:00
321,5072147955,43.83,0.01,sell,False,2022-09-30T19:56:35.714063+00:00
322,5072146806,43.84,0.01,sell,False,2022-09-30T19:56:22.652466+00:00
323,5072145698,43.8,0.01,sell,False,2022-09-30T19:56:10.353536+00:00
324,5072144457,43.88,0.01,sell,False,2022-09-30T19:55:57.211584+00:00
325,5072142772,43.9,0.01,sell,False,2022-09-30T19:55:45.166490+00:00
326,5072141673,43.94,0.01,sell,False,2022-09-30T19:55:31.674942+00:00
327,5072140710,43.95,0.01,sell,False,2022-09-30T19:55:19.494420+00:00
328,5072139146,43.95,0.01,sell,False,2022-09-30T19:55:06.205959+00:00
329,5072137349,43.95,0.01,sell,False,2022-09-30T19:54:53.799197+00:00
330,5072136070,43.95,0.01,sell,False,2022-09-30T19:54:40.735395+00:00
331,5072134831,43.98,0.01,sell,False,2022-09-30T19:54:28.559910+00:00
332,5072133395,43.95,0.01,sell,False,2022-09-30T19:54:15.620003+00:00
333,5072131619,43.96,0.01,sell,False,2022-09-30T19:54:02.170302+00:00
334,5072130116,43.92,0.01,sell,False,2022-09-30T19:53:49.478281+00:00
335,5072128552,43.97,0.01,sell,False,2022-09-30T19:53:37.332007+00:00
336,5072126650,43.98,0.01,sell,False,2022-09-30T19:53:24.567908+00:00
337,5072124374,44.0,0.01,sell,False,2022-09-30T19:53:11.970019+00:00
338,5072121780,43.98,0.01,sell,False,2022-09-30T19:52:59.092152+00:00
339,5072119026,43.92,0.01,sell,False,2022-09-30T19:52:45.763757+00:00
340,5072116086,43.97,0.01,sell,False,2022-09-30T19:52:33.527697+00:00
341,5072110306,43.97,0.01,sell,False,2022-09-30T19:52:20.672936+00:00
342,5072097272,43.98,0.01,sell,False,2022-09-30T19:52:08.130883+00:00
343,5072088727,43.92,0.01,sell,False,2022-09-30T19:51:54.765588+00:00
344,5072084379,44.0,0.01,sell,False,2022-09-30T19:51:41.699761+00:00
345,5072082291,43.98,0.01,sell,False,2022-09-30T19:51:29.465837+00:00
346,5072080365,43.98,0.01,sell,False,2022-09-30T19:51:16.607474+00:00
347,5072078207,43.98,0.01,sell,False,2022-09-30T19:51:03.957562+00:00
348,5072077093,44.02,0.01,sell,False,2022-09-30T19:50:50.919939+00:00
349,5072075267,43.98,0.01,sell,False,2022-09-30T19:50:38.297734+00:00
350,5072072434,44.0,0.01,sell,False,2022-09-30T19:50:25.746172+00:00
351,5072069913,44.02,0.01,sell,False,2022-09-30T19:50:12.763053+00:00
352,5072065555,44.11,0.01,sell,False,2022-09-30T19:50:00.450632+00:00
353,5072064347,44.11,0.01,sell,False,2022-09-30T19:49:47.011275+00:00
354,5072063922,44.0,0.01,sell,False,2022-09-30T19:49:34.173921+00:00
355,5072063442,44.08,0.01,sell,False,2022-09-30T19:49:21.917425+00:00
356,5072062744,44.08,0.01,sell,False,2022-09-30T19:49:09.450332+00:00
357,5072062138,44.12,0.01,sell,False,2022-09-30T19:48:56.492891+00:00
358,5072061337,44.08,0.01,sell,False,2022-09-30T19:48:43.850905+00:00
359,5072060669,44.1,0.01,sell,False,2022-09-30T19:48:30.637587+00:00
360,5072059926,44.12,0.01,sell,False,2022-09-30T19:48:17.799251+00:00
361,5072058664,44.09,0.01,sell,False,2022-09-30T19:48:05.239353+00:00
362,5072057684,44.12,0.01,sell,False,2022-09-30T19:47:52.276435+00:00
363,5072057078,44.09,0.01,sell,False,2022-09-30T19:47:39.216633+00:00
364,5072056555,44.12,0.01,sell,False,2022-09-30T19:47:27.214528+00:00
365,5072055834,44.12,0.01,sell,False,2022-09-30T19:47:14.404597+00:00
366,5072054568,44.1,0.01,sell,False,2022-09-30T19:47:01.375028+00:00
367,5072053963,44.09,0.01,sell,False,2022-09-30T19:46:48.240206+00:00
368,5072053244,44.09,0.01,sell,False,2022-09-30T19:46:35.802447+00:00
369,5072052682,44.06,0.01,sell,False,2022-09-30T19:46:23.262948+00:00
370,5072051995,44.06,0.01,sell,False,2022-09-30T19:46:10.252419+00:00
371,5072051221,44.12,0.01,sell,False,2022-09-30T19:45:57.356776+00:00
372,5072050352,44.08,0.01,sell,False,2022-09-30T19:45:44.362924+00:00
373,5072049786,44.13,0.01,sell,False,2022-09-30T19:45:32.227568+00:00
374,5072048910,44.11,0.01,sell,False,2022-09-30T19:45:19.720436+00:00
375,5072048206,44.13,0.01,sell,False,2022-09-30T19:45:06.461511+00:00
376,5072047297,44.08,0.01,sell,False,2022-09-30T19:44:53.929806+00:00
377,5072046605,44.08,0.01,sell,False,2022-09-30T19:44:41.015280+00:00
378,5072045663,44.14,0.01,sell,False,2022-09-30T19:44:28.172024+00:00
379,5072045088,44.1,0.01,sell,False,2022-09-30T19:44:15.130761+00:00
380,5072044571,44.13,0.01,sell,False,2022-09-30T19:44:02.948792+00:00
381,5072043795,44.1,0.01,sell,False,2022-09-30T19:43:49.522917+00:00
382,5072042874,44.14,0.01,sell,False,2022-09-30T19:43:37.185987+00:00
383,5072041792,44.13,0.01,sell,False,2022-09-30T19:43:23.910444+00:00
384,5072041398,44.09,0.01,sell,False,2022-09-30T19:43:11.090471+00:00
385,5072040739,44.12,0.01,sell,False,2022-09-30T19:42:59.117381+00:00
386,5072040246,44.12,0.01,sell,False,2022-09-30T19:42:46.076706+00:00
387,5072039669,44.09,0.01,sell,False,2022-09-30T19:42:33.716424+00:00
388,5072038728,44.09,0.01,sell,False,2022-09-30T19:42:20.163433+00:00
389,5072037492,44.12,0.01,sell,False,2022-09-30T19:42:07.876542+00:00
390,5072036903,44.12,0.01,sell,False,2022-09-30T19:41:55.252440+00:00
391,5072036040,44.09,0.01,sell,False,2022-09-30T19:41:42.265159+00:00
392,5072035151,44.09,0.01,sell,False,2022-09-30T19:41:29.584034+00:00
393,5072034463,44.12,0.01,sell,False,2022-09-30T19:41:16.929031+00:00
394,5072033993,44.12,0.01,sell,False,2022-09-30T19:41:04.288464+00:00
395,5072032870,44.06,0.01,sell,False,2022-09-30T19:40:51.543439+00:00
396,5072032182,44.11,0.01,sell,False,2022-09-30T19:40:38.629747+00:00
397,5072031581,44.1,0.01,sell,False,2022-09-30T19:40:25.996045+00:00
398,5072030884,44.06,0.01,sell,False,2022-09-30T19:40:12.796624+00:00
399,5072030184,44.1,0.01,sell,False,2022-09-30T19:39:59.608720+00:00
400,5072029433,44.1,0.01,sell,False,2022-09-30T19:39:47.062940+00:00
401,5072028731,44.08,0.01,sell,False,2022-09-30T19:39:34.798191+00:00
402,5072027501,44.05,0.01,sell,False,2022-09-30T19:39:21.287699+00:00
403,5072026956,44.05,0.01,sell,False,2022-09-30T19:39:08.690373+00:00
404,5072026179,44.05,0.01,sell,False,2022-09-30T19:38:55.880657+00:00
405,5072025632,44.02,0.01,sell,False,2022-09-30T19:38:43.217568+00:00
406,5072025081,44.02,0.01,sell,False,2022-09-30T19:38:30.497427+00:00
407,5072024257,44.04,0.01,sell,False,2022-09-30T19:38:17.631237+00:00
408,5072023063,44.1,0.01,sell,False,2022-09-30T19:38:05.383139+00:00
409,5072021809,44.13,0.01,sell,False,2022-09-30T19:37:52.339003+00:00
410,5072020932,44.13,0.01,sell,False,2022-09-30T19:37:40.011200+00:00
411,5072019149,44.06,0.01,sell,False,2022-09-30T19:37:27.279917+00:00
412,5072018262,44.03,0.01,sell,False,2022-09-30T19:37:13.920020+00:00
413,5072017531,44.05,0.01,sell,False,2022-09-30T19:37:01.338581+00:00
414,5072016953,44.05,0.01,sell,False,2022-09-30T19:36:48.552814+00:00
415,5072016264,44.07,0.01,sell,False,2022-09-30T19:36:35.651845+00:00
416,5072015380,44.07,0.01,sell,False,2022-09-30T19:36:23.261118+00:00
417,5072014525,44.06,0.01,sell,False,2022-09-30T19:36:09.878991+00:00
418,5072011891,44.08,0.01,sell,False,2022-09-30T19:35:57.640788+00:00
419,5072011170,44.06,0.01,sell,False,2022-09-30T19:35:45.166426+00:00
420,5072010391,44.09,0.01,sell,False,2022-09-30T19:35:32.146210+00:00
421,5072009212,44.08,0.01,sell,False,2022-09-30T19:35:19.107618+00:00
422,5072007311,44.05,0.01,sell,False,2022-09-30T19:35:06.429092+00:00
423,5072006503,44.09,0.01,sell,False,2022-09-30T19:34:53.946241+00:00
424,5072005911,44.05,0.01,sell,False,2022-09-30T19:34:40.514750+00:00
425,5072005180,44.01,0.01,sell,False,2022-09-30T19:34:28.049393+00:00
426,5072004555,44.09,0.01,sell,False,2022-09-30T19:34:15.741150+00:00
427,5072003366,44.09,0.01,sell,False,2022-09-30T19:34:02.236004+00:00
428,5072002434,44.07,0.01,sell,False,2022-09-30T19:33:49.476185+00:00
429,5072001902,44.11,0.01,sell,False,2022-09-30T19:33:37.067371+00:00
430,5072001174,44.11,0.01,sell,False,2022-09-30T19:33:24.642549+00:00
431,5072000255,44.07,0.01,sell,False,2022-09-30T19:33:11.185479+00:00
432,5071998883,44.09,0.01,sell,False,2022-09-30T19:32:58.496356+00:00
433,5071997940,44.11,0.01,sell,False,2022-09-30T19:32:45.530614+00:00
434,5071996453,44.13,0.01,sell,False,2022-09-30T19:32:32.895203+00:00
435,5071995332,44.17,0.01,sell,False,2022-09-30T19:32:20.599317+00:00
436,5071994108,44.19,0.01,sell,False,2022-09-30T19:32:07.993559+00:00
437,5071993355,44.15,0.01,sell,False,2022-09-30T19:31:54.752466+00:00
438,5071992226,44.18,0.01,sell,False,2022-09-30T19:31:41.961547+00:00
439,5071991332,44.2,0.01,sell,False,2022-09-30T19:31:29.732245+00:00
440,5071989881,44.19,0.01,sell,False,2022-09-30T19:31:17.100569+00:00
441,5071987640,44.19,0.01,sell,False,2022-09-30T19:31:03.550040+00:00
442,5071985342,44.16,0.01,sell,False,2022-09-30T19:30:51.339017+00:00
443,5071984046,44.19,0.01,sell,False,2022-09-30T19:30:38.262771+00:00
444,5071982292,44.12,0.01,sell,False,2022-09-30T19:30:25.236338+00:00
445,5071980932,44.14,0.01,sell,False,2022-09-30T19:30:12.596882+00:00
446,5071979221,44.18,0.01,sell,False,2022-09-30T19:30:00.514998+00:00
447,5071978029,44.13,0.01,sell,False,2022-09-30T19:29:46.912414+00:00
448,5071976031,44.1,0.01,sell,False,2022-09-30T19:29:34.285608+00:00
449,5071974934,44.1,0.01,sell,False,2022-09-30T19:29:21.295118+00:00
450,5071973843,44.12,0.01,sell,False,2022-09-30T19:29:09.340769+00:00
451,5071973003,44.07,0.01,sell,False,2022-09-30T19:28:56.510671+00:00
452,5071971249,44.04,0.01,sell,False,2022-09-30T19:28:43.005849+00:00
453,5071970555,44.08,0.01,sell,False,2022-09-30T19:28:30.658945+00:00
454,5071969686,44.08,0.01,sell,False,2022-09-30T19:28:17.665398+00:00
455,5071968946,44.1,0.01,sell,False,2022-09-30T19:28:04.752821+00:00
456,5071968449,44.11,0.01,sell,False,2022-09-30T19:27:52.461734+00:00
457,5071967978,44.08,0.01,sell,False,2022-09-30T19:27:40.084714+00:00
458,5071967293,44.12,0.01,sell,False,2022-09-30T19:27:26.836818+00:00
459,5071966774,44.12,0.01,sell,False,2022-09-30T19:27:13.649336+00:00
460,5071966260,44.13,0.01,sell,False,2022-09-30T19:27:01.073158+00:00
461,5071965552,44.12,0.01,sell,False,2022-09-30T19:26:48.267556+00:00
462,5071964978,44.12,0.01,sell,False,2022-09-30T19:26:35.625823+00:00
463,5071964266,44.13,0.01,sell,False,2022-09-30T19:26:23.147513+00:00
464,5071963668,44.14,0.01,sell,False,2022-09-30T19:26:10.499182+00:00
465,5071962849,44.14,0.01,sell,False,2022-09-30T19:25:57.695217+00:00
466,5071962250,44.1,0.01,sell,False,2022-09-30T19:25:44.581845+00:00
467,5071961435,44.12,0.01,sell,False,2022-09-30T19:25:32.384866+00:00
468,5071960319,44.1,0.01,sell,False,2022-09-30T19:25:19.156864+00:00
469,5071958217,44.15,0.01,sell,False,2022-09-30T19:25:06.148016+00:00
470,5071957659,44.16,0.01,sell,False,2022-09-30T19:24:53.721862+00:00
471,5071957148,44.16,0.01,sell,False,2022-09-30T19:24:40.552712+00:00
472,5071956650,44.16,0.01,sell,False,2022-09-30T19:24:27.694336+00:00
473,5071956091,44.16,0.01,sell,False,2022-09-30T19:24:15.699118+00:00
474,5071955428,44.16,0.01,sell,False,2022-09-30T19:24:02.537432+00:00
475,5071954623,44.16,0.01,sell,False,2022-09-30T19:23:49.926188+00:00
476,5071953978,44.16,0.01,sell,False,2022-09-30T19:23:37.350073+00:00
477,5071953325,44.16,0.01,sell,False,2022-09-30T19:23:24.592997+00:00
478,5071952274,44.15,0.01,sell,False,2022-09-30T19:23:11.919461+00:00
479,5071951370,44.13,0.01,sell,False,2022-09-30T19:22:58.306154+00:00
480,5071949250,44.13,0.01,sell,False,2022-09-30T19:22:46.047390+00:00
481,5071948623,44.14,0.01,sell,False,2022-09-30T19:22:33.426435+00:00
482,5071947758,44.13,0.01,sell,False,2022-09-30T19:22:20.878359+00:00
483,5071947164,44.14,0.01,sell,False,2022-09-30T19:22:07.435981+00:00
484,5071946433,44.14,0.01,sell,False,2022-09-30T19:21:54.952850+00:00
485,5071945657,44.12,0.01,sell,False,2022-09-30T19:21:42.460182+00:00
486,5071944886,44.12,0.01,sell,False,2022-09-30T19:21:29.855361+00:00
487,5071944044,44.14,0.01,sell,False,2022-09-30T19:21:16.492933+00:00
488,5071942866,44.14,0.01,sell,False,2022-09-30T19:21:04.105904+00:00
489,5071941889,44.14,0.01,sell,False,2022-09-30T19:20:50.750708+00:00
490,5071940550,44.18,0.01,sell,False,2022-09-30T19:20:38.118810+00:00
491,5071939276,44.19,0.01,sell,False,2022-09-30T19:20:25.820042+00:00
492,5071938341,44.2,0.01,sell,False,2022-09-30T19:20:12.589624+00:00
493,5071937401,44.16,0.01,sell,False,2022-09-30T19:19:59.688176+00:00
494,5071936774,44.16,0.01,sell,False,2022-09-30T19:19:47.082132+00:00
495,5071936268,44.13,0.01,sell,False,2022-09-30T19:19:34.511563+00:00
496,5071935574,44.16,0.01,sell,False,2022-09-30T19:19:21.879268+00:00
497,5071935010,44.13,0.01,sell,False,2022-09-30T19:19:09.183703+00:00
498,5071934204,44.1,0.01,sell,False,2022-09-30T19:18:56.379340+00:00
499,5071933412,44.13,0.01,sell,False,2022-09-30T19:18:43.631585+00:00
500,5071932915,44.13,0.01,sell,False,2022-09-30T19:18:30.967344+00:00
501,5071932167,44.14,0.01,sell,False,2022-09-30T19:18:17.716197+00:00
502,5071931567,44.1,0.01,sell,False,2022-09-30T19:18:05.109813+00:00
503,5071930884,44.15,0.01,sell,False,2022-09-30T19:17:52.261864+00:00
504,5071930347,44.16,0.01,sell,False,2022-09-30T19:17:39.798861+00:00
505,5071929236,44.12,0.01,sell,False,2022-09-30T19:17:26.837757+00:00
506,5071928229,44.17,0.01,sell,False,2022-09-30T19:17:14.623063+00:00
507,5071927342,44.14,0.01,sell,False,2022-09-30T19:17:01.470173+00:00
508,5071926285,44.17,0.01,sell,False,2022-09-30T19:16:48.855332+00:00
509,5071925485,44.17,0.01,sell,False,2022-09-30T19:16:36.327534+00:00
510,5071924339,44.14,0.01,sell,False,2022-09-30T19:16:23.454901+00:00
511,5071922639,44.14,0.01,sell,False,2022-09-30T19:16:10.391217+00:00
512,5071921164,44.08,0.01,sell,False,2022-09-30T19:15:57.604014+00:00
513,5071919660,44.11,0.01,sell,False,2022-09-30T19:15:44.614100+00:00
514,5071919021,44.11,0.01,sell,False,2022-09-30T19:15:32.408406+00:00
515,5071918318,44.08,0.01,sell,False,2022-09-30T19:15:19.187271+00:00
516,5071917038,44.1,0.01,sell,False,2022-09-30T19:15:06.119083+00:00
517,5071916326,44.14,0.01,sell,False,2022-09-30T19:14:53.422761+00:00
518,5071915735,44.1,0.01,sell,False,2022-09-30T19:14:40.967841+00:00
519,5071915052,44.13,0.01,sell,False,2022-09-30T19:14:27.848372+00:00
520,5071914057,44.13,0.01,sell,False,2022-09-30T19:14:15.423275+00:00
521,5071912476,44.13,0.01,sell,False,2022-09-30T19:14:03.154946+00:00
522,5071911076,44.13,0.01,sell,False,2022-09-30T19:13:50.285642+00:00
523,5071910426,44.13,0.01,sell,False,2022-09-30T19:13:36.756594+00:00
524,5071909760,44.13,0.01,sell,False,2022-09-30T19:13:24.764445+00:00
525,5071907920,44.14,0.01,sell,False,2022-09-30T19:13:11.234724+00:00
526,5071907279,44.15,0.01,sell,False,2022-09-30T19:12:58.509895+00:00
527,5071906657,44.15,0.01,sell,False,2022-09-30T19:12:46.342661+00:00
528,5071905970,44.12,0.01,sell,False,2022-09-30T19:12:33.000665+00:00
529,5071904622,44.14,0.01,sell,False,2022-09-30T19:12:20.540565+00:00
530,5071903792,44.14,0.01,sell,False,2022-09-30T19:12:07.837454+00:00
531,5071902722,44.18,0.01,sell,False,2022-09-30T19:11:54.704385+00:00
532,5071901964,44.18,0.01,sell,False,2022-09-30T19:11:42.179395+00:00
533,5071901214,44.19,0.01,sell,False,2022-09-30T19:11:29.241177+00:00
534,5071900619,44.18,0.01,sell,False,2022-09-30T19:11:17.158292+00:00
535,5071899861,44.15,0.01,sell,False,2022-09-30T19:11:04.186174+00:00
536,5071899079,44.15,0.01,sell,False,2022-09-30T19:10:51.519447+00:00
537,5071898410,44.2,0.01,sell,False,2022-09-30T19:10:38.083417+00:00
538,5071897159,44.18,0.01,sell,False,2022-09-30T19:10:26.133938+00:00
539,5071895889,44.16,0.01,sell,False,2022-09-30T19:10:13.313632+00:00
540,5071895063,44.18,0.01,sell,False,2022-09-30T19:09:59.667254+00:00
541,5071894620,44.14,0.01,sell,False,2022-09-30T19:09:47.128714+00:00
542,5071893992,44.17,0.01,sell,False,2022-09-30T19:09:34.158270+00:00
543,5071893488,44.14,0.01,sell,False,2022-09-30T19:09:22.007671+00:00
544,5071892658,44.14,0.01,sell,False,2022-09-30T19:09:08.821416+00:00
545,5071891980,44.14,0.01,sell,False,2022-09-30T19:08:56.223649+00:00
546,5071891189,44.16,0.01,sell,False,2022-09-30T19:08:43.430729+00:00
547,5071890502,44.2,0.01,sell,False,2022-09-30T19:08:30.725992+00:00
548,5071889694,44.21,0.01,sell,False,2022-09-30T19:08:17.874735+00:00
549,5071889163,44.23,0.01,sell,False,2022-09-30T19:08:05.454862+00:00
550,5071888303,44.22,0.01,sell,False,2022-09-30T19:07:52.430074+00:00
551,5071887580,44.18,0.01,sell,False,2022-09-30T19:07:40.104364+00:00
552,5071886831,44.21,0.01,sell,False,2022-09-30T19:07:26.683587+00:00
553,5071886138,44.23,0.01,sell,False,2022-09-30T19:07:14.275628+00:00
554,5071885186,44.25,0.01,sell,False,2022-09-30T19:07:01.331204+00:00
555,5071884413,44.22,0.01,sell,False,2022-09-30T19:06:48.293119+00:00
556,5071883372,44.22,0.01,sell,False,2022-09-30T19:06:35.697556+00:00
557,5071882419,44.24,0.01,sell,False,2022-09-30T19:06:22.884742+00:00
558,5071881361,44.25,0.01,sell,False,2022-09-30T19:06:10.418367+00:00
559,5071880218,44.25,0.01,sell,False,2022-09-30T19:05:57.736671+00:00
560,5071878650,44.23,0.01,sell,False,2022-09-30T19:05:44.882365+00:00
561,5071877666,44.22,0.01,sell,False,2022-09-30T19:05:31.738580+00:00
562,5071876999,44.19,0.01,sell,False,2022-09-30T19:05:19.390340+00:00
563,5071876151,44.24,0.01,sell,False,2022-09-30T19:05:06.697103+00:00
564,5071875239,44.19,0.01,sell,False,2022-09-30T19:04:53.730790+00:00
565,5071874667,44.22,0.01,sell,False,2022-09-30T19:04:41.242190+00:00
566,5071873834,44.24,0.01,sell,False,2022-09-30T19:04:27.854295+00:00
567,5071872770,44.24,0.01,sell,False,2022-09-30T19:04:15.337146+00:00
568,5071872168,44.27,0.01,sell,False,2022-09-30T19:04:02.568924+00:00
569,5071871367,44.24,0.01,sell,False,2022-09-30T19:03:50.165435+00:00
570,5071870308,44.26,0.01,sell,False,2022-09-30T19:03:37.064301+00:00
571,5071869353,44.21,0.01,sell,False,2022-09-30T19:03:24.296709+00:00
572,5071868464,44.26,0.01,sell,False,2022-09-30T19:03:11.411351+00:00
573,5071866900,44.27,0.01,sell,False,2022-09-30T19:02:58.808791+00:00
574,5071865749,44.23,0.01,sell,False,2022-09-30T19:02:45.720779+00:00
575,5071862992,44.2,0.01,sell,False,2022-09-30T19:02:33.414793+00:00
576,5071861962,44.25,0.01,sell,False,2022-09-30T19:02:20.627501+00:00
577,5071860228,44.25,0.01,sell,False,2022-09-30T19:02:08.045035+00:00
578,5071858321,44.22,0.01,sell,False,2022-09-30T19:01:54.608045+00:00
579,5071857282,44.21,0.01,sell,False,2022-09-30T19:01:42.339786+00:00
580,5071856604,44.2,0.2,sell,False,2022-09-30T19:01:30.674508+00:00
581,5071856382,44.2,0.01,sell,False,2022-09-30T19:01:29.494739+00:00
582,5071855263,44.22,0.01,sell,False,2022-09-30T19:01:16.298598+00:00
583,5071853705,44.15,0.01,sell,False,2022-09-30T19:01:04.219726+00:00
584,5071852648,44.15,0.01,sell,False,2022-09-30T19:00:51.179427+00:00
585,5071851571,44.12,0.01,sell,False,2022-09-30T19:00:38.534378+00:00
586,5071850458,44.12,0.01,sell,False,2022-09-30T19:00:25.324058+00:00
587,5071848999,44.14,0.01,sell,False,2022-09-30T19:00:13.061670+00:00
588,5071848204,44.14,0.01,sell,False,2022-09-30T19:00:00.214317+00:00
589,5071643052,44.35,0.2,buy,False,2022-09-30T18:09:17.110226+00:00
590,5071545412,44.32,0.5,sell,False,2022-09-30T17:50:39.460237+00:00
591,5069344376,44.07,0.86,sell,False,2022-09-30T12:34:51.448474+00:00
592,5068626310,44.48,0.25,buy,False,2022-09-30T10:45:20.944539+00:00
593,5058567599,44.4,0.07,sell,False,2022-09-28T20:30:31.694165+00:00
594,5058213255,44.52,0.05,buy,False,2022-09-28T19:13:38.261796+00:00
595,5056698166,44.71,0.1,buy,False,2022-09-28T14:49:42.703400+00:00
596,5053321357,44.09,0.07,sell,False,2022-09-28T05:33:19.186584+00:00
597,5053321347,44.09,0.08,sell,False,2022-09-28T05:33:18.658116+00:00
598,5053321333,43.91,0.08,buy,False,2022-09-28T05:33:18.145626+00:00
599,5053321260,43.91,0.03,buy,False,2022-09-28T05:33:16.906044+00:00
600,5053320242,44.09,0.03,sell,False,2022-09-28T05:32:59.764270+00:00
601,5053320211,44.09,0.08,sell,False,2022-09-28T05:32:59.231263+00:00
602,5053305988,43.94,0.08,buy,False,2022-09-28T05:30:00.010864+00:00
603,5053301411,43.94,0.09,buy,False,2022-09-28T05:29:02.513048+00:00
604,5053297138,44.07,0.09,sell,False,2022-09-28T05:27:54.234708+00:00
605,5053289315,44.07,0.01,sell,False,2022-09-28T05:25:25.257121+00:00
606,5053282129,43.89,0.01,buy,False,2022-09-28T05:23:20.439200+00:00
607,5053282023,43.89,0.09,buy,False,2022-09-28T05:23:18.673868+00:00
608,5053279539,44.07,0.09,sell,False,2022-09-28T05:22:34.922990+00:00
609,5053267541,43.87,0.08,buy,False,2022-09-28T05:19:05.958194+00:00
610,5053267143,44.05,0.08,sell,False,2022-09-28T05:18:57.040515+00:00
611,5053267069,44.05,0.05,sell,False,2022-09-28T05:18:55.613425+00:00
612,5053267041,43.91,0.05,buy,False,2022-09-28T05:18:55.080469+00:00
613,5053266996,43.91,0.04,buy,False,2022-09-28T05:18:54.529712+00:00
614,5053263998,44.05,0.04,sell,False,2022-09-28T05:18:03.711393+00:00
615,5051593233,44.27,0.1,buy,False,2022-09-28T00:53:09.604722+00:00
616,5051117155,44.17,11.31,sell,False,2022-09-27T22:57:37.668124+00:00
617,5050495039,44.23,0.11,buy,False,2022-09-27T20:05:31.194806+00:00
618,5050351868,44.16,0.23,buy,False,2022-09-27T19:40:07.451819+00:00
619,5034600184,44.03,0.46,sell,False,2022-09-25T21:51:34.973969+00:00
620,5034381771,44.31,0.46,buy,False,2022-09-25T21:07:05.825102+00:00
621,5028736548,44.02,4.54,sell,False,2022-09-24T18:48:26.567708+00:00
622,5027596567,44.31,0.07,buy,False,2022-09-24T14:08:03.647901+00:00
623,5024009696,44.0,0.1,sell,False,2022-09-23T22:24:36.493673+00:00
624,5022186897,43.82,0.1,buy,False,2022-09-23T17:30:06.854652+00:00
625,5020659398,44.4,1.02,buy,False,2022-09-23T13:59:37.506904+00:00
626,5019331834,44.14,1.74,sell,False,2022-09-23T11:00:06.321556+00:00
627,5015251438,44.59,123.82,buy,False,2022-09-22T21:32:24.949068+00:00
628,5013762999,44.89,0.22,sell,False,2022-09-22T16:54:04.790951+00:00
629,5012710904,44.3,0.23,sell,False,2022-09-22T14:05:38.298191+00:00
630,5012436243,43.96,0.13,sell,False,2022-09-22T13:35:01.132917+00:00
631,5006388295,44.0,0.28,sell,False,2022-09-21T19:45:04.479976+00:00
632,4996547464,44.8,0.22,sell,False,2022-09-20T16:33:08.678859+00:00
633,4996024524,44.89,4.66,sell,False,2022-09-20T15:24:48.069881+00:00
634,4995570036,44.82,0.04,buy,False,2022-09-20T14:23:27.944918+00:00
635,4995513363,44.68,1.11,sell,False,2022-09-20T14:13:53.873202+00:00
636,4995467835,44.75,0.08,sell,False,2022-09-20T14:06:07.056996+00:00
637,4994202241,45.42,0.35,buy,False,2022-09-20T10:25:36.006647+00:00
638,4990335561,45.52,0.04,buy,False,2022-09-19T19:35:20.948177+00:00
639,4987963645,45.3,0.11,buy,False,2022-09-19T13:38:41.830800+00:00
640,4987874670,45.77,0.25,sell,False,2022-09-19T13:24:46.017812+00:00
641,4974016301,46.33,1.01,buy,False,2022-09-17T11:15:00.642813+00:00
642,4967212171,45.69,0.01,sell,False,2022-09-16T10:41:58.694534+00:00
643,4967212125,45.69,0.01,sell,False,2022-09-16T10:41:58.345427+00:00
644,4967212010,45.69,0.01,sell,False,2022-09-16T10:41:57.760859+00:00
645,4967211855,45.69,0.01,sell,False,2022-09-16T10:41:57.350055+00:00
646,4967211649,45.69,0.01,sell,False,2022-09-16T10:41:56.323826+00:00
647,4967211501,45.69,0.01,sell,False,2022-09-16T10:41:55.718350+00:00
648,4967211420,45.69,0.01,sell,False,2022-09-16T10:41:54.697548+00:00
649,4967211360,45.69,0.01,sell,False,2022-09-16T10:41:53.686984+00:00
650,4967211343,45.69,0.02,sell,False,2022-09-16T10:41:53.191805+00:00
651,4967211298,45.69,0.02,sell,False,2022-09-16T10:41:52.121263+00:00
652,4967211265,45.69,0.02,sell,False,2022-09-16T10:41:51.638928+00:00
653,4967211214,45.69,0.03,sell,False,2022-09-16T10:41:51.110810+00:00
654,4967211180,45.69,0.04,sell,False,2022-09-16T10:41:50.636954+00:00
655,4967211113,45.69,0.05,sell,False,2022-09-16T10:41:50.045159+00:00
656,4967211066,45.69,0.06,sell,False,2022-09-16T10:41:49.399946+00:00
657,4967211050,45.69,0.07,sell,False,2022-09-16T10:41:49.010515+00:00
658,4967211023,45.69,0.09,sell,False,2022-09-16T10:41:48.680253+00:00
659,4967210982,45.69,0.12,sell,False,2022-09-16T10:41:48.008886+00:00
660,4967210907,45.69,0.14,sell,False,2022-09-16T10:41:46.984233+00:00
661,4961945372,45.99,0.07,buy,False,2022-09-15T16:01:01.122288+00:00
662,4960854275,46.28,1.0,buy,False,2022-09-15T14:36:27.914388+00:00
663,4960222478,46.22,0.06,sell,False,2022-09-15T13:06:46.018981+00:00
664,4953872368,46.29,0.2,buy,False,2022-09-14T22:05:17.848025+00:00
665,4952451479,46.01,0.01,sell,False,2022-09-14T17:48:12.960082+00:00
666,4951538287,46.0,0.04,buy,False,2022-09-14T14:43:28.835818+00:00
667,4951423020,45.96,0.44,sell,False,2022-09-14T14:26:56.480784+00:00
668,4951379746,46.02,0.27,sell,False,2022-09-14T14:20:50.988155+00:00
669,4951372792,46.08,1.11,sell,False,2022-09-14T14:19:35.760023+00:00
670,4950285250,46.31,0.1,sell,False,2022-09-14T11:56:10.861310+00:00
671,4947619319,46.37,0.21,buy,False,2022-09-14T03:01:51.331669+00:00
672,4947547734,47.48,0.21,sell,False,2022-09-14T02:45:20.813132+00:00
673,4947524097,48.87,0.21,buy,False,2022-09-14T02:39:16.934145+00:00
674,4942815909,46.89,0.14,sell,False,2022-09-13T14:24:50.704503+00:00
675,4942745099,46.96,0.07,buy,False,2022-09-13T14:15:50.569712+00:00
676,4942745042,46.93,0.14,buy,False,2022-09-13T14:15:50.030816+00:00
677,4941100260,47.5,0.1,sell,False,2022-09-13T12:35:04.834909+00:00
678,4935781952,47.89,0.06,buy,False,2022-09-12T20:30:43.827079+00:00
679,4935604267,47.73,0.01,sell,False,2022-09-12T19:52:06.775295+00:00
680,4935604248,47.8,0.3,sell,False,2022-09-12T19:52:06.236163+00:00
681,4933539637,48.27,0.7,sell,False,2022-09-12T14:52:44.648263+00:00
682,4933365517,48.28,0.25,buy,False,2022-09-12T14:28:30.371660+00:00
683,4932508724,48.1,0.05,buy,False,2022-09-12T12:13:06.336547+00:00
684,4932508723,48.05,0.16,buy,False,2022-09-12T12:13:06.336547+00:00
685,4930851197,47.95,0.07,sell,False,2022-09-12T08:15:37.569722+00:00
686,4913830831,47.91,0.16,sell,False,2022-09-09T17:37:39.548268+00:00
687,4912608685,47.72,0.07,sell,False,2022-09-09T14:45:30.883305+00:00
688,4912436094,47.48,1.11,buy,False,2022-09-09T14:20:43.888508+00:00
689,4906635087,46.98,0.01,sell,False,2022-09-08T22:56:11.823214+00:00
690,4905847595,46.84,0.5,sell,False,2022-09-08T19:22:57.535883+00:00
691,4904455924,46.8,0.3,buy,False,2022-09-08T15:10:52.638184+00:00
692,4904354881,46.79,0.25,buy,False,2022-09-08T15:00:50.320851+00:00
693,4904238049,46.69,0.2,buy,False,2022-09-08T14:47:25.592994+00:00
694,4903816844,46.21,11.41,buy,False,2022-09-08T13:55:09.410632+00:00
695,4898253491,46.21,1.0,sell,False,2022-09-07T19:51:42.785728+00:00
696,4896244166,45.56,1.0,buy,False,2022-09-07T13:35:18.661920+00:00
697,4890141742,45.84,1.0,sell,False,2022-09-06T17:36:28.808830+00:00
698,4886673738,45.82,0.01,sell,False,2022-09-06T08:43:48.116380+00:00
699,4886641937,45.92,0.02,buy,False,2022-09-06T08:34:35.199986+00:00
700,4868929436,45.59,0.04,buy,False,2022-09-02T19:43:49.636786+00:00
701,4868929113,45.59,0.04,buy,False,2022-09-02T19:43:48.643731+00:00
702,4868929059,45.59,0.05,buy,False,2022-09-02T19:43:47.588774+00:00
703,4868928990,45.59,0.06,buy,False,2022-09-02T19:43:46.564757+00:00
704,4868928945,45.59,0.06,buy,False,2022-09-02T19:43:45.560355+00:00
705,4868928909,45.59,0.07,buy,False,2022-09-02T19:43:44.726043+00:00
706,4868928881,45.59,0.08,buy,False,2022-09-02T19:43:44.247800+00:00
707,4868928840,45.59,0.08,buy,False,2022-09-02T19:43:43.228995+00:00
708,4868928820,45.59,0.09,buy,False,2022-09-02T19:43:42.829698+00:00
709,4868928788,45.59,0.1,buy,False,2022-09-02T19:43:42.443094+00:00
710,4868928733,45.59,0.11,buy,False,2022-09-02T19:43:41.914917+00:00
711,4868928714,45.59,0.13,buy,False,2022-09-02T19:43:41.543010+00:00
712,4868928701,45.59,0.14,buy,False,2022-09-02T19:43:41.143242+00:00
713,4868928679,45.59,0.16,buy,False,2022-09-02T19:43:40.292083+00:00
714,4868928629,45.59,0.18,buy,False,2022-09-02T19:43:39.354026+00:00
715,4868928585,45.59,0.2,buy,False,2022-09-02T19:43:38.375672+00:00
716,4868863735,45.75,0.27,buy,False,2022-09-02T19:33:47.723994+00:00
717,4867841366,46.19,0.01,buy,False,2022-09-02T17:02:02.139186+00:00
718,4867841214,46.22,0.01,buy,False,2022-09-02T17:02:01.203261+00:00
719,4867841080,46.22,0.01,buy,False,2022-09-02T17:02:00.244135+00:00
720,4867840976,46.22,0.01,buy,False,2022-09-02T17:01:59.282475+00:00
721,4867840934,46.22,0.01,buy,False,2022-09-02T17:01:58.950536+00:00
722,4867840840,46.22,0.01,buy,False,2022-09-02T17:01:58.245326+00:00
723,4867840735,46.22,0.01,buy,False,2022-09-02T17:01:57.244106+00:00
724,4867840618,46.22,0.01,buy,False,2022-09-02T17:01:56.930844+00:00
725,4867840470,46.22,0.01,buy,False,2022-09-02T17:01:56.226385+00:00
726,4867818431,46.22,0.01,buy,False,2022-09-02T16:58:29.561560+00:00
727,4867818375,46.22,0.01,buy,False,2022-09-02T16:58:28.476226+00:00
728,4867818351,46.22,0.01,buy,False,2022-09-02T16:58:27.298606+00:00
729,4867818289,46.22,0.01,buy,False,2022-09-02T16:58:26.271247+00:00
730,4867818189,46.22,0.01,buy,False,2022-09-02T16:58:25.261347+00:00
731,4867818136,46.22,0.01,buy,False,2022-09-02T16:58:24.257294+00:00
732,4867817993,46.22,0.01,buy,False,2022-09-02T16:58:23.231413+00:00
733,4867817914,46.22,0.01,buy,False,2022-09-02T16:58:22.216731+00:00
734,4867817835,46.22,0.01,buy,False,2022-09-02T16:58:21.176290+00:00
735,4867817738,46.22,0.02,buy,False,2022-09-02T16:58:20.150674+00:00
736,4867817694,46.22,0.02,buy,False,2022-09-02T16:58:19.268756+00:00
737,4867817634,46.22,0.02,buy,False,2022-09-02T16:58:18.110642+00:00
738,4867817578,46.22,0.02,buy,False,2022-09-02T16:58:17.090686+00:00
739,4867817484,46.22,0.02,buy,False,2022-09-02T16:58:16.090594+00:00
740,4867817442,46.22,0.03,buy,False,2022-09-02T16:58:15.036626+00:00
741,4867817356,46.22,0.03,buy,False,2022-09-02T16:58:14.010170+00:00
742,4867817178,46.22,0.03,buy,False,2022-09-02T16:58:13.028052+00:00
743,4867817122,46.22,0.04,buy,False,2022-09-02T16:58:11.966164+00:00
744,4867816950,46.22,0.04,buy,False,2022-09-02T16:58:10.939068+00:00
745,4867816882,46.22,0.04,buy,False,2022-09-02T16:58:09.959669+00:00
746,4867816785,46.22,0.05,buy,False,2022-09-02T16:58:08.908593+00:00
747,4867816759,46.22,0.06,buy,False,2022-09-02T16:58:07.862161+00:00
748,4867816709,46.22,0.06,buy,False,2022-09-02T16:58:06.834044+00:00
749,4867816675,46.22,0.07,buy,False,2022-09-02T16:58:05.833821+00:00
750,4867816626,46.22,0.08,buy,False,2022-09-02T16:58:04.900533+00:00
751,4867816597,46.22,0.09,buy,False,2022-09-02T16:58:04.034553+00:00
752,4867816569,46.22,0.1,buy,False,2022-09-02T16:58:03.208897+00:00
753,4867570384,46.58,0.01,buy,False,2022-09-02T16:21:51.111783+00:00
754,4867570344,46.58,0.01,buy,False,2022-09-02T16:21:50.031616+00:00
755,4867570290,46.58,0.01,buy,False,2022-09-02T16:21:49.000150+00:00
756,4867570245,46.58,0.01,buy,False,2022-09-02T16:21:47.955073+00:00
757,4867570163,46.58,0.01,buy,False,2022-09-02T16:21:47.080337+00:00
758,4867567043,46.63,0.01,buy,False,2022-09-02T16:21:12.792678+00:00
759,4867566918,46.59,0.01,buy,False,2022-09-02T16:21:11.796714+00:00
760,4867566851,46.59,0.01,buy,False,2022-09-02T16:21:10.779698+00:00
761,4867566793,46.59,0.01,buy,False,2022-09-02T16:21:10.124820+00:00
762,4867566776,46.59,0.01,buy,False,2022-09-02T16:21:09.698238+00:00
763,4867566717,46.59,0.01,buy,False,2022-09-02T16:21:08.698956+00:00
764,4867566686,46.59,0.01,buy,False,2022-09-02T16:21:08.220270+00:00
765,4866795700,46.59,0.01,buy,False,2022-09-02T13:53:52.555185+00:00
766,4866795647,46.59,0.01,buy,False,2022-09-02T13:53:51.563472+00:00
767,4866795552,46.59,0.01,buy,False,2022-09-02T13:53:50.437610+00:00
768,4866795505,46.59,0.01,buy,False,2022-09-02T13:53:49.748837+00:00
769,4866795478,46.59,0.01,buy,False,2022-09-02T13:53:49.363251+00:00
770,4866795428,46.59,0.01,buy,False,2022-09-02T13:53:48.383333+00:00
771,4866795333,46.59,0.02,buy,False,2022-09-02T13:53:47.359082+00:00
772,4866795304,46.59,0.02,buy,False,2022-09-02T13:53:46.425289+00:00
773,4866793601,46.59,0.02,buy,False,2022-09-02T13:53:28.954797+00:00
774,4866793558,46.59,0.02,buy,False,2022-09-02T13:53:28.207184+00:00
775,4866793532,46.59,0.02,buy,False,2022-09-02T13:53:27.107349+00:00
776,4866793442,46.59,0.03,buy,False,2022-09-02T13:53:25.661585+00:00
777,4866793093,46.58,0.03,buy,False,2022-09-02T13:53:18.711271+00:00
778,4866793043,46.58,0.03,buy,False,2022-09-02T13:53:17.550949+00:00
779,4866792996,46.58,0.04,buy,False,2022-09-02T13:53:16.554031+00:00
780,4866792921,46.58,0.04,buy,False,2022-09-02T13:53:15.591097+00:00
781,4866792723,46.58,0.04,buy,False,2022-09-02T13:53:14.568700+00:00
782,4866792572,46.58,0.05,buy,False,2022-09-02T13:53:13.601896+00:00
783,4866792519,46.58,0.05,buy,False,2022-09-02T13:53:12.559536+00:00
784,4866792485,46.58,0.06,buy,False,2022-09-02T13:53:11.985159+00:00
785,4866792429,46.58,0.07,buy,False,2022-09-02T13:53:11.446850+00:00
786,4866792317,46.58,0.08,buy,False,2022-09-02T13:53:10.269810+00:00
787,4866792276,46.58,0.08,buy,False,2022-09-02T13:53:09.403160+00:00
788,4866792220,46.58,0.09,buy,False,2022-09-02T13:53:08.763539+00:00
789,4864440912,46.55,0.87,sell,False,2022-09-02T05:33:00.406353+00:00
790,4861504725,46.4,1.75,buy,False,2022-09-01T17:14:20.393179+00:00
791,4858525787,45.15,0.65,buy,False,2022-09-01T08:05:38.674429+00:00
792,4857989218,45.06,0.15,sell,False,2022-09-01T06:04:21.175972+00:00
793,4857989217,45.06,0.78,sell,False,2022-09-01T06:04:21.175972+00:00
794,4856564454,45.14,0.33,buy,False,2022-09-01T00:04:12.423394+00:00
795,4856530173,45.13,0.45,sell,False,2022-09-01T00:00:12.432151+00:00
796,4855382552,45.42,1.0,buy,False,2022-08-31T19:15:38.787979+00:00
797,4854848061,45.42,6.24,sell,False,2022-08-31T17:22:58.819309+00:00
798,4854848016,45.42,0.19,sell,False,2022-08-31T17:22:57.323817+00:00
799,4854847003,45.46,0.15,sell,False,2022-08-31T17:22:41.031554+00:00
800,4853654950,45.85,0.1,sell,False,2022-08-31T14:11:05.880892+00:00
801,4853566489,46.15,0.25,buy,False,2022-08-31T13:56:11.780813+00:00
802,4853529980,46.22,0.98,buy,False,2022-08-31T13:50:10.252942+00:00
803,4852826534,45.96,0.25,buy,False,2022-08-31T11:46:01.950347+00:00
804,4852156377,45.86,0.08,sell,False,2022-08-31T09:26:51.765521+00:00
805,4851632299,46.0,5.0,sell,False,2022-08-31T07:46:20.564674+00:00
806,4848412720,45.86,0.03,sell,False,2022-08-30T20:25:53.607887+00:00
807,4847559902,46.03,1.0,sell,False,2022-08-30T18:27:09.600581+00:00
808,4847531046,46.06,1.0,sell,False,2022-08-30T18:21:50.922028+00:00
809,4846540861,46.16,0.1,sell,False,2022-08-30T15:53:52.577356+00:00
810,4845987627,46.0,11.0,sell,False,2022-08-30T14:47:10.742391+00:00
811,4845365936,46.08,1.11,sell,False,2022-08-30T13:44:57.913941+00:00
812,4844652493,46.6,1.02,buy,False,2022-08-30T11:16:07.955033+00:00
813,4841602381,46.39,0.05,buy,False,2022-08-29T22:07:55.934495+00:00
814,4841033606,46.59,0.27,buy,False,2022-08-29T19:05:30.855903+00:00
815,4839753130,46.36,0.05,buy,False,2022-08-29T14:41:58.843333+00:00
816,4838978625,46.43,0.21,sell,False,2022-08-29T13:13:34.565899+00:00
817,4829025304,46.61,0.05,sell,False,2022-08-27T16:47:53.322736+00:00
818,4829025303,46.61,0.15,sell,False,2022-08-27T16:47:53.322736+00:00
819,4825579128,46.94,0.21,buy,False,2022-08-27T02:13:23.573422+00:00
820,4823803722,46.94,0.07,buy,False,2022-08-26T20:03:37.815782+00:00
821,4823612492,46.9,1.12,sell,False,2022-08-26T19:13:31.818448+00:00
822,4822373930,47.33,0.11,buy,False,2022-08-26T16:00:16.314129+00:00
823,4820499987,47.8,0.25,buy,False,2022-08-26T13:44:12.384044+00:00
824,4819546453,46.96,303.37,sell,False,2022-08-26T12:09:22.285790+00:00
825,4819546452,46.97,11.41,sell,False,2022-08-26T12:09:22.285790+00:00
826,4819546451,47.0,11.0,sell,False,2022-08-26T12:09:22.285790+00:00
827,4819546450,47.05,0.22,sell,False,2022-08-26T12:09:22.285790+00:00
828,4819545305,47.43,0.12,buy,False,2022-08-26T12:09:01.179800+00:00
829,4819544504,47.29,0.14,sell,False,2022-08-26T12:08:41.815497+00:00
830,4819544445,47.3,0.01,sell,False,2022-08-26T12:08:41.121953+00:00
831,4809896381,47.48,1.11,sell,False,2022-08-24T19:55:37.595805+00:00
832,4809880003,47.5,0.05,sell,False,2022-08-24T19:51:25.721120+00:00
833,4809618039,47.64,0.78,sell,False,2022-08-24T18:37:47.386728+00:00
834,4809617441,47.67,100.0,buy,False,2022-08-24T18:37:36.461534+00:00
835,4808985155,47.99,0.21,buy,False,2022-08-24T16:14:44.212827+00:00
836,4808012002,47.92,0.2,sell,False,2022-08-24T13:35:03.123363+00:00
837,4808012001,47.93,6.25,sell,False,2022-08-24T13:35:03.123363+00:00
838,4806820209,47.98,0.08,sell,False,2022-08-24T08:41:00.663528+00:00
839,4803005828,48.0,0.04,buy,False,2022-08-23T16:32:12.346271+00:00
840,4799814015,48.88,6.08,sell,False,2022-08-23T07:33:40.713026+00:00
841,4794274843,48.95,422.17,buy,False,2022-08-22T14:37:52.644408+00:00
842,4794272756,48.95,647.13,buy,False,2022-08-22T14:37:31.953807+00:00
843,4794270568,48.95,631.03,buy,False,2022-08-22T14:37:11.580426+00:00
844,4794269176,48.95,500.0,buy,False,2022-08-22T14:36:58.148751+00:00
845,4794260787,48.95,500.0,buy,False,2022-08-22T14:35:52.659498+00:00
846,4794258494,48.95,642.41,buy,False,2022-08-22T14:35:32.041651+00:00
847,4794256236,48.95,661.74,buy,False,2022-08-22T14:35:10.873802+00:00
848,4794254420,48.95,543.04,buy,False,2022-08-22T14:34:52.092585+00:00
849,4794251534,48.95,500.0,buy,False,2022-08-22T14:34:33.949162+00:00
850,4794248951,48.95,500.0,buy,False,2022-08-22T14:34:16.055563+00:00
851,4794248905,48.94,10.95,buy,False,2022-08-22T14:34:15.361615+00:00
852,4794245487,48.95,510.76,buy,False,2022-08-22T14:33:57.040555+00:00
853,4794243892,48.95,500.0,buy,False,2022-08-22T14:33:39.065380+00:00
854,4794242345,48.95,543.95,buy,False,2022-08-22T14:33:18.245104+00:00
855,4794242329,48.95,312.45,sell,False,2022-08-22T14:33:18.067502+00:00
856,4793217260,49.12,0.11,buy,False,2022-08-22T12:00:05.413592+00:00
857,4792942867,48.92,0.11,buy,False,2022-08-22T11:00:07.716313+00:00
858,4792599431,48.94,0.11,buy,False,2022-08-22T10:00:06.011737+00:00
859,4792264505,49.01,0.11,buy,False,2022-08-22T09:00:09.479076+00:00
860,4788519763,49.32,2.02,buy,False,2022-08-21T21:31:38.559222+00:00
861,4780746434,49.32,17.83,buy,False,2022-08-20T17:34:41.935799+00:00
862,4775886826,49.34,0.07,buy,False,2022-08-20T00:00:05.878236+00:00
863,4774685020,49.02,17.81,sell,False,2022-08-19T21:55:50.378889+00:00
864,4774684327,49.02,17.81,sell,False,2022-08-19T21:55:46.488309+00:00
865,4774683987,49.02,17.08,sell,False,2022-08-19T21:55:43.484931+00:00
866,4774683561,49.02,17.08,sell,False,2022-08-19T21:55:41.234664+00:00
867,4774682426,49.02,14.23,sell,False,2022-08-19T21:55:31.769795+00:00
868,4774026564,49.3,0.11,buy,False,2022-08-19T20:00:09.200657+00:00
869,4773987775,49.2,1007.64,sell,False,2022-08-19T19:52:40.763099+00:00
870,4773986149,49.2,658.91,sell,False,2022-08-19T19:52:19.766866+00:00
871,4773984749,49.2,613.24,sell,False,2022-08-19T19:51:59.400810+00:00
872,4773983554,49.2,646.07,sell,False,2022-08-19T19:51:38.686402+00:00
873,4773982252,49.2,547.92,sell,False,2022-08-19T19:51:19.482494+00:00
874,4773980813,49.2,526.22,sell,False,2022-08-19T19:51:05.678420+00:00
875,4773805600,49.23,0.57,sell,False,2022-08-19T19:21:57.977668+00:00
876,4773784565,49.28,378.81,buy,False,2022-08-19T19:18:08.040591+00:00
877,4773242982,49.48,0.19,buy,False,2022-08-19T17:50:07.028563+00:00
878,4772459514,49.12,0.11,buy,False,2022-08-19T16:00:08.162061+00:00
879,4771745516,49.2,6.09,sell,False,2022-08-19T14:00:14.055777+00:00
880,4770837742,48.51,0.11,buy,False,2022-08-19T12:00:10.914172+00:00
881,4768928324,48.5,0.1,sell,False,2022-08-19T08:04:58.511293+00:00
882,4768872639,48.68,0.11,buy,False,2022-08-19T08:00:10.772906+00:00
883,4766701833,48.8,0.11,buy,False,2022-08-19T04:00:09.352107+00:00
884,4762876076,48.54,7.82,sell,False,2022-08-18T17:56:06.964485+00:00
885,4762690477,48.45,0.14,sell,False,2022-08-18T17:14:34.023025+00:00
886,4761623601,49.13,0.34,buy,False,2022-08-18T14:03:47.907819+00:00
887,4761544839,48.82,0.72,sell,False,2022-08-18T13:50:21.520366+00:00
888,4761535997,48.87,1.11,sell,False,2022-08-18T13:48:35.067768+00:00
889,4761493844,49.0,0.1,sell,False,2022-08-18T13:40:59.902107+00:00
890,4761460008,49.28,0.08,sell,False,2022-08-18T13:36:00.608420+00:00
891,4759582066,49.15,3.9,sell,False,2022-08-18T06:35:08.480545+00:00
892,4759582065,49.2,0.1,sell,False,2022-08-18T06:35:08.480545+00:00
893,4759049923,49.4,0.11,buy,False,2022-08-18T04:00:05.972874+00:00
894,4757905261,49.46,0.11,buy,False,2022-08-18T00:00:07.589668+00:00
895,4755109859,49.46,1.0,buy,False,2022-08-17T15:55:54.740882+00:00
896,4752661026,49.62,6.0,sell,False,2022-08-17T10:37:25.962903+00:00
897,4747785796,49.91,6.0,buy,False,2022-08-16T19:04:58.989997+00:00
898,4747364622,50.11,0.4,buy,False,2022-08-16T18:12:12.868700+00:00
899,4747153276,49.84,1.0,sell,False,2022-08-16T17:30:29.345648+00:00
900,4738909644,49.77,0.21,sell,False,2022-08-15T13:35:02.638853+00:00
901,4736619484,50.07,0.9,buy,False,2022-08-15T06:58:09.659952+00:00
902,4733224914,49.89,0.23,sell,False,2022-08-14T21:26:21.532558+00:00
903,4732659655,49.89,2.01,sell,False,2022-08-14T18:34:43.119808+00:00
904,4731228979,49.89,1.0,sell,False,2022-08-14T14:44:24.789100+00:00
905,4729141297,50.25,0.2,buy,False,2022-08-14T07:09:21.366733+00:00
906,4729059267,49.89,1.0,sell,False,2022-08-14T06:52:13.388638+00:00
907,4724993122,50.25,2.0,buy,False,2022-08-13T12:10:48.257503+00:00
908,4722516312,49.85,608.61,sell,False,2022-08-13T03:57:08.928472+00:00
909,4722516311,49.89,386.21,sell,False,2022-08-13T03:57:08.928472+00:00
910,4722092797,50.26,518.42,buy,False,2022-08-13T02:40:50.405133+00:00
911,4722092796,50.21,476.4,buy,False,2022-08-13T02:40:50.405133+00:00
912,4721159390,50.21,0.1,buy,False,2022-08-13T00:00:07.580804+00:00
913,4720093167,50.25,0.1,buy,False,2022-08-12T20:00:08.005368+00:00
914,4719934687,50.33,0.03,buy,False,2022-08-12T19:23:41.709155+00:00
915,4719863285,50.28,0.26,sell,False,2022-08-12T19:09:59.538258+00:00
916,4719439713,50.05,0.03,sell,False,2022-08-12T17:41:17.154768+00:00
917,4719319859,50.27,1.11,buy,False,2022-08-12T17:08:10.277931+00:00
918,4719281667,50.22,34.16,buy,False,2022-08-12T16:57:34.707394+00:00
919,4719010739,49.83,0.11,buy,False,2022-08-12T16:00:07.855794+00:00
920,4718863331,49.7,0.41,buy,False,2022-08-12T15:29:23.040506+00:00
921,4718698987,49.4,30.1,sell,False,2022-08-12T14:59:19.542109+00:00
922,4718699930,49.4,674.61,sell,False,2022-08-12T14:59:19.366379+00:00
923,4718698088,49.4,702.5,sell,False,2022-08-12T14:58:57.365262+00:00
924,4718697586,49.4,499.99,sell,False,2022-08-12T14:58:39.363050+00:00
925,4718695795,49.4,681.68,sell,False,2022-08-12T14:58:17.855503+00:00
926,4718695794,49.41,10.95,sell,False,2022-08-12T14:58:17.855503+00:00
927,4718694522,49.4,447.55,buy,False,2022-08-12T14:58:06.204217+00:00
928,4718326610,49.37,0.21,sell,False,2022-08-12T13:50:25.295287+00:00
929,4718276062,49.64,0.21,sell,False,2022-08-12T13:42:22.297998+00:00
930,4718266315,49.75,34.17,sell,False,2022-08-12T13:41:21.113775+00:00
931,4718203090,49.84,0.21,buy,False,2022-08-12T13:34:22.863854+00:00
932,4718197735,49.11,1.03,buy,False,2022-08-12T13:33:26.168517+00:00
933,4717730034,48.59,0.11,buy,False,2022-08-12T12:00:09.164534+00:00
934,4716433098,48.63,0.11,buy,False,2022-08-12T08:00:05.103053+00:00
935,4715911941,48.46,0.11,buy,False,2022-08-12T05:49:39.629742+00:00
936,4715911014,48.41,0.11,buy,False,2022-08-12T05:49:18.828948+00:00
937,4713541897,48.43,103.24,sell,False,2022-08-11T20:45:04.513831+00:00
938,4712486205,48.08,207.98,buy,False,2022-08-11T17:08:12.094349+00:00
939,4712399531,48.1,0.04,buy,False,2022-08-11T16:50:49.621155+00:00
940,4712359784,48.0,11.0,sell,False,2022-08-11T16:42:43.007123+00:00
941,4712358509,48.06,0.21,sell,False,2022-08-11T16:42:28.006391+00:00
942,4711669056,48.57,2.01,buy,False,2022-08-11T15:05:23.857294+00:00
943,4711538668,48.8,0.21,buy,False,2022-08-11T14:47:22.869151+00:00
944,4711526304,48.77,0.21,sell,False,2022-08-11T14:46:13.559632+00:00
945,4711066917,48.49,2.02,sell,False,2022-08-11T13:53:09.710909+00:00
946,4710499038,48.62,0.2,buy,False,2022-08-11T12:39:24.066222+00:00
947,4710246966,48.35,0.21,buy,False,2022-08-11T12:20:48.831634+00:00
948,4710244213,48.35,0.5,buy,False,2022-08-11T12:20:25.118318+00:00
949,4710181520,48.1,0.21,buy,False,2022-08-11T12:14:28.686440+00:00
950,4710023212,48.56,0.21,sell,False,2022-08-11T11:51:12.262595+00:00
951,4710015742,48.75,0.11,sell,False,2022-08-11T11:49:24.486342+00:00
952,4710011273,48.87,1.11,sell,False,2022-08-11T11:48:25.069198+00:00
953,4710008824,48.92,0.14,sell,False,2022-08-11T11:47:37.186213+00:00
954,4709971389,48.99,0.21,buy,False,2022-08-11T11:38:09.015921+00:00
955,4709915695,49.0,11.0,sell,False,2022-08-11T11:23:29.116411+00:00
956,4709905242,49.06,0.21,sell,False,2022-08-11T11:20:30.662440+00:00
957,4709651507,49.41,8.0,sell,False,2022-08-11T10:21:22.714747+00:00
958,4709632809,49.56,0.21,sell,False,2022-08-11T10:17:13.961022+00:00
959,4704779043,50.04,0.2,buy,False,2022-08-10T19:47:51.062127+00:00
960,4704412283,49.65,100.7,sell,False,2022-08-10T18:46:53.624025+00:00
961,4703523224,49.56,2.01,sell,False,2022-08-10T16:08:56.545121+00:00
962,4702142197,49.81,0.25,buy,False,2022-08-10T13:24:33.624951+00:00
963,4702129262,49.8,0.25,buy,False,2022-08-10T13:23:54.341310+00:00
964,4698694269,49.87,8.93,buy,False,2022-08-10T03:57:41.569203+00:00
965,4696380596,49.95,0.2,sell,False,2022-08-09T19:33:34.547667+00:00
966,4694217622,50.07,0.13,buy,False,2022-08-09T13:35:05.821012+00:00
967,4686897314,49.09,101.85,sell,False,2022-08-08T13:40:10.925383+00:00
968,4686736666,49.48,0.19,buy,False,2022-08-08T13:14:05.154084+00:00
969,4685769869,49.12,0.1,sell,False,2022-08-08T10:19:26.151419+00:00
970,4676964851,49.41,1.0,buy,False,2022-08-06T14:28:23.553557+00:00
971,4672667851,49.31,0.56,buy,False,2022-08-05T18:26:32.341588+00:00
972,4671331679,49.55,2.02,sell,False,2022-08-05T14:14:41.249978+00:00
973,4670093805,49.82,0.61,buy,False,2022-08-05T11:57:08.320964+00:00
974,4669425816,49.97,0.05,buy,False,2022-08-05T10:03:09.013782+00:00
975,4668181473,50.06,0.5,buy,False,2022-08-05T04:59:43.924650+00:00
976,4665892225,49.95,1.67,buy,False,2022-08-04T19:57:08.893268+00:00
977,4664393814,49.67,1.0,buy,False,2022-08-04T15:43:00.744103+00:00
978,4663847857,49.33,8.0,sell,False,2022-08-04T14:22:51.931287+00:00
979,4663782834,49.43,2.01,buy,False,2022-08-04T14:16:32.770985+00:00
980,4663586145,49.51,2.01,buy,False,2022-08-04T13:51:54.122409+00:00
981,4663408689,49.81,100.38,sell,False,2022-08-04T13:35:01.777310+00:00
982,4662830228,50.04,0.28,buy,False,2022-08-04T11:39:06.468122+00:00
983,4658617310,49.95,0.5,buy,False,2022-08-03T20:50:46.905411+00:00
984,4657881922,49.76,200.96,sell,False,2022-08-03T17:56:10.563879+00:00
985,4657709421,49.86,0.06,buy,False,2022-08-03T17:18:58.055267+00:00
986,4656246183,49.73,4.0,sell,False,2022-08-03T13:06:53.958742+00:00
987,4656118702,49.67,0.25,sell,False,2022-08-03T12:44:49.599295+00:00
988,4656073651,49.67,3.8,sell,False,2022-08-03T12:39:15.252479+00:00
989,4656073650,49.71,0.2,sell,False,2022-08-03T12:39:15.252479+00:00
990,4655956482,49.98,1.0,buy,False,2022-08-03T12:25:37.712874+00:00
991,4652841295,49.82,0.05,buy,False,2022-08-03T01:28:18.080560+00:00
992,4651040492,49.64,572.7,sell,False,2022-08-02T20:10:00.394341+00:00
993,4651040491,49.68,421.77,sell,False,2022-08-02T20:10:00.394341+00:00
994,4650968505,49.72,11.17,sell,False,2022-08-02T19:58:03.011431+00:00
995,4650086049,50.2,0.79,sell,False,2022-08-02T17:28:35.999367+00:00
996,4639673524,51.01,0.15,buy,False,2022-08-01T13:57:05.746868+00:00
997,4631712646,50.69,7.81,buy,False,2022-07-31T13:40:26.469060+00:00
998,4628232112,50.69,0.49,buy,False,2022-07-30T23:39:32.132530+00:00
999,4624008212,50.35,0.99,sell,False,2022-07-30T12:09:50.214732+00:00
1000,4624006564,50.35,9.93,sell,False,2022-07-30T12:09:26.179471+00:00
1001,4616014747,50.19,1.46,sell,False,2022-07-29T13:36:28.917503+00:00
1002,4613744664,50.83,2.0,sell,False,2022-07-29T08:11:37.356576+00:00
1003,4613643118,51.13,0.01,sell,False,2022-07-29T08:00:03.884671+00:00
1004,4609092269,51.12,0.2,sell,False,2022-07-28T19:45:00.301302+00:00
1005,4607787782,52.14,0.2,buy,False,2022-07-28T16:52:10.149506+00:00
1006,4607784154,52.08,0.2,sell,False,2022-07-28T16:51:48.727900+00:00
1007,4607202179,51.69,0.2,buy,False,2022-07-28T16:02:38.391155+00:00
1008,4605887457,49.87,40.1,sell,False,2022-07-28T14:08:58.370618+00:00
1009,4605775172,49.47,2.0,buy,False,2022-07-28T13:56:09.050074+00:00
1010,4605497126,49.35,0.47,sell,False,2022-07-28T13:34:13.658420+00:00
1011,4605494673,50.0,11.0,sell,False,2022-07-28T13:33:56.053992+00:00
1012,4605485878,50.18,0.13,sell,False,2022-07-28T13:33:20.367102+00:00
1013,4605473715,50.57,0.16,sell,False,2022-07-28T13:32:24.725200+00:00
1014,4596131087,51.35,0.16,sell,False,2022-07-27T14:08:42.740290+00:00
1015,4595829517,52.57,1.0,buy,False,2022-07-27T13:16:27.255319+00:00
1016,4594625737,52.66,2.0,buy,False,2022-07-27T07:46:40.010350+00:00
1017,4590084759,52.1,0.16,buy,False,2022-07-26T13:26:24.389194+00:00
1018,4588726457,51.86,0.1,buy,False,2022-07-26T07:29:34.556082+00:00
1019,4588708886,51.84,2.0,buy,False,2022-07-26T07:22:55.074934+00:00
1020,4588402989,51.81,192.62,buy,False,2022-07-26T05:42:48.360837+00:00
1021,4588386029,51.8,386.1,buy,False,2022-07-26T05:36:23.558173+00:00
1022,4588376981,51.8,193.05,buy,False,2022-07-26T05:32:59.421491+00:00
1023,4584368725,51.67,0.2,sell,False,2022-07-25T15:37:07.274307+00:00
1024,4583193332,51.47,0.29,buy,False,2022-07-25T11:36:02.411467+00:00
1025,4582936341,51.67,193.53,buy,False,2022-07-25T10:18:25.964306+00:00
1026,4570825289,51.22,0.19,buy,False,2022-07-23T10:33:49.368468+00:00
1027,4567424177,51.31,0.29,buy,False,2022-07-22T19:59:00.782820+00:00
1028,4566751930,51.17,0.2,sell,False,2022-07-22T18:01:33.091076+00:00
1029,4566481319,51.35,4.0,buy,False,2022-07-22T17:14:04.903514+00:00
1030,4558675145,51.0,12.29,buy,False,2022-07-21T16:05:55.881248+00:00
1031,4558657582,50.95,0.2,buy,False,2022-07-21T16:04:09.329614+00:00
1032,4557746667,50.38,11.0,sell,False,2022-07-21T13:36:47.983716+00:00
1033,4557731005,50.52,0.1,buy,False,2022-07-21T13:35:28.144109+00:00
1034,4557725361,50.64,0.09,sell,False,2022-07-21T13:35:01.558119+00:00
1035,4556106540,50.67,4.0,sell,False,2022-07-21T08:22:12.607811+00:00
1036,4542965240,51.5,0.19,buy,False,2022-07-19T19:47:31.427216+00:00
1037,4541472710,51.23,0.2,sell,False,2022-07-19T16:19:10.083814+00:00
1038,4540526841,51.45,2.02,sell,False,2022-07-19T15:12:51.434603+00:00
1039,4538024937,50.85,4.0,buy,False,2022-07-19T09:28:16.714115+00:00
1040,4537776029,50.62,8.0,sell,False,2022-07-19T08:39:24.231809+00:00
1041,4537187575,50.57,0.2,sell,False,2022-07-19T06:51:45.202638+00:00
1042,4533745210,50.66,14.87,sell,False,2022-07-18T23:39:59.057426+00:00
1043,4532494173,50.8,0.2,buy,False,2022-07-18T20:06:43.010747+00:00
1044,4530203854,51.56,8.0,buy,False,2022-07-18T14:32:30.365538+00:00
1045,4530156775,51.69,0.44,buy,False,2022-07-18T14:25:41.758182+00:00
1046,4529992331,51.46,8.0,sell,False,2022-07-18T14:00:08.983370+00:00
1047,4528461123,52.11,8.0,buy,False,2022-07-18T10:06:04.402658+00:00
1048,4526768379,52.1,0.2,buy,False,2022-07-18T06:08:44.022964+00:00
1049,4523751869,52.03,0.11,buy,False,2022-07-17T18:33:51.744365+00:00
1050,4517020562,51.95,0.38,buy,False,2022-07-16T18:07:09.283563+00:00
1051,4514496549,51.6,0.12,sell,False,2022-07-16T12:14:34.757197+00:00
1052,4506921382,51.53,0.2,buy,False,2022-07-15T05:47:41.992744+00:00
1053,4501609098,50.94,0.93,sell,False,2022-07-14T14:05:35.319269+00:00
1054,4501364885,51.0,11.0,sell,False,2022-07-14T13:30:04.023099+00:00
1055,4501087805,51.31,0.05,sell,False,2022-07-14T12:34:56.853845+00:00
1056,4500828165,51.34,0.01,sell,False,2022-07-14T11:46:20.534568+00:00
1057,4500810803,51.35,0.01,sell,False,2022-07-14T11:42:19.742094+00:00
1058,4493934259,51.59,0.28,sell,False,2022-07-13T14:28:23.464385+00:00
1059,4493796273,52.01,289.85,buy,False,2022-07-13T14:10:05.591123+00:00
1060,4493036549,51.72,0.29,buy,False,2022-07-13T13:03:28.804476+00:00
1061,4492456218,51.67,203.76,sell,False,2022-07-13T12:36:37.220321+00:00
1062,4492456217,51.77,0.06,sell,False,2022-07-13T12:36:37.220321+00:00
1063,4492342495,51.86,0.06,sell,False,2022-07-13T12:32:50.116146+00:00
1064,4485846958,52.0,11.0,sell,False,2022-07-12T14:31:47.210883+00:00
1065,4485693210,52.02,8.0,sell,False,2022-07-12T14:06:39.469633+00:00
1066,4485628102,52.13,2.0,sell,False,2022-07-12T13:59:58.266090+00:00
1067,4485589065,52.17,0.28,sell,False,2022-07-12T13:55:23.350203+00:00
1068,4483912974,52.79,2.0,buy,False,2022-07-12T08:58:01.819485+00:00
1069,4478606694,53.52,2.0,buy,False,2022-07-11T14:10:29.878643+00:00
1070,4478353418,53.68,0.01,buy,False,2022-07-11T13:44:32.217159+00:00
1071,4477844817,53.12,0.56,buy,False,2022-07-11T12:11:26.527580+00:00
1072,4462143461,53.39,0.01,sell,False,2022-07-08T15:41:13.328460+00:00
1073,4461505292,53.86,0.57,buy,False,2022-07-08T14:27:57.292164+00:00
1074,4460503982,53.42,2.0,buy,False,2022-07-08T12:01:58.193267+00:00
1075,4459506473,53.37,4.0,buy,False,2022-07-08T08:49:54.668868+00:00
1076,4459306735,53.24,0.4,sell,False,2022-07-08T08:14:04.397026+00:00
1077,4458706939,53.22,0.7,sell,False,2022-07-08T05:55:59.255886+00:00
1078,4454412854,53.12,0.12,sell,False,2022-07-07T16:34:07.059196+00:00
1079,4453124424,53.0,11.0,buy,False,2022-07-07T13:30:45.351114+00:00
1080,4452690027,52.72,1.61,buy,False,2022-07-07T11:51:58.325090+00:00
1081,4452023724,52.73,0.57,buy,False,2022-07-07T09:01:12.009623+00:00
1082,4451340604,52.8,0.15,buy,False,2022-07-07T06:00:28.848033+00:00
1083,4448994144,52.88,11.0,buy,False,2022-07-06T19:29:22.922267+00:00
1084,4448893952,52.5,11.0,buy,False,2022-07-06T19:04:51.298577+00:00
1085,4448411014,52.28,11.0,buy,False,2022-07-06T17:47:29.790427+00:00
1086,4448316706,52.21,11.0,buy,False,2022-07-06T17:20:04.115171+00:00
1087,4448243041,52.15,11.0,buy,False,2022-07-06T17:03:28.791667+00:00
1088,4447321800,52.49,11.0,buy,False,2022-07-06T13:49:00.886384+00:00
1089,4440583865,50.86,0.83,sell,False,2022-07-05T14:44:20.077977+00:00
1090,4440490027,50.98,11.0,sell,False,2022-07-05T14:28:52.445675+00:00
1091,4440487864,51.01,11.0,sell,False,2022-07-05T14:28:32.218436+00:00
1092,4440180630,51.27,0.03,sell,False,2022-07-05T13:36:14.586338+00:00
1093,4440163943,51.5,0.19,sell,False,2022-07-05T13:34:33.479651+00:00
1094,4440156447,51.56,10.49,buy,False,2022-07-05T13:33:45.195197+00:00
1095,4432956258,52.42,0.47,buy,False,2022-07-04T12:04:45.723262+00:00
1096,4428965768,52.12,1.0,sell,False,2022-07-03T17:31:33.988975+00:00
1097,4428733511,52.47,1.0,buy,False,2022-07-03T16:15:15.318597+00:00
1098,4421702472,52.47,3.95,buy,False,2022-07-02T04:40:34.022157+00:00
1099,4421699369,52.12,3.94,sell,False,2022-07-02T04:39:48.948792+00:00
1100,4421620635,52.12,3.94,sell,False,2022-07-02T04:17:40.911659+00:00
1101,4418586934,51.5,0.5,sell,False,2022-07-01T17:06:00.106420+00:00
1102,4417810517,51.33,0.04,sell,False,2022-07-01T14:34:13.384294+00:00
1103,4417169742,52.22,0.71,sell,False,2022-07-01T13:04:49.493850+00:00
1104,4413467788,52.44,0.5,buy,False,2022-07-01T01:58:24.036795+00:00
1105,4409896131,52.49,1.45,buy,False,2022-06-30T16:55:41.403860+00:00
1106,4406947971,50.67,2.05,sell,False,2022-06-30T09:16:37.026045+00:00
1107,4398853856,50.72,0.73,sell,False,2022-06-29T10:18:50.202278+00:00
1108,4398055863,50.78,3.94,buy,False,2022-06-29T07:37:24.562685+00:00
1109,4394512874,50.58,0.09,buy,False,2022-06-28T19:06:14.765282+00:00
1110,4391677401,52.18,0.09,buy,False,2022-06-28T11:49:33.195329+00:00
1111,4387632808,52.13,0.3,buy,False,2022-06-27T20:24:29.925353+00:00
1112,4385509721,51.73,0.01,buy,False,2022-06-27T14:03:55.267894+00:00
1113,4385043871,51.45,0.01,sell,False,2022-06-27T13:30:32.226854+00:00
1114,4383488600,51.7,0.19,buy,False,2022-06-27T07:34:50.535923+00:00
1115,4375131075,51.95,0.72,sell,False,2022-06-26T00:56:16.341931+00:00
1116,4375131074,51.96,10.49,sell,False,2022-06-26T00:56:16.341931+00:00
1117,4369613469,51.37,199.08,sell,False,2022-06-25T05:12:41.860278+00:00
1118,4368883968,50.53,0.03,sell,False,2022-06-25T02:09:32.475495+00:00
1119,4364596779,50.37,0.05,buy,False,2022-06-24T13:25:02.110385+00:00
1120,4363261881,50.33,0.9,buy,False,2022-06-24T10:04:56.455331+00:00
1121,4358933100,50.16,0.39,buy,False,2022-06-23T20:06:13.945643+00:00
1122,4358236664,50.13,7.76,buy,False,2022-06-23T17:54:59.554725+00:00
1123,4357706378,49.57,0.9,buy,False,2022-06-23T16:04:08.604267+00:00
1124,4351295600,49.26,0.14,sell,False,2022-06-22T19:35:35.682411+00:00
1125,4350426812,49.1,0.01,buy,False,2022-06-22T16:51:57.212993+00:00
1126,4348722495,47.98,33.0,buy,False,2022-06-22T13:30:10.773755+00:00
1127,4344470213,47.92,1.45,sell,False,2022-06-22T01:05:08.466654+00:00
1128,4344332377,48.14,0.01,sell,False,2022-06-22T00:41:29.651901+00:00
1129,4341750899,48.09,0.01,buy,False,2022-06-21T17:11:39.209602+00:00
1130,4341102486,47.76,1.45,sell,False,2022-06-21T15:22:01.128802+00:00
1131,4333212780,47.06,1.0,buy,False,2022-06-20T18:13:32.948900+00:00
1132,4312605903,46.44,2.33,sell,False,2022-06-18T17:46:42.682961+00:00
1133,4312590716,46.44,1.78,sell,False,2022-06-18T17:45:08.210523+00:00
1134,4312558806,46.44,0.2,sell,True,2022-06-18T17:43:09.510988+00:00
1135,4308989133,46.44,0.99,sell,False,2022-06-18T08:02:31.512824+00:00
1136,4308989132,46.48,0.01,sell,False,2022-06-18T08:02:31.512824+00:00
1137,4304703475,46.57,0.31,sell,False,2022-06-17T17:39:22.252653+00:00
1138,4303900869,46.8,0.58,sell,False,2022-06-17T15:24:10.723060+00:00
1139,4303895384,46.84,33.0,sell,False,2022-06-17T15:22:44.699318+00:00
1140,4303890770,46.93,0.11,sell,False,2022-06-17T15:21:47.302833+00:00
1141,4303559455,47.01,33.0,sell,False,2022-06-17T14:34:27.600184+00:00
1142,4300771952,47.78,0.01,buy,False,2022-06-17T07:03:32.285671+00:00
1143,4298207017,47.42,5.66,sell,False,2022-06-16T23:39:04.224420+00:00
1144,4296300335,47.28,33.0,sell,False,2022-06-16T18:34:28.267543+00:00
1145,4293932328,47.64,0.74,sell,False,2022-06-16T13:39:06.206325+00:00
1146,4291757902,47.83,0.01,sell,False,2022-06-16T09:08:31.919322+00:00
1147,4285949058,48.84,0.01,sell,False,2022-06-15T19:31:12.755762+00:00
1148,4285298896,48.54,46.55,sell,False,2022-06-15T18:54:45.560824+00:00
1149,4285159774,48.86,0.93,buy,False,2022-06-15T18:50:13.059633+00:00
1150,4282748027,48.24,0.01,buy,False,2022-06-15T16:30:01.639454+00:00
1151,4281517024,47.77,0.01,buy,False,2022-06-15T14:00:26.353578+00:00
1152,4281333656,47.33,1.17,sell,False,2022-06-15T13:44:34.020700+00:00
1153,4281331186,47.37,0.01,sell,False,2022-06-15T13:44:32.946285+00:00
1154,4281291330,47.57,0.08,sell,False,2022-06-15T13:40:20.334865+00:00
1155,4281255067,47.61,0.07,sell,False,2022-06-15T13:36:21.458356+00:00
1156,4281231122,47.63,0.02,sell,False,2022-06-15T13:33:36.581507+00:00
1157,4270835318,47.8,0.1,sell,False,2022-06-14T17:34:08.171925+00:00
1158,4270113707,47.66,0.07,sell,False,2022-06-14T16:12:34.522516+00:00
1159,4270025627,47.7,0.07,sell,False,2022-06-14T16:04:42.909488+00:00
1160,4269855323,48.0,0.01,sell,False,2022-06-14T15:50:26.240168+00:00
1161,4269297645,48.31,0.01,buy,False,2022-06-14T14:58:42.832315+00:00
1162,4269239316,48.24,0.01,buy,False,2022-06-14T14:52:28.896896+00:00
1163,4268459351,47.64,0.04,buy,False,2022-06-14T13:32:48.765722+00:00
1164,4268454140,47.71,0.2,buy,False,2022-06-14T13:32:27.252471+00:00
1165,4268446218,47.72,0.01,sell,False,2022-06-14T13:31:48.451400+00:00
1166,4268361788,47.89,0.1,buy,False,2022-06-14T13:23:41.297638+00:00
1167,4267526346,48.0,0.01,sell,False,2022-06-14T11:59:23.255194+00:00
1168,4267426722,48.05,0.01,sell,False,2022-06-14T11:47:19.715990+00:00
1169,4265951412,48.16,1.33,sell,False,2022-06-14T08:31:32.801925+00:00
1170,4264421252,48.24,0.01,buy,False,2022-06-14T06:00:01.086958+00:00
1171,4264421585,48.1,0.01,buy,False,2022-06-14T06:00:00.574068+00:00
1172,4264421584,48.1,0.05,buy,False,2022-06-14T06:00:00.574068+00:00
1173,4257352571,48.0,0.01,sell,False,2022-06-13T18:58:07.508378+00:00
1174,4256374966,48.24,0.01,sell,False,2022-06-13T16:59:19.425395+00:00
1175,4256364966,48.3,0.01,sell,False,2022-06-13T16:58:07.148743+00:00
1176,4256210875,48.48,0.01,sell,False,2022-06-13T16:44:52.301306+00:00
1177,4255406303,48.56,0.5,sell,False,2022-06-13T15:52:08.968961+00:00
1178,4255292782,48.73,0.01,buy,False,2022-06-13T15:44:13.430878+00:00
1179,4254968979,48.49,2.47,sell,False,2022-06-13T15:20:16.299712+00:00
1180,4254969422,48.49,0.09,sell,False,2022-06-13T15:20:16.146963+00:00
1181,4254969412,48.49,0.12,sell,False,2022-06-13T15:20:15.973975+00:00
1182,4254968926,48.49,0.15,sell,False,2022-06-13T15:20:15.746053+00:00
1183,4254969372,48.49,0.19,sell,False,2022-06-13T15:20:15.552468+00:00
1184,4254969363,48.49,0.23,sell,False,2022-06-13T15:20:15.398676+00:00
1185,4254968874,48.49,0.29,sell,False,2022-06-13T15:20:15.196304+00:00
1186,4254968830,48.49,0.36,sell,False,2022-06-13T15:20:14.887946+00:00
1187,4254968771,48.49,0.45,sell,False,2022-06-13T15:20:14.714331+00:00
1188,4254968725,48.49,0.57,sell,False,2022-06-13T15:20:14.512438+00:00
1189,4254968236,48.49,0.71,sell,False,2022-06-13T15:20:14.328744+00:00
1190,4254968215,48.49,0.88,sell,False,2022-06-13T15:20:14.085831+00:00
1191,4254968199,48.49,1.11,sell,False,2022-06-13T15:20:13.856353+00:00
1192,4254968171,48.49,1.38,sell,False,2022-06-13T15:20:13.676874+00:00
1193,4254968605,48.49,1.73,sell,False,2022-06-13T15:20:13.441768+00:00
1194,4254968590,48.49,2.16,sell,False,2022-06-13T15:20:13.240577+00:00
1195,4254904399,48.43,0.03,buy,False,2022-06-13T15:16:23.757985+00:00
1196,4254391174,48.37,33.0,sell,False,2022-06-13T14:48:57.056071+00:00
1197,4254338503,48.48,0.01,sell,False,2022-06-13T14:45:49.225540+00:00
1198,4254303674,48.56,33.0,sell,False,2022-06-13T14:43:39.447851+00:00
1199,4254256440,48.7,33.0,sell,False,2022-06-13T14:41:02.971316+00:00
1200,4254181032,48.73,0.01,buy,False,2022-06-13T14:34:10.086888+00:00
1201,4254048631,48.42,9.52,buy,False,2022-06-13T14:24:16.431860+00:00
1202,4253941739,48.48,1.98,sell,False,2022-06-13T14:15:48.553493+00:00
1203,4253941738,48.48,0.01,sell,False,2022-06-13T14:15:48.553493+00:00
1204,4253828110,48.71,0.08,buy,False,2022-06-13T14:07:26.169487+00:00
1205,4253391939,48.73,0.01,sell,False,2022-06-13T13:38:14.210946+00:00
1206,4253367080,48.74,78.82,sell,False,2022-06-13T13:36:27.520467+00:00
1207,4253358227,48.97,0.01,sell,False,2022-06-13T13:35:54.237119+00:00
1208,4253316606,49.22,0.01,buy,False,2022-06-13T13:33:35.616949+00:00
1209,4253224451,48.96,0.06,sell,False,2022-06-13T13:29:59.425464+00:00
1210,4253223094,48.97,0.01,sell,False,2022-06-13T13:29:58.856928+00:00
1211,4250202854,49.23,0.56,buy,False,2022-06-13T09:27:27.246315+00:00
1212,4250202159,49.17,0.63,buy,False,2022-06-13T09:27:26.677986+00:00
1213,4250202049,49.17,0.7,buy,False,2022-06-13T09:27:25.249524+00:00
1214,4250200683,49.18,0.77,buy,False,2022-06-13T09:27:18.383987+00:00
1215,4250199936,49.18,0.86,buy,False,2022-06-13T09:27:17.260942+00:00
1216,4250199642,49.18,0.95,buy,False,2022-06-13T09:27:14.444161+00:00
1217,4250199061,49.18,1.06,buy,False,2022-06-13T09:27:13.252052+00:00
1218,4250198998,49.18,1.18,buy,False,2022-06-13T09:27:12.593443+00:00
1219,4250199387,49.18,1.31,buy,False,2022-06-13T09:27:11.652172+00:00
1220,4250196623,49.2,1.45,buy,False,2022-06-13T09:26:58.278268+00:00
1221,4250195950,49.2,1.62,buy,False,2022-06-13T09:26:57.511656+00:00
1222,4250196497,49.2,1.8,buy,False,2022-06-13T09:26:56.481956+00:00
1223,4249390528,49.22,0.01,sell,False,2022-06-13T08:45:00.713956+00:00
1224,4247349733,49.46,0.01,sell,False,2022-06-13T06:07:50.252435+00:00
1225,4247255018,49.56,1.15,sell,False,2022-06-13T06:00:20.065786+00:00
1226,4247250220,49.71,0.01,sell,False,2022-06-13T06:00:01.726112+00:00
1227,4247250563,49.75,33.0,sell,False,2022-06-13T06:00:01.153415+00:00
1228,4247250562,49.78,33.0,sell,False,2022-06-13T06:00:01.153415+00:00
1229,4247250561,49.83,33.0,sell,False,2022-06-13T06:00:01.153415+00:00
1230,4247250560,49.86,33.0,sell,False,2022-06-13T06:00:01.153415+00:00
1231,4247250559,49.92,0.04,sell,False,2022-06-13T06:00:01.153415+00:00
1232,4242169014,49.94,0.01,sell,False,2022-06-12T22:07:25.543557+00:00
1233,4242088847,49.95,0.01,sell,False,2022-06-12T22:00:05.163125+00:00
1234,4242088070,49.97,0.04,sell,False,2022-06-12T22:00:03.021914+00:00
1235,4238412422,50.27,0.5,buy,False,2022-06-12T12:46:38.333393+00:00
1236,4237223663,50.24,0.5,buy,False,2022-06-12T08:46:35.097888+00:00
1237,4226782261,50.23,199.08,buy,False,2022-06-11T05:30:50.010890+00:00
1238,4224909369,50.07,0.01,buy,False,2022-06-10T19:59:34.424222+00:00
1239,4224908097,50.03,33.0,sell,False,2022-06-10T19:59:29.744307+00:00
1240,4224428767,50.09,33.0,sell,False,2022-06-10T18:13:07.557503+00:00
1241,4223215557,50.15,33.0,sell,False,2022-06-10T15:33:25.429104+00:00
1242,4223214066,50.18,33.0,sell,False,2022-06-10T15:33:07.045472+00:00
1243,4223203213,50.2,33.0,sell,False,2022-06-10T15:30:59.292139+00:00
1244,4223203212,50.2,33.0,sell,False,2022-06-10T15:30:59.292139+00:00
1245,4223203211,50.2,0.01,sell,False,2022-06-10T15:30:59.292139+00:00
1246,4223202813,50.23,33.0,sell,False,2022-06-10T15:30:53.947151+00:00
1247,4223189522,50.27,33.0,sell,False,2022-06-10T15:28:34.329595+00:00
1248,4223169654,50.3,33.0,sell,False,2022-06-10T15:25:29.272419+00:00
1249,4223169653,50.3,33.0,sell,False,2022-06-10T15:25:29.272419+00:00
1250,4222955654,50.57,0.87,sell,False,2022-06-10T14:47:32.524980+00:00
1251,4222817559,50.44,0.01,sell,False,2022-06-10T14:28:26.445954+00:00
1252,4222799101,50.51,33.0,sell,False,2022-06-10T14:25:16.213049+00:00
1253,4222780241,50.59,33.0,sell,False,2022-06-10T14:21:54.872559+00:00
1254,4222780709,50.6,33.0,sell,False,2022-06-10T14:21:49.361550+00:00
1255,4222771785,50.67,33.0,sell,False,2022-06-10T14:20:30.000924+00:00
1256,4222771768,50.69,0.01,sell,False,2022-06-10T14:20:29.451917+00:00
1257,4222734876,50.74,33.0,sell,False,2022-06-10T14:16:36.096740+00:00
1258,4222698212,50.83,33.0,sell,False,2022-06-10T14:11:53.081763+00:00
1259,4222693743,50.87,33.0,sell,False,2022-06-10T14:11:03.684798+00:00
1260,4222575036,51.18,0.01,buy,False,2022-06-10T13:57:25.209425+00:00
1261,4222551447,50.95,33.0,sell,False,2022-06-10T13:54:39.186232+00:00
1262,4222511573,50.93,0.01,buy,False,2022-06-10T13:49:23.403464+00:00
1263,4222426780,50.73,33.0,sell,False,2022-06-10T13:40:59.785995+00:00
1264,4222367336,50.69,0.01,sell,False,2022-06-10T13:35:16.427808+00:00
1265,4222343570,50.88,33.0,sell,False,2022-06-10T13:33:57.668623+00:00
1266,4222343569,50.88,33.0,sell,False,2022-06-10T13:33:57.668623+00:00
1267,4222340421,50.93,0.01,sell,False,2022-06-10T13:33:44.502375+00:00
1268,4222333888,51.0,33.0,sell,False,2022-06-10T13:33:17.849390+00:00
1269,4222333887,51.0,33.0,sell,False,2022-06-10T13:33:17.849390+00:00
1270,4222332868,51.1,0.2,sell,False,2022-06-10T13:33:11.205354+00:00
1271,4222318555,51.18,0.01,sell,False,2022-06-10T13:32:01.140332+00:00
1272,4222191407,51.39,33.0,sell,False,2022-06-10T13:25:10.914535+00:00
1273,4222179649,51.42,33.0,sell,False,2022-06-10T13:23:52.904008+00:00
1274,4222179648,51.42,0.01,sell,False,2022-06-10T13:23:52.904008+00:00
1275,4222177762,51.44,33.0,sell,False,2022-06-10T13:23:46.268891+00:00
1276,4222178658,51.47,33.0,sell,False,2022-06-10T13:23:41.556064+00:00
1277,4222075382,51.5,33.0,sell,False,2022-06-10T13:10:35.910733+00:00
1278,4221772380,51.63,2.67,sell,False,2022-06-10T12:41:36.279080+00:00
1279,4221009335,51.67,0.01,sell,False,2022-06-10T10:43:39.759412+00:00
1280,4217346831,51.87,2.67,sell,False,2022-06-09T19:55:54.286596+00:00
1281,4217346081,51.91,0.01,sell,False,2022-06-09T19:55:29.807719+00:00
1282,4217301265,52.13,0.89,sell,False,2022-06-09T19:41:10.202171+00:00
1283,4217282289,52.16,0.01,sell,False,2022-06-09T19:34:45.190741+00:00
1284,4217048667,52.4,0.01,sell,False,2022-06-09T18:38:54.005092+00:00
1285,4216296455,52.65,0.01,sell,False,2022-06-09T15:49:40.405567+00:00
1286,4216113791,52.89,0.01,sell,False,2022-06-09T15:04:26.282246+00:00
1287,4216104423,53.0,0.01,sell,False,2022-06-09T15:02:22.554792+00:00
1288,4215955692,53.14,0.01,sell,False,2022-06-09T14:26:56.160090+00:00
1289,4215869092,53.38,0.01,sell,False,2022-06-09T14:08:57.298006+00:00
1290,4215818363,53.63,0.01,buy,False,2022-06-09T14:00:01.279631+00:00
1291,4215613905,53.38,0.01,sell,False,2022-06-09T13:30:03.645960+00:00
1292,4215449364,53.54,0.01,sell,False,2022-06-09T12:50:38.098318+00:00
1293,4215338977,53.72,0.14,buy,False,2022-06-09T12:29:55.249501+00:00
1294,4215338976,53.65,0.01,buy,False,2022-06-09T12:29:55.249501+00:00
1295,4215336037,53.44,0.35,sell,False,2022-06-09T12:29:41.654086+00:00
1296,4215328823,53.59,0.01,sell,False,2022-06-09T12:28:18.617264+00:00
1297,4211439382,53.49,0.16,buy,False,2022-06-08T18:53:09.440243+00:00
1298,4211193042,53.63,0.01,sell,False,2022-06-08T18:17:52.902669+00:00
1299,4210961275,53.81,0.01,sell,False,2022-06-08T17:13:04.635533+00:00
1300,4210845838,53.87,0.01,sell,False,2022-06-08T16:43:14.418848+00:00
1301,4210316189,54.12,0.01,buy,False,2022-06-08T14:42:01.926802+00:00
1302,4210195587,53.87,0.01,sell,False,2022-06-08T14:15:00.451362+00:00
1303,4210105422,54.04,0.01,sell,False,2022-06-08T14:00:30.788684+00:00
1304,4210092209,54.12,0.01,sell,False,2022-06-08T13:58:51.204988+00:00
1305,4209876369,54.36,0.01,buy,False,2022-06-08T13:31:44.905345+00:00
1306,4209875291,54.32,0.01,buy,False,2022-06-08T13:31:27.063340+00:00
1307,4209860859,54.12,0.01,buy,False,2022-06-08T13:30:08.944347+00:00
1308,4209860687,54.08,0.01,buy,False,2022-06-08T13:30:06.521931+00:00
1309,4209861456,53.87,0.01,buy,False,2022-06-08T13:29:57.674061+00:00
1310,4209492422,53.63,0.01,sell,False,2022-06-08T12:08:08.636662+00:00
1311,4205283469,53.87,0.01,buy,False,2022-06-07T22:15:45.341218+00:00
1312,4205224235,53.63,0.01,sell,False,2022-06-07T22:03:34.249536+00:00
1313,4203893900,53.79,0.01,sell,False,2022-06-07T18:47:26.367964+00:00
1314,4203834246,53.87,0.01,buy,False,2022-06-07T18:34:08.167661+00:00
1315,4203439032,53.63,0.01,buy,False,2022-06-07T16:43:03.873369+00:00
1316,4203079892,53.54,0.01,buy,False,2022-06-07T15:14:24.484679+00:00
1317,4203021605,53.38,0.01,buy,False,2022-06-07T15:02:29.865431+00:00
1318,4202967272,53.25,0.01,sell,False,2022-06-07T14:51:39.290991+00:00
1319,4202753990,53.14,0.01,sell,False,2022-06-07T14:13:52.521387+00:00
1320,4202730325,53.38,0.01,sell,False,2022-06-07T14:06:17.893116+00:00
1321,4202579431,53.63,0.01,buy,False,2022-06-07T13:33:59.971545+00:00
1322,4202547675,53.38,0.01,buy,False,2022-06-07T13:30:06.559974+00:00
1323,4202467991,53.0,0.18,sell,False,2022-06-07T13:01:23.202146+00:00
1324,4200910849,53.14,0.01,sell,False,2022-06-07T06:00:01.078211+00:00
1325,4196729737,53.34,0.1,buy,False,2022-06-06T17:12:19.382362+00:00
1326,4196361478,53.38,0.01,sell,False,2022-06-06T16:09:18.130369+00:00
1327,4195837426,53.63,0.01,buy,False,2022-06-06T14:54:11.661843+00:00
1328,4195649624,53.38,0.01,buy,False,2022-06-06T14:21:50.875994+00:00
1329,4195195543,53.14,0.01,sell,False,2022-06-06T13:11:39.531823+00:00
1330,4194586843,53.38,0.01,sell,False,2022-06-06T11:00:07.564193+00:00
1331,4194466509,53.79,0.09,buy,False,2022-06-06T10:29:11.456947+00:00
1332,4194466508,53.63,0.01,buy,False,2022-06-06T10:29:11.456947+00:00
1333,4193804467,53.38,0.01,buy,False,2022-06-06T08:00:02.012560+00:00
1334,4192168728,53.16,0.11,sell,False,2022-06-06T02:06:01.683572+00:00
1335,4185564832,53.05,0.99,sell,False,2022-06-04T17:46:06.982500+00:00
1336,4185564831,53.14,0.01,sell,False,2022-06-04T17:46:06.982500+00:00
1337,4185323819,53.41,0.99,buy,False,2022-06-04T16:22:29.591091+00:00
1338,4185323818,53.38,0.01,buy,False,2022-06-04T16:22:29.591091+00:00
1339,4182439972,53.05,0.08,sell,False,2022-06-04T01:59:15.925221+00:00
1340,4182378680,53.14,0.01,sell,False,2022-06-04T01:39:57.556028+00:00
1341,4180685216,53.38,0.01,buy,False,2022-06-03T17:04:14.239847+00:00
1342,4180071053,53.14,0.01,sell,False,2022-06-03T14:44:35.175224+00:00
1343,4179918264,53.38,0.01,buy,False,2022-06-03T14:19:10.733130+00:00
1344,4179774440,53.33,0.09,buy,False,2022-06-03T13:55:52.439257+00:00
1345,4179719448,53.14,0.01,sell,False,2022-06-03T13:46:08.802268+00:00
1346,4179681489,53.38,0.01,buy,False,2022-06-03T13:40:33.120160+00:00
1347,4179641902,53.14,0.01,buy,False,2022-06-03T13:35:54.014273+00:00
1348,4179636753,52.89,0.01,buy,False,2022-06-03T13:35:01.652594+00:00
1349,4175054809,52.65,0.01,buy,False,2022-06-02T19:58:29.101667+00:00
1350,4174977075,52.4,0.01,buy,False,2022-06-02T19:33:25.596629+00:00
1351,4174622190,52.16,0.01,buy,False,2022-06-02T18:05:57.994117+00:00
1352,4174232733,51.91,0.01,buy,False,2022-06-02T16:31:10.132980+00:00
1353,4174149743,51.67,0.01,sell,False,2022-06-02T16:15:38.974494+00:00
1354,4174018108,51.91,0.01,buy,False,2022-06-02T15:51:13.598070+00:00
1355,4173877770,51.67,0.01,buy,False,2022-06-02T15:26:37.236920+00:00
1356,4173729551,51.42,0.01,buy,False,2022-06-02T15:06:33.368804+00:00
1357,4173494085,51.18,0.01,sell,False,2022-06-02T14:24:08.911039+00:00
1358,4173477060,51.33,33.0,sell,False,2022-06-02T14:21:35.394401+00:00
1359,4173198140,51.42,0.01,sell,False,2022-06-02T13:48:17.085571+00:00
1360,4173085928,51.52,0.07,sell,False,2022-06-02T13:41:14.059958+00:00
1361,4173044189,51.67,0.01,sell,False,2022-06-02T13:36:47.089571+00:00
1362,4173032558,51.88,33.0,sell,False,2022-06-02T13:35:10.581419+00:00
1363,4173031505,51.91,0.01,sell,False,2022-06-02T13:35:04.310847+00:00
1364,4173002857,52.16,0.01,sell,False,2022-06-02T13:32:10.703374+00:00
1365,4172476305,52.44,1.0,buy,False,2022-06-02T12:17:43.033243+00:00
1366,4172475447,52.46,1.0,buy,False,2022-06-02T12:17:39.731869+00:00
1367,4172475340,52.46,1.0,buy,False,2022-06-02T12:17:36.431119+00:00
1368,4168756046,52.4,0.01,sell,False,2022-06-01T23:20:37.490609+00:00
1369,4167515046,52.41,0.97,sell,False,2022-06-01T19:57:45.175977+00:00
1370,4166836205,52.65,0.01,buy,False,2022-06-01T18:28:07.176766+00:00
1371,4166782388,52.49,9.47,sell,False,2022-06-01T18:20:48.534997+00:00
1372,4166558461,52.4,0.01,buy,False,2022-06-01T17:45:22.935170+00:00
1373,4164334220,52.16,0.01,buy,False,2022-06-01T14:12:37.603557+00:00
1374,4164169524,51.91,0.01,sell,False,2022-06-01T13:51:57.975531+00:00
1375,4164160698,52.16,0.01,sell,False,2022-06-01T13:50:37.378798+00:00
1376,4164136818,52.4,0.01,sell,False,2022-06-01T13:47:50.637383+00:00
1377,4164046467,52.65,0.01,sell,False,2022-06-01T13:36:27.182809+00:00
1378,4164015320,52.89,0.01,sell,False,2022-06-01T13:32:59.770896+00:00
1379,4158882044,53.14,0.01,sell,False,2022-05-31T19:59:03.851280+00:00
1380,4158854438,53.38,0.01,buy,False,2022-05-31T19:55:00.914519+00:00
1381,4158727747,53.14,0.01,sell,False,2022-05-31T19:28:03.821220+00:00
1382,4158227117,53.38,0.01,buy,False,2022-05-31T18:02:47.836159+00:00
1383,4157827574,53.14,0.01,buy,False,2022-05-31T16:55:12.841957+00:00
1384,4157641355,52.89,0.01,buy,False,2022-05-31T16:31:12.086058+00:00
1385,4156803892,52.65,0.01,buy,False,2022-05-31T14:43:38.573050+00:00
1386,4156536963,52.4,0.01,buy,False,2022-05-31T14:09:37.063992+00:00
1387,4156340142,52.0,33.0,sell,False,2022-05-31T13:49:23.365669+00:00
1388,4156318425,52.16,0.06,sell,False,2022-05-31T13:47:15.959084+00:00
1389,4156318424,52.16,0.01,sell,False,2022-05-31T13:47:15.959084+00:00
1390,4156143005,52.33,33.0,sell,False,2022-05-31T13:37:44.761378+00:00
1391,4156142403,52.4,0.01,sell,False,2022-05-31T13:37:34.905857+00:00
1392,4156118438,52.65,0.01,sell,False,2022-05-31T13:35:04.205984+00:00
1393,4156088324,52.88,33.0,sell,False,2022-05-31T13:33:06.011347+00:00
1394,4156070070,52.89,0.01,sell,False,2022-05-31T13:32:19.790811+00:00
1395,4156060043,53.14,0.01,sell,False,2022-05-31T13:31:19.445352+00:00
1396,4156059996,53.16,33.0,sell,False,2022-05-31T13:31:18.842216+00:00
1397,4156053722,53.21,33.0,sell,False,2022-05-31T13:30:50.452536+00:00
1398,4156052196,53.27,33.0,sell,False,2022-05-31T13:30:40.822761+00:00
1399,4156044001,53.36,33.0,sell,False,2022-05-31T13:30:12.407090+00:00
1400,4156043877,53.38,0.01,sell,False,2022-05-31T13:30:11.670113+00:00
1401,4156042148,53.46,33.0,sell,False,2022-05-31T13:30:04.756477+00:00
1402,4156042147,53.47,33.0,sell,False,2022-05-31T13:30:04.756477+00:00
1403,4156042113,53.49,33.0,sell,False,2022-05-31T13:30:04.219992+00:00
1404,4156041997,53.56,33.0,sell,False,2022-05-31T13:30:03.164893+00:00
1405,4154871353,53.63,0.01,sell,False,2022-05-31T09:39:07.376644+00:00
1406,4152208785,54.0,0.75,buy,False,2022-05-31T01:29:38.724461+00:00
1407,4152117822,53.64,0.74,sell,False,2022-05-31T01:10:08.427489+00:00
1408,4139959656,53.87,4.04,buy,False,2022-05-29T07:45:00.875134+00:00
1409,4138023682,53.87,0.01,buy,False,2022-05-28T23:46:36.776389+00:00
1410,4131424285,53.87,0.01,buy,False,2022-05-27T19:57:00.223215+00:00
1411,4130625834,53.58,0.29,sell,False,2022-05-27T17:54:41.313417+00:00
1412,4130484038,53.63,0.01,sell,False,2022-05-27T17:34:26.399767+00:00
1413,4129232391,53.87,0.01,sell,False,2022-05-27T14:52:57.111454+00:00
1414,4128870636,54.12,0.01,sell,False,2022-05-27T14:05:42.877122+00:00
1415,4128750162,54.36,0.01,buy,False,2022-05-27T13:50:14.477114+00:00
