,id,price,size,side,liquidation,time
0,5400239787,73.0,0.025,buy,False,2022-11-10T07:29:41.533643+00:00
1,5400239786,69.0,0.13,buy,False,2022-11-10T07:29:41.533643+00:00
2,5400038331,64.0,0.17,buy,False,2022-11-10T07:07:37.825612+00:00
3,5400032895,57.0,0.55,buy,False,2022-11-10T07:06:59.924219+00:00
4,5399703580,51.725,2.24,sell,False,2022-11-10T06:31:48.996317+00:00
5,5399703579,51.75,0.96,sell,False,2022-11-10T06:31:48.996317+00:00
6,5399603533,57.0,60.0,buy,False,2022-11-10T06:19:51.575700+00:00
7,5399600956,57.0,1.9,buy,False,2022-11-10T06:19:33.982981+00:00
8,5399598980,57.0,1.9,buy,False,2022-11-10T06:19:16.068418+00:00
9,5399581041,51.725,0.21,sell,False,2022-11-10T06:17:54.538362+00:00
10,5399579169,51.725,0.21,sell,False,2022-11-10T06:17:40.774017+00:00
11,5399497113,57.0,1.75,buy,False,2022-11-10T06:05:40.755543+00:00
12,5399494321,57.0,0.17,buy,False,2022-11-10T06:05:11.348208+00:00
13,5399448631,51.725,1.01,sell,False,2022-11-10T05:57:44.760948+00:00
14,5399372944,57.0,12.385,buy,False,2022-11-10T05:47:04.209510+00:00
15,5399361757,57.0,1.86,buy,False,2022-11-10T05:44:12.671692+00:00
16,5399359855,57.0,5.26,buy,False,2022-11-10T05:43:52.446182+00:00
17,5399359854,56.975,0.87,buy,False,2022-11-10T05:43:52.446182+00:00
18,5399324265,58.0,4.425,sell,False,2022-11-10T05:36:44.199378+00:00
19,5399324264,58.1,4.785,sell,False,2022-11-10T05:36:44.199378+00:00
20,5399318293,58.1,0.52,sell,False,2022-11-10T05:35:47.122174+00:00
21,5399263975,58.1,0.695,sell,False,2022-11-10T05:27:45.506250+00:00
22,5398946051,58.0,0.34,sell,False,2022-11-10T04:52:08.132348+00:00
23,5398946050,58.025,0.495,sell,False,2022-11-10T04:52:08.132348+00:00
24,5398519930,58.05,0.025,sell,False,2022-11-10T03:36:30.308982+00:00
25,5398519929,58.05,0.025,sell,False,2022-11-10T03:36:30.286746+00:00
26,5398519925,58.05,0.025,sell,False,2022-11-10T03:36:30.251921+00:00
27,5398519879,58.05,0.025,sell,False,2022-11-10T03:36:29.779910+00:00
28,5398460255,58.05,0.025,sell,False,2022-11-10T03:28:01.980764+00:00
29,5398460231,58.05,0.025,sell,False,2022-11-10T03:28:01.843692+00:00
30,5398460223,58.05,0.025,sell,False,2022-11-10T03:28:01.752372+00:00
31,5398460222,58.05,0.025,sell,False,2022-11-10T03:28:01.751854+00:00
32,5398460221,58.05,0.025,sell,False,2022-11-10T03:28:01.737202+00:00
33,5398460218,58.05,0.025,sell,False,2022-11-10T03:28:01.716732+00:00
34,5398460210,58.05,0.025,sell,False,2022-11-10T03:28:01.675709+00:00
35,5398460208,58.05,0.025,sell,False,2022-11-10T03:28:01.632509+00:00
36,5398460207,58.05,0.025,sell,False,2022-11-10T03:28:01.632164+00:00
37,5398460206,58.05,0.025,sell,False,2022-11-10T03:28:01.631812+00:00
38,5398460205,58.05,0.025,sell,False,2022-11-10T03:28:01.621310+00:00
39,5398458827,74.075,3.815,buy,False,2022-11-10T03:27:51.673071+00:00
40,5398458826,74.05,0.68,buy,False,2022-11-10T03:27:51.673071+00:00
41,5398412461,64.0,5.0,buy,False,2022-11-10T03:22:37.937064+00:00
42,5397664341,58.0,2.775,sell,False,2022-11-10T01:36:07.755898+00:00
43,5396434875,58.0,0.405,sell,False,2022-11-09T23:32:21.340687+00:00
44,5396411139,65.0,1.535,buy,False,2022-11-09T23:30:36.143996+00:00
45,5396409131,58.0,0.01,sell,False,2022-11-09T23:30:27.092928+00:00
46,5396382960,60.0,1.665,buy,False,2022-11-09T23:28:19.310193+00:00
47,5396365316,58.0,0.07,sell,False,2022-11-09T23:26:29.452256+00:00
48,5396365315,58.025,0.03,sell,False,2022-11-09T23:26:29.452256+00:00
49,5396363059,58.025,0.015,sell,False,2022-11-09T23:26:12.854480+00:00
50,5396328149,58.025,0.295,sell,False,2022-11-09T23:23:19.928967+00:00
51,5395954746,58.025,0.125,sell,False,2022-11-09T22:58:20.501881+00:00
52,5395952840,58.025,0.025,sell,False,2022-11-09T22:58:11.499334+00:00
53,5395952839,58.025,0.025,sell,False,2022-11-09T22:58:11.498971+00:00
54,5395952831,58.025,0.025,sell,False,2022-11-09T22:58:11.449857+00:00
55,5395938696,58.025,0.025,sell,False,2022-11-09T22:56:29.287459+00:00
56,5395938693,58.025,0.025,sell,False,2022-11-09T22:56:29.265318+00:00
57,5395933047,58.025,0.025,sell,False,2022-11-09T22:55:39.109296+00:00
58,5395924236,58.025,0.025,sell,False,2022-11-09T22:54:19.733807+00:00
59,5395924201,58.025,0.025,sell,False,2022-11-09T22:54:19.343298+00:00
60,5395034832,56.65,0.02,sell,False,2022-11-09T21:46:47.764212+00:00
61,5395034803,74.075,0.25,buy,False,2022-11-09T21:46:47.579600+00:00
62,5395034802,74.05,0.015,buy,False,2022-11-09T21:46:47.579600+00:00
63,5395034738,74.05,0.015,buy,False,2022-11-09T21:46:47.247890+00:00
64,5395034737,67.775,0.235,buy,False,2022-11-09T21:46:47.247890+00:00
65,5395034736,63.075,0.015,buy,False,2022-11-09T21:46:47.247890+00:00
66,5395031948,60.025,0.03,sell,False,2022-11-09T21:46:36.202622+00:00
67,5395031947,61.075,0.015,sell,False,2022-11-09T21:46:36.202622+00:00
68,5395027829,67.025,0.015,sell,False,2022-11-09T21:46:19.995437+00:00
69,5395026254,67.025,0.03,sell,False,2022-11-09T21:46:13.979954+00:00
70,5395025525,67.0,0.16,sell,False,2022-11-09T21:46:10.983311+00:00
71,5395025521,67.0,0.16,sell,False,2022-11-09T21:46:10.948560+00:00
72,5395025199,67.775,55.0,buy,False,2022-11-09T21:46:08.665172+00:00
73,5395024604,67.0,0.015,sell,False,2022-11-09T21:46:06.017982+00:00
74,5395024016,61.275,0.3,buy,False,2022-11-09T21:46:03.245811+00:00
75,5395024015,60.95,0.995,buy,False,2022-11-09T21:46:03.245811+00:00
76,5395024014,60.075,0.015,buy,False,2022-11-09T21:46:03.245811+00:00
77,5394774876,60.0,2.62,buy,False,2022-11-09T21:31:57.649894+00:00
78,5394774875,59.975,0.66,buy,False,2022-11-09T21:31:57.649894+00:00
79,5394753996,60.0,0.115,buy,False,2022-11-09T21:30:55.281469+00:00
80,5394737264,52.5,0.04,buy,False,2022-11-09T21:30:15.450387+00:00
81,5394497727,40.0,0.96,sell,False,2022-11-09T21:17:45.982162+00:00
82,5394412135,49.5,0.04,sell,False,2022-11-09T21:12:42.339497+00:00
83,5394375883,53.0,0.035,buy,False,2022-11-09T21:10:22.313396+00:00
84,5394335153,50.0,0.04,sell,False,2022-11-09T21:07:16.919482+00:00
85,5394335152,51.0,0.195,sell,False,2022-11-09T21:07:16.919482+00:00
86,5394335151,52.0,0.19,sell,False,2022-11-09T21:07:16.919482+00:00
87,5394335150,53.0,0.185,sell,False,2022-11-09T21:07:16.919482+00:00
88,5394335149,55.0,0.18,sell,False,2022-11-09T21:07:16.919482+00:00
89,5394335148,55.8,0.605,sell,False,2022-11-09T21:07:16.919482+00:00
90,5394335147,55.825,0.66,sell,False,2022-11-09T21:07:16.919482+00:00
91,5394335146,56.0,0.21,sell,False,2022-11-09T21:07:16.919482+00:00
92,5394138250,60.0,0.7,sell,False,2022-11-09T20:55:17.264693+00:00
93,5394138214,60.0,0.7,sell,False,2022-11-09T20:55:17.067804+00:00
94,5394138141,60.0,103.7,sell,False,2022-11-09T20:55:16.860748+00:00
95,5394138121,58.975,212.92,buy,False,2022-11-09T20:55:16.752185+00:00
96,5394138120,58.75,0.015,buy,False,2022-11-09T20:55:16.752185+00:00
97,5394137571,58.75,0.69,buy,False,2022-11-09T20:55:14.089139+00:00
98,5394137570,56.825,499.08,buy,False,2022-11-09T20:55:14.089139+00:00
99,5394137569,56.8,0.23,buy,False,2022-11-09T20:55:14.089139+00:00
100,5393484804,57.55,160.615,buy,False,2022-11-09T20:03:44.327058+00:00
101,5393467990,57.2,0.395,buy,False,2022-11-09T20:02:15.537926+00:00
102,5393453121,57.425,160.615,buy,False,2022-11-09T20:01:11.069274+00:00
103,5393434620,57.175,168.265,buy,False,2022-11-09T19:59:57.681202+00:00
104,5392943425,57.2,52.605,sell,False,2022-11-09T19:15:05.495230+00:00
105,5392789120,56.95,10.0,sell,False,2022-11-09T19:03:06.478757+00:00
106,5392706545,56.9,0.02,sell,False,2022-11-09T18:56:25.428070+00:00
107,5392666618,57.0,0.21,sell,False,2022-11-09T18:53:34.540736+00:00
108,5392362809,57.5,0.02,sell,True,2022-11-09T18:36:53.538380+00:00
109,5390988555,57.775,7.17,buy,False,2022-11-09T17:02:14.731780+00:00
110,5390472079,57.425,17.04,sell,False,2022-11-09T16:25:34.906135+00:00
111,5389983921,57.225,0.19,sell,False,2022-11-09T15:57:38.502993+00:00
112,5389444772,57.875,0.18,sell,False,2022-11-09T15:34:09.283259+00:00
113,5389359835,58.475,0.175,sell,False,2022-11-09T15:28:05.140850+00:00
114,5389000104,58.575,0.85,buy,False,2022-11-09T14:54:26.707219+00:00
115,5388999999,58.575,46.765,buy,False,2022-11-09T14:54:26.169874+00:00
116,5388966257,59.075,0.17,sell,False,2022-11-09T14:51:41.653686+00:00
117,5388726565,58.0,11.295,sell,False,2022-11-09T14:37:22.175778+00:00
118,5388726564,58.0,0.205,sell,False,2022-11-09T14:37:22.175778+00:00
119,5388709708,59.0,0.165,sell,False,2022-11-09T14:35:55.552108+00:00
120,5388685593,59.075,0.015,sell,False,2022-11-09T14:34:20.959732+00:00
121,5388674148,60.075,0.015,sell,False,2022-11-09T14:33:29.519149+00:00
122,5388236866,60.425,1.0,sell,False,2022-11-09T13:53:09.554348+00:00
123,5385154029,61.075,0.015,sell,False,2022-11-09T10:20:36.286927+00:00
124,5383126336,62.025,0.4,sell,False,2022-11-09T08:16:18.511649+00:00
125,5382544609,62.025,4.625,sell,False,2022-11-09T07:35:59.894605+00:00
126,5382510908,62.025,3.84,sell,False,2022-11-09T07:32:16.189436+00:00
127,5382404739,62.025,0.6,sell,False,2022-11-09T07:22:02.065677+00:00
128,5382315096,62.025,7.0,sell,False,2022-11-09T07:14:43.930395+00:00
129,5380324604,62.175,0.05,buy,False,2022-11-09T04:31:13.666001+00:00
130,5380315414,62.025,0.02,sell,False,2022-11-09T04:30:12.053843+00:00
131,5380190463,62.0,0.08,sell,False,2022-11-09T04:17:55.709957+00:00
132,5380161824,62.0,0.5,sell,False,2022-11-09T04:15:19.648415+00:00
133,5380135393,61.95,0.08,sell,False,2022-11-09T04:13:02.133003+00:00
134,5380112208,61.95,0.08,sell,False,2022-11-09T04:10:38.307301+00:00
135,5379798852,61.975,3.0,sell,False,2022-11-09T03:40:10.261498+00:00
136,5379708139,62.025,1.34,sell,False,2022-11-09T03:31:28.065850+00:00
137,5379338839,62.0,6.04,sell,False,2022-11-09T03:00:18.410259+00:00
138,5378224819,62.025,0.16,sell,False,2022-11-09T01:13:22.594934+00:00
139,5376206848,61.475,2.185,sell,False,2022-11-08T22:31:38.881997+00:00
140,5375122623,61.675,76.0,sell,False,2022-11-08T21:21:00.127961+00:00
141,5375069104,61.675,75.87,sell,False,2022-11-08T21:18:15.428273+00:00
142,5374228217,62.075,0.015,buy,False,2022-11-08T20:31:35.628364+00:00
143,5373916634,61.025,0.59,sell,False,2022-11-08T20:17:51.114852+00:00
144,5373575092,61.075,0.015,buy,False,2022-11-08T20:07:19.750151+00:00
145,5372768988,60.95,66.5,buy,False,2022-11-08T19:40:44.041023+00:00
146,5372479236,59.925,24.435,sell,False,2022-11-08T19:34:44.284522+00:00
147,5372479235,60.175,33.4,sell,False,2022-11-08T19:34:44.284522+00:00
148,5372302764,59.8,55.67,sell,False,2022-11-08T19:32:20.635009+00:00
149,5372302763,59.9,26.955,sell,False,2022-11-08T19:32:20.635009+00:00
150,5372302762,60.075,0.015,sell,False,2022-11-08T19:32:20.635009+00:00
151,5372004363,60.525,0.5,sell,False,2022-11-08T19:28:10.170347+00:00
152,5372001285,60.5,5.0,buy,False,2022-11-08T19:28:06.075086+00:00
153,5371789737,61.075,0.015,sell,False,2022-11-08T19:24:14.535336+00:00
154,5371576114,61.35,0.055,sell,False,2022-11-08T19:18:48.881719+00:00
155,5371167668,61.75,1.0,sell,False,2022-11-08T19:05:09.941869+00:00
156,5370203831,61.45,33.85,sell,False,2022-11-08T18:34:04.289338+00:00
157,5369875035,61.475,0.14,sell,False,2022-11-08T18:25:11.963709+00:00
158,5369875034,62.075,0.015,sell,False,2022-11-08T18:25:11.963709+00:00
159,5369797948,63.075,0.015,sell,False,2022-11-08T18:23:23.387190+00:00
160,5369219721,64.075,0.015,sell,False,2022-11-08T18:11:52.667183+00:00
161,5368197910,64.55,0.27,sell,False,2022-11-08T17:49:41.403519+00:00
162,5367799818,65.025,5.0,sell,False,2022-11-08T17:32:10.415859+00:00
163,5367790508,65.0,4.045,sell,False,2022-11-08T17:31:40.641096+00:00
164,5367735802,65.125,2.0,sell,False,2022-11-08T17:29:33.331261+00:00
165,5367141510,65.0,4.89,sell,False,2022-11-08T17:09:16.689566+00:00
166,5366550138,65.325,0.05,sell,False,2022-11-08T16:45:34.477192+00:00
167,5366357765,65.225,0.05,buy,False,2022-11-08T16:37:57.955753+00:00
168,5366333543,65.125,0.05,buy,False,2022-11-08T16:36:58.938885+00:00
169,5366321617,65.125,0.05,buy,False,2022-11-08T16:36:36.901242+00:00
170,5366073786,65.025,0.05,buy,False,2022-11-08T16:31:00.319139+00:00
171,5366072693,65.025,0.05,buy,False,2022-11-08T16:30:57.914888+00:00
172,5366067361,65.025,0.05,buy,False,2022-11-08T16:30:48.819905+00:00
173,5366060790,65.075,0.035,buy,False,2022-11-08T16:30:33.689666+00:00
174,5366060789,65.075,0.015,buy,False,2022-11-08T16:30:33.689666+00:00
175,5365555570,64.075,0.015,buy,False,2022-11-08T16:15:15.016654+00:00
176,5365458136,63.9,0.775,sell,False,2022-11-08T16:13:29.287839+00:00
177,5364805889,63.2,2.0,buy,False,2022-11-08T16:01:50.024061+00:00
178,5364588316,63.075,0.015,buy,False,2022-11-08T15:49:42.173179+00:00
179,5363932870,62.3,2.0,sell,False,2022-11-08T15:05:46.156278+00:00
180,5363866029,62.075,0.015,buy,False,2022-11-08T15:01:25.516375+00:00
181,5363778707,61.375,2.0,buy,False,2022-11-08T14:55:39.073584+00:00
182,5363590535,60.4,3.63,buy,False,2022-11-08T14:47:12.280964+00:00
183,5363590534,60.4,56.0,buy,False,2022-11-08T14:47:12.280634+00:00
184,5363590523,60.4,1.0,buy,False,2022-11-08T14:47:12.275002+00:00
185,5363497445,61.075,0.015,sell,False,2022-11-08T14:42:22.152797+00:00
186,5363437197,61.25,3.0,sell,False,2022-11-08T14:39:56.396944+00:00
187,5363270402,62.075,0.015,sell,False,2022-11-08T14:31:54.376388+00:00
188,5363220942,61.6,142.17,sell,False,2022-11-08T14:28:46.805012+00:00
189,5363220941,61.675,219.125,sell,False,2022-11-08T14:28:46.805012+00:00
190,5363220940,61.7,306.71,sell,False,2022-11-08T14:28:46.805012+00:00
191,5363220939,62.0,221.35,sell,False,2022-11-08T14:28:46.805012+00:00
192,5363220938,62.075,239.855,sell,False,2022-11-08T14:28:46.805012+00:00
193,5363220937,62.225,223.63,sell,False,2022-11-08T14:28:46.805012+00:00
194,5363220936,62.25,126.715,sell,False,2022-11-08T14:28:46.805012+00:00
195,5363220935,62.275,0.64,sell,False,2022-11-08T14:28:46.805012+00:00
196,5363220934,62.425,155.61,sell,False,2022-11-08T14:28:46.805012+00:00
197,5363220933,62.575,104.445,sell,False,2022-11-08T14:28:46.805012+00:00
198,5363220932,63.0,332.72,sell,False,2022-11-08T14:28:46.805012+00:00
199,5363220931,63.075,0.015,sell,False,2022-11-08T14:28:46.805012+00:00
200,5363209093,64.775,136.955,buy,False,2022-11-08T14:27:48.692471+00:00
201,5363209092,64.6,263.34,buy,False,2022-11-08T14:27:48.692471+00:00
202,5363209091,64.225,148.13,buy,False,2022-11-08T14:27:48.692471+00:00
203,5363209090,64.175,181.46,buy,False,2022-11-08T14:27:48.692471+00:00
204,5363209089,64.1,0.14,buy,False,2022-11-08T14:27:48.692471+00:00
205,5363209088,64.075,0.015,buy,False,2022-11-08T14:27:48.692471+00:00
206,5363209087,64.025,104.945,buy,False,2022-11-08T14:27:48.692471+00:00
207,5363209086,64.0,192.06,buy,False,2022-11-08T14:27:48.692471+00:00
208,5363209085,63.875,122.675,buy,False,2022-11-08T14:27:48.692471+00:00
209,5363209084,63.875,179.87,buy,False,2022-11-08T14:27:48.692471+00:00
210,5363209083,63.625,93.685,buy,False,2022-11-08T14:27:48.692471+00:00
211,5363209082,63.6,0.63,buy,False,2022-11-08T14:27:48.692471+00:00
212,5363209081,63.5,499.08,buy,False,2022-11-08T14:27:48.692471+00:00
213,5362950375,63.075,0.27,sell,False,2022-11-08T14:10:20.828724+00:00
214,5362487018,63.075,0.015,sell,False,2022-11-08T13:33:37.265376+00:00
215,5361826973,63.6,72.28,sell,False,2022-11-08T12:05:55.630301+00:00
216,5361723861,64.075,0.015,buy,False,2022-11-08T11:53:46.149686+00:00
217,5360925017,63.975,0.155,buy,False,2022-11-08T10:27:59.598215+00:00
218,5358382650,62.25,3.51,sell,False,2022-11-08T06:38:03.994798+00:00
219,5357592209,62.175,3.995,sell,False,2022-11-08T05:46:41.082992+00:00
220,5357588595,63.0,3.545,buy,False,2022-11-08T05:46:28.671259+00:00
221,5357176908,62.175,3.375,sell,False,2022-11-08T05:28:10.864671+00:00
222,5357173474,62.175,4.59,sell,False,2022-11-08T05:28:00.096352+00:00
223,5357161409,62.175,2.035,sell,False,2022-11-08T05:27:29.304086+00:00
224,5356312082,62.3,4.995,sell,False,2022-11-08T04:52:04.129917+00:00
225,5352286219,63.15,20.0,buy,False,2022-11-08T00:52:19.423463+00:00
226,5352200154,62.725,10.675,sell,False,2022-11-08T00:41:05.644819+00:00
227,5352200153,62.725,37.945,sell,False,2022-11-08T00:41:05.644819+00:00
228,5352023748,62.825,10.0,buy,False,2022-11-08T00:19:22.578641+00:00
229,5351974048,62.75,22.885,buy,False,2022-11-08T00:13:48.794140+00:00
230,5351954529,62.75,1.435,buy,False,2022-11-08T00:11:35.934742+00:00
231,5351954528,62.7,7.97,buy,False,2022-11-08T00:11:35.934742+00:00
232,5351954527,62.65,7.98,buy,False,2022-11-08T00:11:35.934742+00:00
233,5351954526,62.6,7.985,buy,False,2022-11-08T00:11:35.934742+00:00
234,5351954525,62.575,7.99,buy,False,2022-11-08T00:11:35.934742+00:00
235,5351683785,62.4,13.0,sell,False,2022-11-07T23:44:14.755826+00:00
236,5350107305,62.4,7.93,sell,False,2022-11-07T21:28:38.969589+00:00
237,5349862832,63.075,0.015,sell,False,2022-11-07T20:52:49.227383+00:00
238,5349677215,64.55,4.36,buy,False,2022-11-07T20:24:06.189691+00:00
239,5349406191,64.05,0.29,sell,False,2022-11-07T19:49:23.761911+00:00
240,5349302515,64.075,0.015,buy,False,2022-11-07T19:37:37.629684+00:00
241,5349168039,63.225,1.39,buy,False,2022-11-07T19:22:57.078163+00:00
242,5349063899,63.075,0.015,buy,False,2022-11-07T19:10:52.605709+00:00
243,5348843359,62.525,7.715,buy,False,2022-11-07T18:33:19.336581+00:00
244,5348843358,62.525,16.0,buy,False,2022-11-07T18:33:19.331723+00:00
245,5348817037,62.375,26.52,buy,False,2022-11-07T18:30:19.493391+00:00
246,5348807400,62.25,1.0,buy,False,2022-11-07T18:29:20.268042+00:00
247,5348800426,62.275,25.61,buy,False,2022-11-07T18:28:20.528041+00:00
248,5348800425,62.275,4.0,buy,False,2022-11-07T18:28:20.526160+00:00
249,5348796127,62.225,20.22,buy,False,2022-11-07T18:27:35.736684+00:00
250,5348796126,62.225,3.0,buy,False,2022-11-07T18:27:35.733707+00:00
251,5348792978,62.075,25.98,buy,False,2022-11-07T18:27:07.429436+00:00
252,5348792977,62.075,5.0,buy,False,2022-11-07T18:27:07.427163+00:00
253,5348759279,62.075,23.365,buy,False,2022-11-07T18:22:14.588546+00:00
254,5348734361,62.175,1.0,buy,False,2022-11-07T18:18:50.198663+00:00
255,5348709481,62.3,36.865,buy,False,2022-11-07T18:15:02.903853+00:00
256,5348687150,62.025,30.245,buy,False,2022-11-07T18:12:01.143123+00:00
257,5348659412,61.925,0.535,buy,False,2022-11-07T18:08:13.048783+00:00
258,5348656270,61.925,1.0,buy,False,2022-11-07T18:07:35.661057+00:00
259,5348655539,61.85,24.815,buy,False,2022-11-07T18:07:28.170659+00:00
260,5348604338,61.5,36.0,buy,False,2022-11-07T17:59:58.010895+00:00
261,5348604024,61.5,29.11,buy,False,2022-11-07T17:59:54.679997+00:00
262,5348602885,61.475,15.205,buy,False,2022-11-07T17:59:37.813715+00:00
263,5348602868,61.475,19.0,buy,False,2022-11-07T17:59:37.784068+00:00
264,5348600904,61.5,28.17,buy,False,2022-11-07T17:59:11.586964+00:00
265,5348599751,61.45,32.34,buy,False,2022-11-07T17:58:59.637694+00:00
266,5348599439,61.45,22.555,buy,False,2022-11-07T17:58:54.930248+00:00
267,5348599438,61.45,1.0,buy,False,2022-11-07T17:58:54.929260+00:00
268,5348595187,61.4,40.635,buy,False,2022-11-07T17:58:06.480634+00:00
269,5348589751,61.45,27.74,buy,False,2022-11-07T17:57:16.251096+00:00
270,5348587857,61.475,25.645,buy,False,2022-11-07T17:56:50.738519+00:00
271,5348585418,61.475,33.895,buy,False,2022-11-07T17:56:26.203752+00:00
272,5348585403,61.475,3.0,buy,False,2022-11-07T17:56:26.191978+00:00
273,5348582765,61.45,37.965,buy,False,2022-11-07T17:56:10.694101+00:00
274,5348582308,61.425,28.83,buy,False,2022-11-07T17:56:04.092550+00:00
275,5348580181,61.475,40.07,buy,False,2022-11-07T17:55:40.391857+00:00
276,5348574795,61.5,34.62,buy,False,2022-11-07T17:54:47.890605+00:00
277,5348574794,61.5,3.0,buy,False,2022-11-07T17:54:47.890189+00:00
278,5348572166,61.5,24.075,buy,False,2022-11-07T17:54:25.372088+00:00
279,5348569613,61.525,22.565,buy,False,2022-11-07T17:53:54.562036+00:00
280,5348569611,61.525,1.0,buy,False,2022-11-07T17:53:54.552642+00:00
281,5348560332,61.625,32.08,buy,False,2022-11-07T17:52:00.549375+00:00
282,5348559555,61.625,25.48,buy,False,2022-11-07T17:51:49.902673+00:00
283,5348559552,61.625,12.0,buy,False,2022-11-07T17:51:49.899742+00:00
284,5348554258,61.6,23.765,buy,False,2022-11-07T17:51:03.837119+00:00
285,5348546786,61.625,30.63,buy,False,2022-11-07T17:49:33.505821+00:00
286,5348545531,61.625,4.0,buy,False,2022-11-07T17:49:16.660802+00:00
287,5348545530,61.625,33.265,buy,False,2022-11-07T17:49:16.660632+00:00
288,5348524185,61.725,3.0,buy,False,2022-11-07T17:46:19.052219+00:00
289,5348519828,61.725,1.0,buy,False,2022-11-07T17:45:35.335045+00:00
290,5348519827,61.725,34.915,buy,False,2022-11-07T17:45:35.334972+00:00
291,5348514379,61.775,21.995,buy,False,2022-11-07T17:44:24.200082+00:00
292,5348482412,61.725,33.84,buy,False,2022-11-07T17:38:23.627974+00:00
293,5348479158,61.65,1.115,buy,False,2022-11-07T17:37:56.890054+00:00
294,5348437681,61.925,3.84,buy,False,2022-11-07T17:30:52.185208+00:00
295,5348437680,61.925,30.0,buy,False,2022-11-07T17:30:52.184108+00:00
296,5348043890,61.625,1.925,sell,False,2022-11-07T16:42:05.598675+00:00
297,5348038595,62.075,0.015,sell,False,2022-11-07T16:41:31.967690+00:00
298,5347387917,62.875,0.985,sell,False,2022-11-07T15:45:01.865379+00:00
299,5347385894,63.075,0.015,sell,False,2022-11-07T15:44:48.225369+00:00
300,5347049765,64.075,0.015,buy,False,2022-11-07T15:10:06.929832+00:00
301,5347015485,64.025,1.0,buy,False,2022-11-07T15:06:45.076942+00:00
302,5346993621,64.025,0.53,sell,False,2022-11-07T15:05:04.558557+00:00
303,5346991887,63.95,4.415,buy,False,2022-11-07T15:04:55.501779+00:00
304,5346846872,62.875,0.435,sell,False,2022-11-07T14:50:57.951942+00:00
305,5346846803,62.875,69.435,sell,False,2022-11-07T14:50:57.745461+00:00
306,5346846802,62.875,100.0,sell,False,2022-11-07T14:50:57.744663+00:00
307,5346846801,62.875,500.0,sell,False,2022-11-07T14:50:57.744296+00:00
308,5346798276,62.125,0.05,sell,False,2022-11-07T14:45:46.327811+00:00
309,5346752547,63.05,41.965,buy,False,2022-11-07T14:41:14.818213+00:00
310,5346715909,63.075,72.715,buy,False,2022-11-07T14:38:22.455313+00:00
311,5346715908,63.075,0.015,buy,False,2022-11-07T14:38:22.455313+00:00
312,5346682958,62.075,0.015,sell,False,2022-11-07T14:36:19.985553+00:00
313,5346667677,62.675,472.0,sell,False,2022-11-07T14:35:17.735213+00:00
314,5346667669,62.675,57.0,sell,False,2022-11-07T14:35:17.717698+00:00
315,5346667668,62.675,11.0,sell,False,2022-11-07T14:35:17.717196+00:00
316,5346667667,62.675,9.0,sell,False,2022-11-07T14:35:17.717063+00:00
317,5346667666,62.675,36.0,sell,False,2022-11-07T14:35:17.717010+00:00
318,5346667665,62.675,28.0,sell,False,2022-11-07T14:35:17.716452+00:00
319,5346650338,63.075,0.46,sell,False,2022-11-07T14:34:01.363371+00:00
320,5346634778,63.725,4.42,buy,False,2022-11-07T14:33:22.463691+00:00
321,5346622651,63.075,0.015,buy,False,2022-11-07T14:32:30.198352+00:00
322,5346600735,62.725,4.0,buy,False,2022-11-07T14:31:17.700567+00:00
323,5346576709,62.075,0.015,buy,False,2022-11-07T14:29:56.096554+00:00
324,5346566383,61.75,0.17,sell,False,2022-11-07T14:28:16.783821+00:00
325,5345975674,60.6,30.095,sell,False,2022-11-07T13:07:01.768741+00:00
326,5345954961,60.525,3.0,sell,False,2022-11-07T13:05:17.363982+00:00
327,5345954940,60.525,3.0,sell,False,2022-11-07T13:05:17.165241+00:00
328,5345954912,60.525,3.0,sell,False,2022-11-07T13:05:16.964023+00:00
329,5345954864,60.525,3.0,sell,False,2022-11-07T13:05:16.768992+00:00
330,5345954823,60.525,3.0,sell,False,2022-11-07T13:05:16.572649+00:00
331,5345954779,60.525,3.0,sell,False,2022-11-07T13:05:16.377886+00:00
332,5345954755,60.525,3.0,sell,False,2022-11-07T13:05:16.183212+00:00
333,5345954732,60.525,3.0,sell,False,2022-11-07T13:05:15.976201+00:00
334,5345954704,60.525,3.0,sell,False,2022-11-07T13:05:15.780682+00:00
335,5345952522,60.5,98.78,sell,False,2022-11-07T13:05:05.274230+00:00
336,5345934556,60.525,28.0,sell,False,2022-11-07T13:03:41.020958+00:00
337,5345882404,60.75,27.125,sell,False,2022-11-07T12:59:54.166086+00:00
338,5345868136,60.775,25.605,sell,False,2022-11-07T12:58:59.454111+00:00
339,5345843585,60.75,21.76,sell,False,2022-11-07T12:55:45.610456+00:00
340,5345798050,60.75,30.41,sell,False,2022-11-07T12:48:26.539741+00:00
341,5345683396,60.925,25.525,sell,False,2022-11-07T12:35:23.438068+00:00
342,5345593304,61.0,27.205,sell,False,2022-11-07T12:22:33.232855+00:00
343,5345569276,61.025,25.7,sell,False,2022-11-07T12:19:16.552816+00:00
344,5345541083,61.1,28.21,sell,False,2022-11-07T12:16:07.510336+00:00
345,5345457733,61.075,42.115,buy,False,2022-11-07T12:06:43.847991+00:00
346,5345457732,61.075,0.015,buy,False,2022-11-07T12:06:43.847991+00:00
347,5345397563,60.95,25.82,sell,False,2022-11-07T12:00:10.883394+00:00
348,5345149523,61.0,26.695,sell,False,2022-11-07T11:20:10.122342+00:00
349,5345062645,60.9,28.5,sell,False,2022-11-07T11:04:46.043918+00:00
350,5345052331,60.8,21.33,sell,False,2022-11-07T11:03:13.465103+00:00
351,5344995069,60.8,39.375,sell,False,2022-11-07T10:53:25.024659+00:00
352,5344928671,60.825,34.005,sell,False,2022-11-07T10:43:52.108389+00:00
353,5344894546,60.925,39.13,sell,False,2022-11-07T10:38:24.578462+00:00
354,5344890760,60.925,30.465,sell,False,2022-11-07T10:37:51.808207+00:00
355,5344597268,60.8,40.74,sell,False,2022-11-07T10:06:57.294165+00:00
356,5344295937,60.8,17.5,sell,False,2022-11-07T09:21:35.076599+00:00
357,5344287889,60.825,24.585,sell,False,2022-11-07T09:20:02.937458+00:00
358,5344260784,60.825,36.255,sell,False,2022-11-07T09:16:02.537866+00:00
359,5344135645,60.775,42.53,buy,False,2022-11-07T09:01:16.570863+00:00
360,5344134644,60.775,41.955,buy,False,2022-11-07T09:01:10.193860+00:00
361,5344134485,60.775,39.15,buy,False,2022-11-07T09:01:09.445123+00:00
362,5344134370,60.775,42.36,buy,False,2022-11-07T09:01:08.903973+00:00
363,5344134224,60.775,40.61,buy,False,2022-11-07T09:01:08.368654+00:00
364,5344133997,60.775,42.485,buy,False,2022-11-07T09:01:07.836861+00:00
365,5344124773,60.775,166.45,buy,False,2022-11-07T09:00:14.990381+00:00
366,5344124772,60.725,0.455,buy,False,2022-11-07T09:00:14.990381+00:00
367,5344123811,60.775,41.07,buy,False,2022-11-07T09:00:09.001660+00:00
368,5344122578,60.325,166.36,buy,False,2022-11-07T09:00:01.989813+00:00
369,5344122024,60.375,0.5,sell,False,2022-11-07T09:00:00.830342+00:00
370,5342897280,59.9,0.24,sell,False,2022-11-07T07:07:46.614700+00:00
371,5342746487,59.9,1.0,sell,False,2022-11-07T06:55:44.700810+00:00
372,5342479772,59.9,25.865,sell,False,2022-11-07T06:16:51.595018+00:00
373,5342463881,59.9,31.795,sell,False,2022-11-07T06:15:11.870406+00:00
374,5341795021,59.85,4.0,sell,False,2022-11-07T04:37:28.175476+00:00
375,5341621938,60.525,35.9,buy,False,2022-11-07T04:12:25.099784+00:00
376,5341618422,60.5,34.76,buy,False,2022-11-07T04:11:51.195692+00:00
377,5341617953,60.475,34.18,buy,False,2022-11-07T04:11:47.354987+00:00
378,5341562339,60.45,31.2,buy,False,2022-11-07T04:04:15.830240+00:00
379,5341561219,60.425,26.825,buy,False,2022-11-07T04:04:03.526592+00:00
380,5341559121,60.4,35.23,buy,False,2022-11-07T04:03:45.610677+00:00
381,5341558486,60.4,34.605,buy,False,2022-11-07T04:03:40.911778+00:00
382,5341539301,60.425,33.23,buy,False,2022-11-07T04:00:27.040108+00:00
383,5341532812,60.425,33.64,buy,False,2022-11-07T03:59:19.478349+00:00
384,5341521799,60.425,37.46,buy,False,2022-11-07T03:56:53.022556+00:00
385,5341487843,60.45,34.83,buy,False,2022-11-07T03:49:30.513007+00:00
386,5341435482,60.5,32.745,buy,False,2022-11-07T03:40:27.774310+00:00
387,5341432519,60.5,21.535,buy,False,2022-11-07T03:39:55.098131+00:00
388,5341426713,60.475,26.19,buy,False,2022-11-07T03:38:46.392341+00:00
389,5341423249,60.45,37.77,buy,False,2022-11-07T03:37:59.131512+00:00
390,5341422699,60.45,28.05,buy,False,2022-11-07T03:37:50.071177+00:00
391,5341384897,60.075,64.965,sell,False,2022-11-07T03:30:45.541996+00:00
392,5340835542,59.725,1.0,sell,False,2022-11-07T02:11:45.134218+00:00
393,5340583315,60.175,0.63,buy,False,2022-11-07T01:42:43.872555+00:00
394,5340583297,60.175,0.63,buy,False,2022-11-07T01:42:43.681053+00:00
395,5340583276,60.175,1.13,buy,False,2022-11-07T01:42:43.482937+00:00
396,5340583256,60.175,1.63,buy,False,2022-11-07T01:42:43.285820+00:00
397,5340583241,60.175,4.13,buy,False,2022-11-07T01:42:43.064764+00:00
398,5340583234,60.175,8.13,buy,False,2022-11-07T01:42:42.871930+00:00
399,5340583227,60.175,15.63,buy,False,2022-11-07T01:42:42.678837+00:00
400,5340572875,60.125,27.54,buy,False,2022-11-07T01:41:43.625849+00:00
401,5340571033,60.1,35.78,buy,False,2022-11-07T01:41:21.697787+00:00
402,5340569814,60.075,23.84,buy,False,2022-11-07T01:41:10.611810+00:00
403,5340569450,60.075,34.885,buy,False,2022-11-07T01:41:05.194070+00:00
404,5340567813,60.05,33.295,buy,False,2022-11-07T01:40:47.467704+00:00
405,5340565194,60.075,31.95,buy,False,2022-11-07T01:40:27.368587+00:00
406,5340555270,60.1,35.375,buy,False,2022-11-07T01:39:24.378661+00:00
407,5340551402,60.15,91.15,buy,False,2022-11-07T01:39:09.840988+00:00
408,5340539405,60.025,35.26,buy,False,2022-11-07T01:37:50.830911+00:00
409,5340533852,60.0,21.935,buy,False,2022-11-07T01:37:09.684462+00:00
410,5340532411,59.975,33.75,buy,False,2022-11-07T01:37:03.513078+00:00
411,5340531743,59.95,41.5,buy,False,2022-11-07T01:36:58.048247+00:00
412,5340530660,59.975,28.215,buy,False,2022-11-07T01:36:46.139510+00:00
413,5340529967,59.95,38.355,buy,False,2022-11-07T01:36:40.670116+00:00
414,5340527121,59.975,30.29,buy,False,2022-11-07T01:36:16.615501+00:00
415,5340526801,59.975,35.53,buy,False,2022-11-07T01:36:11.973320+00:00
416,5340517482,59.95,40.57,buy,False,2022-11-07T01:35:03.156921+00:00
417,5340514204,59.95,34.35,buy,False,2022-11-07T01:34:39.239947+00:00
418,5340508188,59.975,0.5,buy,False,2022-11-07T01:33:47.054037+00:00
419,5340508157,59.975,0.5,buy,False,2022-11-07T01:33:46.856959+00:00
420,5340508123,59.975,1.0,buy,False,2022-11-07T01:33:46.663862+00:00
421,5340508086,59.975,1.5,buy,False,2022-11-07T01:33:46.464763+00:00
422,5340508012,59.975,3.0,buy,False,2022-11-07T01:33:46.249398+00:00
423,5340507333,60.0,6.5,buy,False,2022-11-07T01:33:41.869831+00:00
424,5340507308,60.0,12.5,buy,False,2022-11-07T01:33:41.667886+00:00
425,5340501154,59.975,7.335,buy,False,2022-11-07T01:33:13.717019+00:00
426,5340501146,59.975,32.5,buy,False,2022-11-07T01:33:13.523374+00:00
427,5340499601,59.975,31.67,buy,False,2022-11-07T01:33:01.048691+00:00
428,5340338587,59.975,36.865,buy,False,2022-11-07T01:13:49.149263+00:00
429,5340280129,59.975,25.475,buy,False,2022-11-07T01:08:01.288792+00:00
430,5340278063,59.975,26.525,buy,False,2022-11-07T01:07:39.258080+00:00
431,5339115734,60.1,0.05,buy,False,2022-11-06T23:15:58.421352+00:00
432,5338612401,59.45,0.455,sell,False,2022-11-06T22:24:42.872045+00:00
433,5338612400,59.65,108.315,sell,False,2022-11-06T22:24:42.872045+00:00
434,5338612399,59.85,92.55,sell,False,2022-11-06T22:24:42.872045+00:00
435,5335567573,59.875,15.0,sell,False,2022-11-06T15:46:00.233915+00:00
436,5334319830,59.85,0.115,sell,False,2022-11-06T12:27:37.127768+00:00
437,5334000062,59.875,6.545,buy,False,2022-11-06T11:37:18.680764+00:00
438,5334000051,59.875,84.035,sell,False,2022-11-06T11:37:18.516021+00:00
439,5330725607,59.875,0.795,sell,False,2022-11-06T01:25:24.150624+00:00
440,5330725606,60.0,0.005,sell,False,2022-11-06T01:25:24.150624+00:00
441,5330725605,60.0,0.005,sell,False,2022-11-06T01:25:24.150624+00:00
442,5330725604,60.075,0.015,sell,False,2022-11-06T01:25:24.150624+00:00
443,5322887288,60.525,0.17,buy,False,2022-11-05T05:51:44.310099+00:00
444,5319109955,60.325,38.655,sell,False,2022-11-04T20:53:53.022363+00:00
445,5319053278,60.425,28.675,sell,False,2022-11-04T20:47:14.930551+00:00
446,5318947855,60.35,30.46,sell,False,2022-11-04T20:32:42.976603+00:00
447,5318804593,60.3,28.835,sell,False,2022-11-04T20:12:54.084543+00:00
448,5318553008,60.725,25.165,sell,False,2022-11-04T19:42:20.536848+00:00
449,5318531387,60.75,33.845,sell,False,2022-11-04T19:39:31.283382+00:00
450,5318485618,60.725,38.535,sell,False,2022-11-04T19:32:53.833584+00:00
451,5318483321,60.675,40.22,sell,False,2022-11-04T19:32:31.764037+00:00
452,5318482768,60.65,21.48,sell,False,2022-11-04T19:32:26.287907+00:00
453,5318455843,61.175,33.115,sell,False,2022-11-04T19:28:26.276637+00:00
454,5318445076,61.075,0.015,buy,False,2022-11-04T19:26:54.916452+00:00
455,5318409758,60.7,40.47,sell,False,2022-11-04T19:22:15.412958+00:00
456,5318403869,60.75,35.92,sell,False,2022-11-04T19:21:20.662956+00:00
457,5318397046,60.75,20.72,sell,False,2022-11-04T19:20:42.522992+00:00
458,5318372405,60.85,26.62,sell,False,2022-11-04T19:17:25.904707+00:00
459,5318346240,60.625,100.0,sell,False,2022-11-04T19:14:18.911625+00:00
460,5318312417,60.8,33.7,sell,False,2022-11-04T19:11:06.004906+00:00
461,5318297985,60.675,29.405,sell,False,2022-11-04T19:09:22.144903+00:00
462,5318231784,60.1,37.34,sell,False,2022-11-04T19:00:37.866012+00:00
463,5318231783,60.1,25.93,sell,False,2022-11-04T19:00:37.866012+00:00
464,5318225723,60.1,33.25,sell,False,2022-11-04T18:59:55.034767+00:00
465,5318225505,60.1,40.595,sell,False,2022-11-04T18:59:52.380153+00:00
466,5318224290,60.15,32.945,sell,False,2022-11-04T18:59:44.089679+00:00
467,5318223873,60.15,27.35,sell,False,2022-11-04T18:59:41.503289+00:00
468,5318221684,60.075,24.805,sell,False,2022-11-04T18:59:22.276526+00:00
469,5318220657,60.075,0.015,buy,False,2022-11-04T18:59:10.464412+00:00
470,5318144513,59.275,41.745,sell,False,2022-11-04T18:47:54.985259+00:00
471,5317881862,59.425,27.32,sell,False,2022-11-04T18:19:25.813740+00:00
472,5317819915,58.55,0.265,sell,False,2022-11-04T18:09:15.871472+00:00
473,5317725778,58.55,5.0,sell,False,2022-11-04T17:55:14.921909+00:00
474,5317645089,58.775,30.215,sell,False,2022-11-04T17:44:12.534883+00:00
475,5317569239,59.075,0.015,sell,False,2022-11-04T17:32:59.752711+00:00
476,5317398411,59.325,5.0,sell,False,2022-11-04T17:09:21.021504+00:00
477,5317270542,59.45,2.0,sell,False,2022-11-04T16:54:27.614794+00:00
478,5317046605,60.7,2.0,buy,False,2022-11-04T16:28:16.601360+00:00
479,5316924744,60.325,76.0,buy,False,2022-11-04T16:17:14.542483+00:00
480,5316659518,59.925,48.985,sell,False,2022-11-04T16:01:21.835502+00:00
481,5316659515,60.075,0.015,sell,False,2022-11-04T16:01:21.827461+00:00
482,5316658451,60.275,4.0,sell,False,2022-11-04T16:01:18.423661+00:00
483,5316593415,60.675,23.0,sell,False,2022-11-04T15:57:44.127955+00:00
484,5316578045,61.075,0.015,sell,False,2022-11-04T15:56:23.702708+00:00
485,5316406494,61.325,2.0,sell,False,2022-11-04T15:43:59.538520+00:00
486,5316312597,62.075,0.015,sell,False,2022-11-04T15:38:02.470960+00:00
487,5316102113,63.075,2.0,buy,False,2022-11-04T15:18:11.978490+00:00
488,5316004116,62.275,2.0,sell,False,2022-11-04T15:10:22.994486+00:00
489,5315900036,62.675,32.695,sell,False,2022-11-04T15:02:21.743763+00:00
490,5315796319,63.3,27.9,sell,False,2022-11-04T14:52:24.326952+00:00
491,5315747376,63.4,20.41,sell,False,2022-11-04T14:48:22.390435+00:00
492,5315623182,63.075,0.015,buy,False,2022-11-04T14:39:58.059648+00:00
493,5315505541,62.725,4.0,buy,False,2022-11-04T14:31:31.537491+00:00
494,5315440314,62.075,1.985,buy,False,2022-11-04T14:27:50.390405+00:00
495,5315440313,62.075,0.015,buy,False,2022-11-04T14:27:50.390405+00:00
496,5315264125,61.725,26.64,sell,False,2022-11-04T14:22:16.826812+00:00
497,5315040897,61.25,40.665,buy,False,2022-11-04T14:11:28.810400+00:00
498,5314998738,60.775,23.785,sell,False,2022-11-04T14:06:44.186321+00:00
499,5314963305,61.075,0.015,buy,False,2022-11-04T14:03:12.459647+00:00
500,5314936861,60.425,0.34,sell,False,2022-11-04T14:00:24.856575+00:00
501,5314904206,60.275,4.0,buy,False,2022-11-04T13:56:35.885680+00:00
502,5314903734,60.075,0.015,buy,False,2022-11-04T13:56:33.243194+00:00
503,5314896069,59.875,24.0,sell,False,2022-11-04T13:55:50.476639+00:00
504,5314896068,59.875,0.11,sell,False,2022-11-04T13:55:50.476595+00:00
505,5314863137,59.6,200.0,sell,False,2022-11-04T13:52:41.332937+00:00
506,5314863123,59.6,9.0,sell,False,2022-11-04T13:52:41.303814+00:00
507,5314863122,59.6,62.0,sell,False,2022-11-04T13:52:41.303590+00:00
508,5314863121,59.6,25.0,sell,False,2022-11-04T13:52:41.303309+00:00
509,5314863120,59.6,89.0,sell,False,2022-11-04T13:52:41.300883+00:00
510,5314857224,59.8,137.0,buy,False,2022-11-04T13:52:11.530039+00:00
511,5314857221,59.8,24.0,buy,False,2022-11-04T13:52:11.506741+00:00
512,5314857220,59.8,136.0,buy,False,2022-11-04T13:52:11.506716+00:00
513,5314857219,59.8,41.0,buy,False,2022-11-04T13:52:11.505516+00:00
514,5314857216,59.8,20.0,buy,False,2022-11-04T13:52:11.499376+00:00
515,5314857213,59.8,15.0,buy,False,2022-11-04T13:52:11.478176+00:00
516,5314857212,59.8,25.0,buy,False,2022-11-04T13:52:11.477059+00:00
517,5314857211,59.8,14.0,buy,False,2022-11-04T13:52:11.476222+00:00
518,5314857210,59.8,31.0,buy,False,2022-11-04T13:52:11.475738+00:00
519,5314857209,59.8,34.0,buy,False,2022-11-04T13:52:11.475429+00:00
520,5314814971,58.25,7.0,sell,False,2022-11-04T13:49:03.009122+00:00
521,5314814967,58.25,2.265,sell,False,2022-11-04T13:49:02.981596+00:00
522,5314814966,58.25,12.0,sell,False,2022-11-04T13:49:02.980671+00:00
523,5314814965,58.25,14.0,sell,False,2022-11-04T13:49:02.978312+00:00
524,5314814964,58.25,13.0,sell,False,2022-11-04T13:49:02.978298+00:00
525,5314814963,58.25,12.0,sell,False,2022-11-04T13:49:02.978293+00:00
526,5314814962,58.25,41.0,sell,False,2022-11-04T13:49:02.976238+00:00
527,5314814961,58.25,11.0,sell,False,2022-11-04T13:49:02.976088+00:00
528,5314808034,58.7,9.0,sell,False,2022-11-04T13:48:11.035391+00:00
529,5314808032,58.7,23.0,sell,False,2022-11-04T13:48:11.012288+00:00
530,5314808031,58.7,4.0,sell,False,2022-11-04T13:48:11.012161+00:00
531,5314808030,58.7,0.365,sell,False,2022-11-04T13:48:11.011877+00:00
532,5314782569,58.25,45.0,sell,False,2022-11-04T13:45:31.824742+00:00
533,5314758678,58.675,0.665,buy,False,2022-11-04T13:44:00.438643+00:00
534,5314748842,58.2,32.855,sell,False,2022-11-04T13:43:10.620497+00:00
535,5314726778,57.8,4.0,sell,False,2022-11-04T13:41:02.671659+00:00
536,5314722049,58.1,0.665,sell,False,2022-11-04T13:40:35.165389+00:00
537,5314720427,58.575,0.175,sell,False,2022-11-04T13:40:23.723451+00:00
538,5314719891,58.625,38.42,sell,False,2022-11-04T13:40:19.893016+00:00
539,5314708230,58.75,25.0,sell,False,2022-11-04T13:38:59.455389+00:00
540,5314707007,58.875,27.685,sell,False,2022-11-04T13:38:51.040303+00:00
541,5314705089,59.1,24.91,sell,False,2022-11-04T13:38:38.993034+00:00
542,5314677301,59.125,22.295,sell,False,2022-11-04T13:36:07.952882+00:00
543,5314674356,59.075,0.015,sell,False,2022-11-04T13:35:52.492728+00:00
544,5314671850,59.625,10.725,sell,False,2022-11-04T13:35:37.671948+00:00
545,5314671823,59.625,30.0,sell,False,2022-11-04T13:35:37.670654+00:00
546,5314670645,59.775,19.0,sell,False,2022-11-04T13:35:29.153947+00:00
547,5314670644,59.775,21.035,sell,False,2022-11-04T13:35:29.153835+00:00
548,5314669110,59.95,35.6,sell,False,2022-11-04T13:35:18.977949+00:00
549,5314634833,60.075,0.015,buy,False,2022-11-04T13:32:37.548449+00:00
550,5314631367,59.75,0.17,buy,False,2022-11-04T13:32:17.229419+00:00
551,5314630175,59.075,0.015,sell,False,2022-11-04T13:32:09.974435+00:00
552,5314626234,60.075,0.015,sell,False,2022-11-04T13:31:55.718049+00:00
553,5314607333,61.075,0.015,buy,False,2022-11-04T13:30:49.780912+00:00
554,5313731930,60.075,85.74,sell,False,2022-11-04T12:34:10.967789+00:00
555,5313688077,60.075,0.015,buy,False,2022-11-04T12:32:45.136382+00:00
556,5313637509,59.075,0.015,sell,False,2022-11-04T12:31:42.663973+00:00
557,5313637508,59.15,83.38,sell,False,2022-11-04T12:31:42.663699+00:00
558,5313405091,60.175,1.0,sell,False,2022-11-04T12:15:59.280573+00:00
559,5313397268,60.075,0.015,sell,False,2022-11-04T12:15:03.875952+00:00
560,5313342431,60.5,29.94,sell,False,2022-11-04T12:09:11.224037+00:00
561,5313221204,60.525,28.0,sell,False,2022-11-04T11:58:22.130163+00:00
562,5313066198,60.725,0.765,sell,False,2022-11-04T11:37:50.981380+00:00
563,5313031031,61.075,0.015,sell,False,2022-11-04T11:33:17.753815+00:00
564,5313005905,61.35,41.05,sell,False,2022-11-04T11:30:00.828290+00:00
565,5312757891,61.4,14.0,sell,False,2022-11-04T11:01:53.288566+00:00
566,5312749982,61.6,5.0,sell,False,2022-11-04T11:01:05.246839+00:00
567,5312548081,61.825,35.68,sell,False,2022-11-04T10:36:30.764038+00:00
568,5312266773,62.075,48.605,buy,False,2022-11-04T09:59:24.755306+00:00
569,5312266772,62.075,0.015,buy,False,2022-11-04T09:59:24.755306+00:00
570,5312234393,61.925,10.0,sell,False,2022-11-04T09:54:33.500330+00:00
571,5312060580,61.45,22.115,sell,False,2022-11-04T09:25:43.747616+00:00
572,5311992394,61.25,81.2,sell,False,2022-11-04T09:17:12.561451+00:00
573,5311940198,60.725,0.11,sell,False,2022-11-04T09:12:49.828357+00:00
574,5311757863,61.275,0.08,sell,False,2022-11-04T08:54:05.838261+00:00
575,5311633593,61.2,82.08,sell,False,2022-11-04T08:37:35.219386+00:00
576,5311565439,61.075,25.0,sell,False,2022-11-04T08:28:22.112756+00:00
577,5311468628,61.525,78.81,buy,False,2022-11-04T08:18:03.480870+00:00
578,5311465324,61.0,13.17,sell,False,2022-11-04T08:17:41.025832+00:00
579,5311465323,61.05,60.86,sell,False,2022-11-04T08:17:41.025832+00:00
580,5311465296,61.525,74.0,buy,False,2022-11-04T08:17:40.818247+00:00
581,5311455470,61.225,38.5,sell,False,2022-11-04T08:16:47.545295+00:00
582,5311416427,61.225,2.5,sell,False,2022-11-04T08:13:14.960367+00:00
583,5311332689,61.05,0.5,sell,False,2022-11-04T08:03:34.006694+00:00
584,5311329123,61.05,0.5,sell,False,2022-11-04T08:03:07.161012+00:00
585,5311328219,61.05,125.0,sell,False,2022-11-04T08:03:00.664822+00:00
586,5311297971,61.075,0.015,buy,False,2022-11-04T08:00:28.626284+00:00
587,5311297681,61.05,1.5,sell,False,2022-11-04T08:00:27.324491+00:00
588,5311297628,61.05,2.5,sell,False,2022-11-04T08:00:27.126395+00:00
589,5311297592,61.05,5.0,sell,False,2022-11-04T08:00:26.932377+00:00
590,5311297553,61.05,5.0,sell,False,2022-11-04T08:00:26.720608+00:00
591,5311295971,60.275,4.0,buy,False,2022-11-04T08:00:19.459778+00:00
592,5311295654,60.075,0.015,buy,False,2022-11-04T08:00:18.208345+00:00
593,5311291575,57.8,4.0,sell,False,2022-11-04T08:00:02.605951+00:00
594,5311291574,59.075,0.015,sell,False,2022-11-04T08:00:02.605951+00:00
595,5310405988,60.9,9.72,buy,False,2022-11-04T06:11:50.403013+00:00
596,5310405987,60.775,24.135,buy,False,2022-11-04T06:11:50.403013+00:00
597,5309377682,60.775,4.0,buy,False,2022-11-04T04:04:49.342434+00:00
598,5309343366,60.875,0.06,buy,False,2022-11-04T04:00:34.889425+00:00
599,5309343345,60.875,0.06,buy,False,2022-11-04T04:00:34.699318+00:00
600,5309343297,60.875,0.06,buy,False,2022-11-04T04:00:34.489761+00:00
601,5309343223,60.875,0.06,buy,False,2022-11-04T04:00:34.270495+00:00
602,5309343199,60.875,0.06,buy,False,2022-11-04T04:00:34.076588+00:00
603,5309343170,60.875,0.06,buy,False,2022-11-04T04:00:33.887547+00:00
604,5309343129,60.875,0.06,buy,False,2022-11-04T04:00:33.704215+00:00
605,5309343110,60.875,0.06,buy,False,2022-11-04T04:00:33.516462+00:00
606,5309343090,60.875,0.06,buy,False,2022-11-04T04:00:33.325155+00:00
607,5309343074,60.875,0.56,buy,False,2022-11-04T04:00:33.136260+00:00
608,5309343043,60.875,0.56,buy,False,2022-11-04T04:00:32.949417+00:00
609,5309343017,60.875,1.06,buy,False,2022-11-04T04:00:32.758336+00:00
610,5309342982,60.875,1.56,buy,False,2022-11-04T04:00:32.569944+00:00
611,5309342941,60.875,3.06,buy,False,2022-11-04T04:00:32.362484+00:00
612,5309342909,60.875,6.56,buy,False,2022-11-04T04:00:32.172730+00:00
613,5309342861,60.875,12.56,buy,False,2022-11-04T04:00:31.981804+00:00
614,5309342552,60.775,1.155,buy,False,2022-11-04T04:00:30.378546+00:00
615,5309341965,60.775,26.56,buy,False,2022-11-04T04:00:25.319501+00:00
616,5309341124,60.875,9.615,buy,False,2022-11-04T04:00:22.142717+00:00
617,5309340052,60.875,62.56,buy,False,2022-11-04T04:00:17.021260+00:00
618,5309335823,60.75,40.82,buy,False,2022-11-04T04:00:00.463503+00:00
619,5309335031,60.775,28.77,buy,False,2022-11-04T03:59:55.004913+00:00
620,5309334521,60.875,96.955,buy,False,2022-11-04T03:59:51.961440+00:00
621,5309333430,60.75,29.46,buy,False,2022-11-04T03:59:44.083831+00:00
622,5309330638,60.875,91.265,buy,False,2022-11-04T03:59:27.470562+00:00
623,5309330559,60.875,65.135,buy,False,2022-11-04T03:59:27.150981+00:00
624,5309329852,60.875,76.6,buy,False,2022-11-04T03:59:20.429562+00:00
625,5309305668,60.775,40.78,buy,False,2022-11-04T03:55:54.264751+00:00
626,5309280709,60.775,36.27,buy,False,2022-11-04T03:52:48.724035+00:00
627,5309279274,60.775,22.75,buy,False,2022-11-04T03:52:38.811373+00:00
628,5309224579,60.775,37.465,buy,False,2022-11-04T03:45:54.434308+00:00
629,5309182262,60.775,25.53,buy,False,2022-11-04T03:40:25.398552+00:00
630,5309172444,60.775,25.21,buy,False,2022-11-04T03:39:04.597414+00:00
631,5309172068,60.775,33.575,buy,False,2022-11-04T03:38:59.709290+00:00
632,5308634725,60.775,38.755,buy,False,2022-11-04T02:20:25.638964+00:00
633,5308632730,60.875,0.375,buy,False,2022-11-04T02:20:08.429971+00:00
634,5308632711,60.875,0.375,buy,False,2022-11-04T02:20:08.241473+00:00
635,5308632687,60.875,0.375,buy,False,2022-11-04T02:20:08.056530+00:00
636,5308632641,60.875,0.875,buy,False,2022-11-04T02:20:07.869385+00:00
637,5308632627,60.875,1.375,buy,False,2022-11-04T02:20:07.676103+00:00
638,5308632603,60.875,2.375,buy,False,2022-11-04T02:20:07.484820+00:00
639,5308632590,60.875,4.875,buy,False,2022-11-04T02:20:07.290749+00:00
640,5308632584,60.875,9.875,buy,False,2022-11-04T02:20:07.099836+00:00
641,5308630860,60.75,40.105,buy,False,2022-11-04T02:19:59.036536+00:00
642,5308630353,60.775,35.95,buy,False,2022-11-04T02:19:53.581753+00:00
643,5308629712,60.775,23.76,buy,False,2022-11-04T02:19:48.112298+00:00
644,5308628959,60.875,68.49,buy,False,2022-11-04T02:19:42.328679+00:00
645,5308628931,60.875,94.565,buy,False,2022-11-04T02:19:41.933490+00:00
646,5308626508,60.75,30.1,buy,False,2022-11-04T02:19:23.448881+00:00
647,5308625105,60.875,66.955,buy,False,2022-11-04T02:19:17.469483+00:00
648,5308625039,60.875,85.815,buy,False,2022-11-04T02:19:17.034252+00:00
649,5308624297,60.875,88.02,buy,False,2022-11-04T02:19:09.561779+00:00
650,5308620001,60.775,27.3,buy,False,2022-11-04T02:18:35.011859+00:00
651,5308619482,60.875,86.085,buy,False,2022-11-04T02:18:30.536900+00:00
652,5308619478,60.75,32.5,buy,False,2022-11-04T02:18:30.499566+00:00
653,5308615768,60.875,82.52,buy,False,2022-11-04T02:18:01.176832+00:00
654,5308611309,60.775,32.28,buy,False,2022-11-04T02:17:26.901505+00:00
655,5308601447,60.85,0.63,buy,False,2022-11-04T02:16:04.571701+00:00
656,5308601433,60.875,0.19,buy,False,2022-11-04T02:16:04.388410+00:00
657,5308601421,60.875,0.19,buy,False,2022-11-04T02:16:04.149562+00:00
658,5308601413,60.875,0.19,buy,False,2022-11-04T02:16:03.941387+00:00
659,5308601392,60.875,0.19,buy,False,2022-11-04T02:16:03.755717+00:00
660,5308601384,60.875,0.69,buy,False,2022-11-04T02:16:03.568640+00:00
661,5308601344,60.875,1.19,buy,False,2022-11-04T02:16:03.366535+00:00
662,5308601276,60.875,2.19,buy,False,2022-11-04T02:16:03.168818+00:00
663,5308601258,60.875,4.19,buy,False,2022-11-04T02:16:02.927976+00:00
664,5308601239,60.875,8.69,buy,False,2022-11-04T02:16:02.739102+00:00
665,5308601219,60.875,17.69,buy,False,2022-11-04T02:16:02.540536+00:00
666,5308601199,60.875,35.19,buy,False,2022-11-04T02:16:02.356353+00:00
667,5308600289,60.75,36.73,buy,False,2022-11-04T02:15:54.690574+00:00
668,5308599060,60.75,0.63,sell,False,2022-11-04T02:15:45.268090+00:00
669,5308597977,60.875,80.11,buy,False,2022-11-04T02:15:37.636356+00:00
670,5308597944,60.875,60.375,buy,False,2022-11-04T02:15:37.220050+00:00
671,5308597458,60.75,40.09,buy,False,2022-11-04T02:15:34.800629+00:00
672,5308594945,60.775,39.995,buy,False,2022-11-04T02:15:23.883754+00:00
673,5308594317,60.875,94.725,buy,False,2022-11-04T02:15:17.121209+00:00
674,5308594248,60.875,86.38,buy,False,2022-11-04T02:15:16.758121+00:00
675,5308591738,60.75,31.215,buy,False,2022-11-04T02:14:59.125414+00:00
676,5308591597,60.875,96.4,buy,False,2022-11-04T02:14:56.869743+00:00
677,5308590860,60.875,13.345,buy,False,2022-11-04T02:14:49.036788+00:00
678,5308590843,60.875,46.82,buy,False,2022-11-04T02:14:48.850761+00:00
679,5308590842,60.85,0.18,buy,False,2022-11-04T02:14:48.850761+00:00
680,5308589696,60.775,30.53,buy,False,2022-11-04T02:14:39.962014+00:00
681,5308589158,60.775,24.145,buy,False,2022-11-04T02:14:34.167935+00:00
682,5308589157,60.75,0.2,buy,False,2022-11-04T02:14:34.167935+00:00
683,5307410692,57.825,0.2,sell,False,2022-11-04T00:02:10.399022+00:00
684,5307410691,60.075,0.015,sell,False,2022-11-04T00:02:10.399022+00:00
685,5307281748,60.275,93.085,sell,False,2022-11-03T23:39:10.402955+00:00
686,5307006184,60.175,0.6,sell,False,2022-11-03T23:07:25.276280+00:00
687,5306300346,61.075,0.015,buy,False,2022-11-03T21:21:08.994919+00:00
688,5306263779,60.075,0.015,buy,False,2022-11-03T21:12:14.768009+00:00
689,5306251036,59.075,0.015,sell,False,2022-11-03T21:09:44.492524+00:00
690,5306200165,59.725,0.08,sell,False,2022-11-03T20:59:52.067954+00:00
691,5306038176,60.075,0.015,sell,False,2022-11-03T20:31:13.954916+00:00
692,5306017711,61.075,0.01,sell,False,2022-11-03T20:26:37.114042+00:00
693,5305995815,61.325,46.08,buy,False,2022-11-03T20:21:54.719557+00:00
694,5305974791,61.075,0.005,sell,False,2022-11-03T20:17:36.417643+00:00
695,5305968852,62.075,1.995,sell,False,2022-11-03T20:16:29.973375+00:00
696,5305959041,62.075,0.015,buy,False,2022-11-03T20:14:47.130691+00:00
697,5305947207,61.075,0.015,buy,False,2022-11-03T20:12:12.710773+00:00
698,5305926917,60.275,4.0,buy,False,2022-11-03T20:08:21.292404+00:00
699,5305926905,60.075,0.015,buy,False,2022-11-03T20:08:21.097883+00:00
700,5305923757,57.8,4.0,buy,False,2022-11-03T20:07:39.741503+00:00
701,5305922101,56.65,0.77,buy,False,2022-11-03T20:07:16.889992+00:00
702,5305914784,55.35,4.0,buy,False,2022-11-03T20:05:42.326508+00:00
703,5304226583,53.75,2.465,sell,False,2022-11-03T15:36:36.620352+00:00
704,5303832714,54.275,2.0,buy,False,2022-11-03T14:46:38.467274+00:00
705,5303587409,51.85,5.0,sell,False,2022-11-03T14:18:49.098762+00:00
706,5303488953,51.575,20.0,buy,False,2022-11-03T14:09:56.697327+00:00
707,5303246217,52.3,1.0,buy,False,2022-11-03T13:45:35.831266+00:00
708,5303204009,53.125,200.0,sell,False,2022-11-03T13:41:33.060465+00:00
709,5303148124,52.875,3.0,sell,False,2022-11-03T13:35:18.781394+00:00
710,5303148116,52.875,1.0,sell,False,2022-11-03T13:35:18.749628+00:00
711,5303044050,53.45,0.44,sell,False,2022-11-03T13:24:48.656645+00:00
712,5302879900,53.925,46.77,buy,False,2022-11-03T13:00:37.111513+00:00
713,5302276079,54.125,0.185,buy,False,2022-11-03T11:50:23.578569+00:00
714,5301949887,54.625,46.315,buy,False,2022-11-03T11:21:06.549684+00:00
715,5301902364,54.675,0.6,buy,False,2022-11-03T11:16:45.823641+00:00
716,5301634443,54.3,0.09,sell,False,2022-11-03T10:41:55.134776+00:00
717,5300469915,54.95,1.0,sell,False,2022-11-03T07:25:49.013529+00:00
718,5298441981,55.275,21.96,buy,False,2022-11-03T01:52:31.340861+00:00
719,5298440905,55.275,40.05,buy,False,2022-11-03T01:52:18.637448+00:00
720,5298440128,55.25,34.725,buy,False,2022-11-03T01:52:09.308374+00:00
721,5298438633,55.225,34.43,buy,False,2022-11-03T01:51:52.921251+00:00
722,5298437739,55.2,22.355,buy,False,2022-11-03T01:51:38.417353+00:00
723,5298437559,55.225,36.99,buy,False,2022-11-03T01:51:35.125864+00:00
724,5298434492,55.175,28.335,buy,False,2022-11-03T01:50:51.122861+00:00
725,5298433477,55.275,5.5,buy,False,2022-11-03T01:50:42.864943+00:00
726,5298433462,55.275,11.0,buy,False,2022-11-03T01:50:42.643523+00:00
727,5298433448,55.275,17.76,buy,False,2022-11-03T01:50:42.458050+00:00
728,5298433436,55.275,40.5,buy,False,2022-11-03T01:50:42.260458+00:00
729,5298433314,55.15,35.0,buy,False,2022-11-03T01:50:40.196250+00:00
730,5298432658,55.25,60.385,buy,False,2022-11-03T01:50:33.622360+00:00
731,5298432253,55.225,64.8,buy,False,2022-11-03T01:50:28.094413+00:00
732,5298429411,55.125,26.755,buy,False,2022-11-03T01:49:47.473384+00:00
733,5298428091,55.325,86.385,buy,False,2022-11-03T01:49:26.605588+00:00
734,5298427290,55.2,74.485,buy,False,2022-11-03T01:49:17.276500+00:00
735,5298423631,55.1,40.54,buy,False,2022-11-03T01:48:30.413543+00:00
736,5298414485,55.125,22.885,buy,False,2022-11-03T01:47:33.598483+00:00
737,5298413504,55.125,22.975,buy,False,2022-11-03T01:47:25.962025+00:00
738,5298052863,54.8,37.025,buy,False,2022-11-03T00:49:12.677690+00:00
739,5298033769,54.775,34.5,buy,False,2022-11-03T00:46:58.572575+00:00
740,5298033623,54.8,23.715,buy,False,2022-11-03T00:46:56.376918+00:00
741,5297975265,54.8,26.255,buy,False,2022-11-03T00:39:47.239546+00:00
742,5297950774,54.8,23.325,buy,False,2022-11-03T00:36:12.214576+00:00
743,5297903321,54.8,39.845,buy,False,2022-11-03T00:30:09.739757+00:00
744,5297902588,54.9,73.7,buy,False,2022-11-03T00:30:05.541357+00:00
745,5297902587,54.8,39.395,buy,False,2022-11-03T00:30:05.541357+00:00
746,5297670785,54.825,0.375,buy,False,2022-11-02T23:56:48.133561+00:00
747,5297577166,54.575,0.375,buy,False,2022-11-02T23:35:09.701284+00:00
748,5297146285,54.65,0.375,buy,False,2022-11-02T22:12:53.437701+00:00
749,5296696538,54.625,0.09,sell,False,2022-11-02T20:52:26.873986+00:00
750,5296578861,54.75,5.0,buy,False,2022-11-02T20:36:31.824777+00:00
751,5296165517,54.45,0.125,sell,False,2022-11-02T20:09:35.642813+00:00
752,5295939915,55.0,5.0,sell,False,2022-11-02T19:46:58.526761+00:00
753,5295684259,54.875,12.08,sell,False,2022-11-02T19:28:59.444576+00:00
754,5295579989,55.35,4.0,sell,False,2022-11-02T19:26:02.535341+00:00
755,5295530821,55.6,0.195,sell,False,2022-11-02T19:23:53.041888+00:00
756,5294868744,57.175,0.09,sell,False,2022-11-02T18:50:17.654375+00:00
757,5294695357,58.3,0.05,sell,False,2022-11-02T18:42:29.144471+00:00
758,5294647788,57.675,269.375,buy,False,2022-11-02T18:41:36.138950+00:00
759,5293456901,57.0,0.535,buy,False,2022-11-02T18:00:49.748303+00:00
760,5292697716,55.825,0.185,sell,False,2022-11-02T16:24:20.626938+00:00
761,5292618326,56.425,0.18,sell,False,2022-11-02T16:07:54.047747+00:00
762,5292561303,56.975,0.18,buy,False,2022-11-02T15:56:12.465433+00:00
763,5291845597,58.475,8.0,buy,False,2022-11-02T13:36:05.631601+00:00
764,5291845596,58.475,34.0,buy,False,2022-11-02T13:36:05.630592+00:00
765,5291844695,58.375,14.0,buy,False,2022-11-02T13:36:04.652996+00:00
766,5291844694,58.375,4.685,buy,False,2022-11-02T13:36:04.649898+00:00
767,5291844619,58.375,4.0,buy,False,2022-11-02T13:36:04.628618+00:00
768,5290778682,57.175,0.305,sell,False,2022-11-02T10:11:48.450775+00:00
769,5290778554,57.8,4.0,sell,False,2022-11-02T10:11:47.416507+00:00
770,5290599736,59.6,17.545,buy,False,2022-11-02T10:01:10.055056+00:00
771,5290599735,59.3,66.925,buy,False,2022-11-02T10:01:10.055056+00:00
772,5290599687,58.875,377.385,buy,False,2022-11-02T10:01:09.869811+00:00
773,5290591487,58.8,0.115,sell,False,2022-11-02T10:00:50.968521+00:00
774,5290542899,59.075,40.94,sell,False,2022-11-02T09:57:20.478742+00:00
775,5290542898,59.125,0.08,sell,False,2022-11-02T09:57:20.478742+00:00
776,5289701949,59.4,0.305,buy,False,2022-11-02T07:52:47.810151+00:00
777,5286569213,58.85,0.08,sell,False,2022-11-01T23:54:37.358689+00:00
778,5286494544,59.05,32.6,sell,False,2022-11-01T23:39:16.232811+00:00
779,5284310148,59.55,0.6,buy,False,2022-11-01T16:03:14.793196+00:00
780,5284192598,59.075,0.015,sell,False,2022-11-01T15:39:12.057611+00:00
781,5284164378,59.35,17.12,buy,False,2022-11-01T15:33:13.136473+00:00
782,5283970245,60.075,0.015,sell,False,2022-11-01T14:58:32.969142+00:00
783,5283969980,60.1,0.245,sell,False,2022-11-01T14:58:31.721262+00:00
784,5283969304,60.15,0.245,sell,False,2022-11-01T14:58:30.114811+00:00
785,5283847901,60.9,5.0,buy,False,2022-11-01T14:37:06.885503+00:00
786,5283652221,60.25,0.245,sell,False,2022-11-01T14:12:21.963677+00:00
787,5283651995,60.275,4.0,sell,False,2022-11-01T14:12:21.270582+00:00
788,5283625061,60.35,0.195,sell,False,2022-11-01T14:09:53.453755+00:00
789,5283625021,60.45,0.195,sell,False,2022-11-01T14:09:53.024716+00:00
790,5283621832,60.55,0.165,sell,False,2022-11-01T14:09:30.640390+00:00
791,5283615500,60.65,0.16,sell,False,2022-11-01T14:08:54.200148+00:00
792,5283607633,60.75,0.16,sell,False,2022-11-01T14:08:11.644350+00:00
793,5283604223,60.85,0.16,sell,False,2022-11-01T14:07:52.864453+00:00
794,5283576721,60.95,0.08,sell,False,2022-11-01T14:05:12.261237+00:00
795,5283576720,60.95,0.16,sell,False,2022-11-01T14:05:12.261237+00:00
796,5283575141,61.075,0.015,sell,False,2022-11-01T14:05:06.251980+00:00
797,5283383059,62.275,0.185,sell,False,2022-11-01T13:48:00.838779+00:00
798,5283307645,62.725,4.0,buy,False,2022-11-01T13:45:02.298902+00:00
799,5283225359,62.125,0.33,sell,False,2022-11-01T13:36:10.790963+00:00
800,5283225207,62.125,0.165,sell,False,2022-11-01T13:36:10.217980+00:00
801,5282557750,61.75,0.015,buy,False,2022-11-01T11:43:46.853423+00:00
802,5280965282,60.55,0.5,sell,False,2022-11-01T08:00:07.098844+00:00
803,5280965264,60.55,0.5,sell,False,2022-11-01T08:00:06.888919+00:00
804,5280965248,60.55,0.5,sell,False,2022-11-01T08:00:06.697389+00:00
805,5280965237,60.55,1.5,sell,False,2022-11-01T08:00:06.490236+00:00
806,5280965225,60.55,2.5,sell,False,2022-11-01T08:00:06.291698+00:00
807,5280965207,60.55,5.0,sell,False,2022-11-01T08:00:06.065232+00:00
808,5278832127,60.525,0.05,buy,False,2022-11-01T02:08:30.297359+00:00
809,5274700496,61.05,0.165,buy,False,2022-10-31T15:29:12.456386+00:00
810,5274032960,60.4,16.575,sell,False,2022-10-31T14:30:44.712510+00:00
811,5274032959,60.475,32.97,sell,False,2022-10-31T14:30:44.712510+00:00
812,5273950746,60.675,22.35,sell,False,2022-10-31T14:23:59.578335+00:00
813,5273817672,60.75,0.015,sell,False,2022-10-31T14:14:01.437527+00:00
814,5273614242,61.75,0.015,buy,False,2022-10-31T14:02:16.150726+00:00
815,5273254368,60.35,0.08,sell,False,2022-10-31T13:50:07.293474+00:00
816,5273244115,60.75,0.015,sell,False,2022-10-31T13:49:17.911866+00:00
817,5273093368,61.425,5.0,sell,False,2022-10-31T13:36:01.041356+00:00
818,5273088745,61.35,22.2,sell,False,2022-10-31T13:35:36.086053+00:00
819,5273017600,61.75,0.015,buy,False,2022-10-31T13:31:05.273952+00:00
820,5273017599,61.725,0.095,buy,False,2022-10-31T13:31:05.273952+00:00
821,5272076073,61.05,1.0,buy,False,2022-10-31T11:20:54.477548+00:00
822,5271511584,60.925,49.545,buy,False,2022-10-31T10:09:19.541673+00:00
823,5270599241,60.5,0.17,sell,False,2022-10-31T08:08:58.695679+00:00
824,5270546372,60.925,98.21,sell,False,2022-10-31T08:02:56.220267+00:00
825,5270529953,60.65,8.37,sell,False,2022-10-31T08:00:52.820837+00:00
826,5270529952,60.75,71.755,sell,False,2022-10-31T08:00:52.820837+00:00
827,5270529950,61.1,80.185,buy,False,2022-10-31T08:00:52.757644+00:00
828,5266937856,61.225,0.08,sell,False,2022-10-30T22:00:29.111535+00:00
829,5266693676,61.7,0.005,buy,False,2022-10-30T20:56:55.922622+00:00
830,5266692878,61.7,0.005,buy,False,2022-10-30T20:56:42.350968+00:00
831,5266692385,61.7,0.005,buy,False,2022-10-30T20:56:34.463049+00:00
832,5266692204,61.7,0.005,buy,False,2022-10-30T20:56:31.698826+00:00
833,5266691253,61.7,0.005,buy,False,2022-10-30T20:56:28.786242+00:00
834,5266691105,61.7,0.005,buy,False,2022-10-30T20:56:25.751663+00:00
835,5266690820,61.7,0.005,buy,False,2022-10-30T20:56:20.709470+00:00
836,5266679357,61.7,0.16,buy,False,2022-10-30T20:53:53.619697+00:00
837,5265552358,61.7,6.0,buy,False,2022-10-30T16:59:59.869688+00:00
838,5261608451,61.7,0.165,buy,False,2022-10-30T08:02:44.105421+00:00
839,5252063465,61.7,5.0,buy,False,2022-10-29T09:42:59.128348+00:00
840,5251574347,61.7,0.8,buy,False,2022-10-29T08:37:21.764845+00:00
841,5248928322,61.2,4.92,sell,False,2022-10-29T01:05:58.925634+00:00
842,5248928321,61.2,0.08,sell,False,2022-10-29T01:05:58.925634+00:00
843,5248134910,61.7,0.06,buy,False,2022-10-28T22:08:45.594771+00:00
844,5246317213,61.075,5.0,buy,False,2022-10-28T16:42:06.885233+00:00
845,5246174836,60.875,27.125,buy,False,2022-10-28T16:28:34.726770+00:00
846,5246153359,60.75,0.015,buy,False,2022-10-28T16:27:09.321623+00:00
847,5245318996,59.1,38.65,sell,False,2022-10-28T14:41:20.841822+00:00
848,5244996022,59.525,0.165,buy,False,2022-10-28T14:03:51.747535+00:00
849,5244983690,59.75,0.015,sell,False,2022-10-28T14:03:06.499944+00:00
850,5244829736,60.575,70.625,sell,False,2022-10-28T13:46:02.700633+00:00
851,5244829735,60.575,100.0,sell,False,2022-10-28T13:46:02.699826+00:00
852,5244829720,60.575,110.0,sell,False,2022-10-28T13:46:02.662169+00:00
853,5244829710,60.575,2.0,sell,False,2022-10-28T13:46:02.627116+00:00
854,5244829696,60.575,100.0,sell,False,2022-10-28T13:46:02.604990+00:00
855,5244829695,60.575,100.0,sell,False,2022-10-28T13:46:02.604544+00:00
856,5244829694,60.575,100.0,sell,False,2022-10-28T13:46:02.603396+00:00
857,5244777610,60.75,0.015,buy,False,2022-10-28T13:41:26.695410+00:00
858,5244627387,59.6,1.34,sell,False,2022-10-28T13:31:12.607649+00:00
859,5244213218,59.6,0.08,sell,False,2022-10-28T12:45:39.355748+00:00
860,5244118437,59.65,43.715,sell,False,2022-10-28T12:35:19.421130+00:00
861,5244082743,59.75,0.015,buy,False,2022-10-28T12:33:14.378968+00:00
862,5244069214,59.675,12.16,buy,False,2022-10-28T12:32:24.621864+00:00
863,5244069213,59.675,87.84,buy,False,2022-10-28T12:32:24.621864+00:00
864,5243455236,59.225,13.0,buy,False,2022-10-28T11:01:17.418430+00:00
865,5243453123,59.225,13.0,buy,False,2022-10-28T11:00:50.499617+00:00
866,5242463233,58.75,0.015,sell,False,2022-10-28T08:05:36.440199+00:00
867,5242041197,59.4,0.4,buy,False,2022-10-28T07:19:00.812344+00:00
868,5240967858,59.525,31.725,sell,False,2022-10-28T03:02:54.568403+00:00
869,5240941847,59.45,33.645,sell,False,2022-10-28T02:59:19.751411+00:00
870,5240933288,59.45,40.245,sell,False,2022-10-28T02:57:43.094199+00:00
871,5240923330,59.45,28.855,sell,False,2022-10-28T02:56:11.261152+00:00
872,5240890961,59.45,35.85,sell,False,2022-10-28T02:53:38.788511+00:00
873,5240889089,59.475,29.525,sell,False,2022-10-28T02:53:23.200577+00:00
874,5240885008,59.45,37.945,sell,False,2022-10-28T02:52:59.049386+00:00
875,5240883160,59.475,36.65,sell,False,2022-10-28T02:52:39.043528+00:00
876,5240882922,59.45,36.04,sell,False,2022-10-28T02:52:36.471624+00:00
877,5239361958,59.75,0.015,buy,False,2022-10-27T22:45:12.600660+00:00
878,5238971036,59.125,6.0,sell,False,2022-10-27T21:32:18.289005+00:00
879,5238545346,58.75,0.015,sell,False,2022-10-27T20:30:44.575572+00:00
880,5238239705,58.85,10.0,sell,False,2022-10-27T20:17:41.764801+00:00
881,5238028901,59.75,0.015,sell,False,2022-10-27T20:02:58.971364+00:00
882,5236934262,60.475,0.315,sell,False,2022-10-27T16:49:19.550791+00:00
883,5236550713,60.0,1.0,sell,False,2022-10-27T16:00:07.407193+00:00
884,5235719010,60.75,0.015,buy,False,2022-10-27T14:13:23.479978+00:00
885,5235500497,59.75,0.015,sell,False,2022-10-27T13:55:42.813717+00:00
886,5235404859,60.75,0.015,sell,False,2022-10-27T13:49:23.555991+00:00
887,5235371561,61.675,0.17,sell,False,2022-10-27T13:45:44.216884+00:00
888,5235366267,61.75,0.015,buy,False,2022-10-27T13:45:02.228403+00:00
889,5235314068,60.75,0.015,buy,False,2022-10-27T13:38:54.616880+00:00
890,5235287251,60.25,39.88,sell,False,2022-10-27T13:36:02.130569+00:00
891,5234062425,59.6,14.095,sell,False,2022-10-27T11:08:06.356642+00:00
892,5234062424,59.6,35.405,sell,False,2022-10-27T11:08:06.356642+00:00
893,5233390579,60.025,0.17,buy,False,2022-10-27T09:13:21.268283+00:00
894,5230447115,60.2,0.875,buy,False,2022-10-27T01:06:55.228109+00:00
895,5230447109,60.2,1.875,buy,False,2022-10-27T01:06:55.033774+00:00
896,5230447101,60.2,3.875,buy,False,2022-10-27T01:06:54.845740+00:00
897,5230447090,60.2,7.875,buy,False,2022-10-27T01:06:54.645610+00:00
898,5230446026,60.175,3.17,buy,False,2022-10-27T01:06:43.399021+00:00
899,5230446011,60.175,19.375,buy,False,2022-10-27T01:06:43.171232+00:00
900,5230445664,60.15,36.905,buy,False,2022-10-27T01:06:37.715441+00:00
901,5230445202,60.25,10.365,buy,False,2022-10-27T01:06:32.694362+00:00
902,5230445182,60.25,85.875,buy,False,2022-10-27T01:06:32.508378+00:00
903,5230445178,60.175,30.5,buy,False,2022-10-27T01:06:32.256627+00:00
904,5230445154,60.225,86.595,buy,False,2022-10-27T01:06:31.850352+00:00
905,5230444478,60.15,33.03,buy,False,2022-10-27T01:06:24.739487+00:00
906,5230442305,60.125,27.09,buy,False,2022-10-27T01:06:03.354731+00:00
907,5230440854,60.1,37.335,buy,False,2022-10-27T01:05:45.804992+00:00
908,5230437979,60.125,30.0,buy,False,2022-10-27T01:05:15.208795+00:00
909,5230437271,60.125,22.965,buy,False,2022-10-27T01:05:08.065306+00:00
910,5230433022,60.1,35.34,buy,False,2022-10-27T01:04:37.346792+00:00
911,5230428871,60.125,41.605,buy,False,2022-10-27T01:03:44.271618+00:00
912,5230428558,60.15,32.9,buy,False,2022-10-27T01:03:39.551502+00:00
913,5230388854,59.95,39.685,buy,False,2022-10-27T00:56:36.941292+00:00
914,5230386133,59.925,39.875,buy,False,2022-10-27T00:56:13.198398+00:00
915,5230385228,59.95,26.675,buy,False,2022-10-27T00:56:05.739393+00:00
916,5230337124,59.95,38.745,buy,False,2022-10-27T00:45:58.130363+00:00
917,5230321941,59.95,25.955,buy,False,2022-10-27T00:42:37.343130+00:00
918,5230321615,59.95,30.545,buy,False,2022-10-27T00:42:33.462850+00:00
919,5230248977,60.0,33.765,buy,False,2022-10-27T00:31:28.907404+00:00
920,5230238570,60.0,25.68,buy,False,2022-10-27T00:30:08.392907+00:00
921,5229700252,59.6,0.44,sell,False,2022-10-26T23:16:55.136328+00:00
922,5227536901,59.75,0.015,sell,False,2022-10-26T17:21:12.486785+00:00
923,5227475820,60.15,11.0,sell,False,2022-10-26T17:12:40.286282+00:00
924,5227475819,60.15,10.0,sell,False,2022-10-26T17:12:40.284989+00:00
925,5227475818,60.15,12.0,sell,False,2022-10-26T17:12:40.283724+00:00
926,5227475812,60.15,6.69,sell,False,2022-10-26T17:12:40.280884+00:00
927,5227317238,60.575,32.8,sell,False,2022-10-26T16:54:26.767439+00:00
928,5227278140,60.75,0.015,sell,False,2022-10-26T16:49:55.592161+00:00
929,5227163840,61.35,60.295,sell,False,2022-10-26T16:37:29.375987+00:00
930,5227163839,61.4,33.64,sell,False,2022-10-26T16:37:29.375987+00:00
931,5226942893,61.75,0.315,buy,False,2022-10-26T16:10:30.921488+00:00
932,5226857643,62.1,1.745,sell,False,2022-10-26T16:01:12.376014+00:00
933,5226467020,62.05,0.05,sell,False,2022-10-26T15:15:35.933607+00:00
934,5226241640,61.525,4.505,sell,False,2022-10-26T14:53:39.094017+00:00
935,5226241639,61.575,37.335,sell,False,2022-10-26T14:53:39.094017+00:00
936,5226213204,61.75,0.015,buy,False,2022-10-26T14:51:01.093585+00:00
937,5226001266,61.35,0.21,buy,False,2022-10-26T14:38:29.340482+00:00
938,5225435087,61.0,0.995,buy,False,2022-10-26T14:09:38.193974+00:00
939,5225170115,60.625,37.625,sell,False,2022-10-26T13:45:37.716115+00:00
940,5225146205,60.475,26.11,sell,False,2022-10-26T13:43:06.872787+00:00
941,5225059512,60.75,0.015,buy,False,2022-10-26T13:37:38.248408+00:00
942,5225049571,60.5,0.165,sell,False,2022-10-26T13:36:55.768767+00:00
943,5225048671,60.275,4.0,buy,False,2022-10-26T13:36:43.602188+00:00
944,5225042572,59.75,0.015,buy,False,2022-10-26T13:35:57.576511+00:00
945,5225027796,59.7,10.0,buy,False,2022-10-26T13:34:07.481625+00:00
946,5223307756,58.75,0.015,buy,False,2022-10-26T08:52:16.153709+00:00
947,5222239618,58.075,29.97,buy,False,2022-10-26T06:41:25.171046+00:00
948,5222236525,58.05,31.8,buy,False,2022-10-26T06:41:01.745047+00:00
949,5222236095,58.075,21.1,buy,False,2022-10-26T06:40:53.721960+00:00
950,5221251359,58.1,0.685,buy,False,2022-10-26T03:14:34.547763+00:00
951,5221251351,58.1,0.685,buy,False,2022-10-26T03:14:34.356941+00:00
952,5221251341,58.1,0.685,buy,False,2022-10-26T03:14:34.162515+00:00
953,5221251335,58.1,2.185,buy,False,2022-10-26T03:14:33.973403+00:00
954,5221251329,58.1,3.685,buy,False,2022-10-26T03:14:33.776736+00:00
955,5221251319,58.1,7.685,buy,False,2022-10-26T03:14:33.581596+00:00
956,5221251316,58.1,15.685,buy,False,2022-10-26T03:14:33.390377+00:00
957,5221247583,58.075,3.37,buy,False,2022-10-26T03:13:52.016108+00:00
958,5221247567,58.075,34.685,buy,False,2022-10-26T03:13:51.820653+00:00
959,5221225764,58.1,23.36,buy,False,2022-10-26T03:09:25.635108+00:00
960,5221215447,58.1,22.84,buy,False,2022-10-26T03:06:31.711347+00:00
961,5221207226,58.075,23.59,buy,False,2022-10-26T03:04:41.733408+00:00
962,5221202760,58.1,33.35,buy,False,2022-10-26T03:03:51.122245+00:00
963,5221197013,58.1,32.19,buy,False,2022-10-26T03:02:15.764052+00:00
964,5221161172,58.1,29.99,buy,False,2022-10-26T02:53:51.687161+00:00
965,5221159871,58.1,25.015,buy,False,2022-10-26T02:53:35.862883+00:00
966,5221158414,58.1,21.83,buy,False,2022-10-26T02:53:10.238651+00:00
967,5221157258,58.1,35.12,buy,False,2022-10-26T02:52:59.338515+00:00
968,5221157043,58.1,29.79,buy,False,2022-10-26T02:52:55.678108+00:00
969,5219906008,57.75,0.015,sell,False,2022-10-25T23:09:37.224967+00:00
970,5219901565,57.8,4.0,sell,False,2022-10-25T23:09:04.174247+00:00
971,5219561855,58.375,17.105,buy,False,2022-10-25T22:09:09.070765+00:00
972,5218707702,58.75,0.015,sell,False,2022-10-25T20:12:05.280538+00:00
973,5218661661,58.85,1.0,sell,False,2022-10-25T20:06:42.295320+00:00
974,5218649196,59.05,77.145,buy,False,2022-10-25T20:05:57.191831+00:00
975,5215452173,60.0,479.9,buy,False,2022-10-25T16:23:00.657631+00:00
976,5215452155,60.0,16.0,buy,False,2022-10-25T16:23:00.597224+00:00
977,5215452144,60.0,9.0,buy,False,2022-10-25T16:23:00.596015+00:00
978,5215452143,60.0,91.0,buy,False,2022-10-25T16:23:00.595732+00:00
979,5215452142,60.0,20.0,buy,False,2022-10-25T16:23:00.594858+00:00
980,5215452141,60.0,82.0,buy,False,2022-10-25T16:23:00.592880+00:00
981,5214927886,60.1,0.17,sell,False,2022-10-25T15:40:42.622596+00:00
982,5214913029,60.275,2.0,buy,False,2022-10-25T15:38:49.166882+00:00
983,5214913028,60.275,2.0,buy,False,2022-10-25T15:38:49.166774+00:00
984,5214811514,59.75,0.015,buy,False,2022-10-25T15:26:06.476929+00:00
985,5214797441,59.625,38.45,buy,False,2022-10-25T15:24:26.774536+00:00
986,5214555127,58.6,7.215,buy,False,2022-10-25T15:06:15.485998+00:00
987,5214555126,58.6,12.0,buy,False,2022-10-25T15:06:15.480366+00:00
988,5214555124,58.6,3.0,buy,False,2022-10-25T15:06:15.458921+00:00
989,5214197372,59.15,0.17,buy,False,2022-10-25T14:19:02.500501+00:00
990,5213827349,58.75,0.015,buy,False,2022-10-25T13:46:16.383819+00:00
991,5213755505,58.1,0.175,sell,False,2022-10-25T13:38:23.694300+00:00
992,5213640031,57.8,4.0,buy,False,2022-10-25T13:30:25.156302+00:00
993,5213639506,57.75,0.015,buy,False,2022-10-25T13:30:23.245871+00:00
994,5213432155,57.25,0.175,buy,False,2022-10-25T13:03:15.914462+00:00
995,5213125400,56.575,86.29,sell,False,2022-10-25T12:00:46.239409+00:00
996,5213121259,56.65,14.5,sell,False,2022-10-25T11:59:58.875485+00:00
997,5212532055,56.8,0.71,sell,False,2022-10-25T09:10:06.807329+00:00
998,5211389387,56.825,0.135,sell,False,2022-10-25T03:09:07.400125+00:00
999,5209472796,57.25,0.36,sell,False,2022-10-24T18:58:28.159236+00:00
1000,5208792749,56.75,0.015,buy,False,2022-10-24T16:15:05.919834+00:00
1001,5208711019,56.5,3.845,buy,False,2022-10-24T15:58:42.470033+00:00
1002,5208590276,55.75,0.015,buy,False,2022-10-24T15:34:54.988247+00:00
1003,5207612262,54.75,0.015,sell,False,2022-10-24T13:32:26.441933+00:00
1004,5207585534,55.75,0.015,sell,False,2022-10-24T13:30:08.383569+00:00
1005,5207579257,56.5,0.015,buy,False,2022-10-24T13:28:38.245446+00:00
1006,5207077934,56.75,0.015,buy,False,2022-10-24T11:51:17.198826+00:00
1007,5206469069,55.275,10.01,sell,False,2022-10-24T09:31:27.328678+00:00
1008,5206353571,55.525,10.5,sell,False,2022-10-24T08:56:14.295310+00:00
1009,5206240772,55.5,0.185,sell,False,2022-10-24T08:22:31.647511+00:00
1010,5206173473,55.75,0.015,sell,False,2022-10-24T08:05:19.307946+00:00
1011,5206144436,56.4,3.695,sell,False,2022-10-24T08:00:01.380397+00:00
1012,5206087985,56.4,0.12,sell,False,2022-10-24T07:46:17.658365+00:00
1013,5206086140,56.4,5.005,sell,False,2022-10-24T07:45:57.871463+00:00
1014,5205361660,56.675,0.32,buy,False,2022-10-24T04:45:58.286030+00:00
1015,5204720093,56.5,7.075,sell,False,2022-10-24T02:02:41.694815+00:00
1016,5204505477,56.6,7.065,sell,False,2022-10-24T01:17:50.253455+00:00
1017,5204469105,56.7,6.17,sell,False,2022-10-24T01:16:06.273512+00:00
1018,5204073783,56.8,6.055,sell,False,2022-10-24T00:00:27.798993+00:00
1019,5203789024,57.075,2.465,buy,False,2022-10-23T23:00:35.109564+00:00
1020,5203779342,57.0,2.555,buy,False,2022-10-23T22:58:47.514992+00:00
1021,5203760927,57.075,10.1,buy,False,2022-10-23T22:55:32.542459+00:00
1022,5203760926,56.75,0.015,buy,False,2022-10-23T22:55:32.542459+00:00
1023,5203224412,56.6,0.18,buy,False,2022-10-23T21:37:16.852842+00:00
1024,5203222530,56.6,10.0,buy,False,2022-10-23T21:36:23.705845+00:00
1025,5201459403,55.975,0.18,sell,False,2022-10-23T14:35:12.087656+00:00
1026,5200042787,56.6,26.5,buy,False,2022-10-23T08:07:05.951062+00:00
1027,5195070058,56.475,0.18,buy,False,2022-10-22T07:47:22.261141+00:00
1028,5192875476,55.75,0.015,buy,False,2022-10-21T19:29:25.734369+00:00
1029,5192803365,55.55,0.245,buy,False,2022-10-21T19:14:02.878135+00:00
1030,5192485685,55.35,4.0,buy,False,2022-10-21T17:58:12.645281+00:00
1031,5192397357,54.825,0.37,sell,False,2022-10-21T17:36:38.439251+00:00
1032,5192394669,54.725,0.37,sell,False,2022-10-21T17:36:06.703148+00:00
1033,5192241479,54.75,0.015,buy,False,2022-10-21T17:07:05.734677+00:00
1034,5191326117,52.7,0.085,buy,False,2022-10-21T14:45:29.530843+00:00
1035,5191193759,53.575,0.19,sell,False,2022-10-21T14:25:31.888570+00:00
1036,5191183745,53.75,0.015,sell,False,2022-10-21T14:24:26.218637+00:00
1037,5191076141,54.65,0.185,buy,False,2022-10-21T14:10:18.222964+00:00
1038,5191048432,54.75,0.015,buy,False,2022-10-21T14:07:25.061241+00:00
1039,5190804141,52.875,4.0,sell,False,2022-10-21T13:42:30.369695+00:00
1040,5190731355,53.75,0.015,sell,False,2022-10-21T13:33:37.989303+00:00
1041,5190731354,53.9,0.19,sell,False,2022-10-21T13:33:37.989303+00:00
1042,5190474622,54.975,0.185,buy,False,2022-10-21T13:04:03.158026+00:00
1043,5190456678,54.75,0.015,buy,False,2022-10-21T13:03:05.649992+00:00
1044,5190060476,53.75,0.015,sell,False,2022-10-21T12:18:37.192690+00:00
1045,5188698326,54.325,10.0,sell,False,2022-10-21T08:09:17.361974+00:00
1046,5187483746,54.575,0.69,buy,False,2022-10-21T01:46:46.533303+00:00
1047,5187425900,54.575,0.185,sell,False,2022-10-21T01:33:37.259298+00:00
1048,5187425883,54.575,0.185,sell,False,2022-10-21T01:33:37.036880+00:00
1049,5187425869,54.575,0.185,sell,False,2022-10-21T01:33:36.815632+00:00
1050,5187425865,54.575,0.185,sell,False,2022-10-21T01:33:36.623506+00:00
1051,5187425860,54.575,0.185,sell,False,2022-10-21T01:33:36.431252+00:00
1052,5187425858,54.575,0.185,sell,False,2022-10-21T01:33:36.224684+00:00
1053,5187425852,54.575,0.685,sell,False,2022-10-21T01:33:36.032517+00:00
1054,5187425841,54.575,1.185,sell,False,2022-10-21T01:33:35.807482+00:00
1055,5187425839,54.575,2.185,sell,False,2022-10-21T01:33:35.610409+00:00
1056,5187425836,54.575,4.185,sell,False,2022-10-21T01:33:35.384426+00:00
1057,5187425830,54.575,8.685,sell,False,2022-10-21T01:33:35.177786+00:00
1058,5187425733,54.575,6.225,sell,False,2022-10-21T01:33:32.897671+00:00
1059,5187425331,54.575,23.185,sell,False,2022-10-21T01:33:27.835345+00:00
1060,5187418139,54.575,32.9,sell,False,2022-10-21T01:31:16.612110+00:00
1061,5187414671,54.6,27.81,sell,False,2022-10-21T01:30:21.387817+00:00
1062,5187409979,54.575,29.99,sell,False,2022-10-21T01:29:07.447901+00:00
1063,5187409427,54.55,22.16,sell,False,2022-10-21T01:28:55.698405+00:00
1064,5187408480,54.55,30.625,sell,False,2022-10-21T01:28:35.136478+00:00
1065,5187408399,54.55,33.6,sell,False,2022-10-21T01:28:31.926198+00:00
1066,5187390939,54.6,31.895,sell,False,2022-10-21T01:23:21.114641+00:00
1067,5186730801,54.35,43.995,buy,False,2022-10-20T23:11:01.473435+00:00
1068,5185472299,54.75,0.015,sell,False,2022-10-20T18:21:55.709629+00:00
1069,5184848606,55.75,0.015,sell,False,2022-10-20T16:53:32.129025+00:00
1070,5184594952,56.9,0.385,sell,False,2022-10-20T16:06:43.403524+00:00
1071,5184302762,57.45,12.08,buy,False,2022-10-20T15:00:18.466866+00:00
1072,5184061451,56.75,0.015,buy,False,2022-10-20T14:14:20.367530+00:00
1073,5183964126,55.75,0.015,buy,False,2022-10-20T14:00:57.167686+00:00
1074,5183842383,54.95,10.095,sell,False,2022-10-20T13:38:56.668680+00:00
1075,5183814364,54.75,0.015,buy,False,2022-10-20T13:34:00.987897+00:00
1076,5183809131,54.625,0.755,buy,False,2022-10-20T13:33:19.157890+00:00
1077,5183115394,53.95,2.5,buy,False,2022-10-20T10:50:03.639676+00:00
1078,5183104462,53.925,5.0,buy,False,2022-10-20T10:48:36.407395+00:00
1079,5183100983,53.925,5.0,buy,False,2022-10-20T10:47:41.718851+00:00
1080,5183075612,53.95,5.0,buy,False,2022-10-20T10:42:48.498418+00:00
1081,5182786656,53.35,62.765,sell,False,2022-10-20T09:37:52.550219+00:00
1082,5182786644,53.45,34.075,sell,False,2022-10-20T09:37:52.411023+00:00
1083,5182786631,53.775,96.84,buy,False,2022-10-20T09:37:52.219871+00:00
1084,5182773467,53.325,17.7,sell,False,2022-10-20T09:34:20.702513+00:00
1085,5182773466,53.725,17.0,buy,False,2022-10-20T09:34:20.628474+00:00
1086,5182751536,53.475,1.5,buy,False,2022-10-20T09:29:53.607031+00:00
1087,5182690299,53.275,0.085,sell,False,2022-10-20T09:07:44.270431+00:00
1088,5182527488,53.2,0.2,sell,False,2022-10-20T08:19:01.039784+00:00
1089,5179398192,53.75,16.495,sell,False,2022-10-19T20:10:13.368926+00:00
1090,5179254555,53.825,0.005,buy,False,2022-10-19T19:46:06.488656+00:00
1091,5178658068,53.775,0.195,sell,False,2022-10-19T17:16:06.939554+00:00
1092,5178567524,54.35,0.185,sell,False,2022-10-19T17:02:16.956061+00:00
1093,5178434968,54.875,0.185,buy,False,2022-10-19T16:33:12.595745+00:00
1094,5178345603,54.9,0.07,sell,False,2022-10-19T16:15:20.593230+00:00
1095,5178319640,55.275,0.18,buy,False,2022-10-19T16:09:43.317382+00:00
1096,5178301854,55.15,34.725,sell,False,2022-10-19T16:06:06.516302+00:00
1097,5178131949,55.3,9.885,sell,False,2022-10-19T15:35:15.627663+00:00
1098,5178131924,55.3,4.0,sell,False,2022-10-19T15:35:15.624434+00:00
1099,5178131816,55.3,17.0,sell,False,2022-10-19T15:35:15.343397+00:00
1100,5177868921,55.9,68.785,sell,False,2022-10-19T14:40:58.840420+00:00
1101,5177868895,55.9,41.09,sell,False,2022-10-19T14:40:58.310129+00:00
1102,5177868822,55.9,44.755,sell,False,2022-10-19T14:40:57.777798+00:00
1103,5177868772,55.9,45.435,sell,False,2022-10-19T14:40:57.249073+00:00
1104,5177868744,55.9,37.5,sell,False,2022-10-19T14:40:56.696728+00:00
1105,5177864748,56.05,19.005,sell,False,2022-10-19T14:40:12.879944+00:00
1106,5177864664,56.05,57.165,sell,False,2022-10-19T14:40:11.718851+00:00
1107,5177864609,56.05,40.9,sell,False,2022-10-19T14:40:11.183456+00:00
1108,5177864576,56.05,43.53,sell,False,2022-10-19T14:40:10.651839+00:00
1109,5177864498,56.05,43.485,sell,False,2022-10-19T14:40:10.118549+00:00
1110,5177860940,56.125,77.745,sell,False,2022-10-19T14:39:29.319311+00:00
1111,5177860898,56.125,75.15,sell,False,2022-10-19T14:39:28.613360+00:00
1112,5177860836,56.125,67.055,sell,False,2022-10-19T14:39:28.084355+00:00
1113,5177860792,56.125,46.585,sell,False,2022-10-19T14:39:27.555310+00:00
1114,5177725426,55.725,93.935,buy,False,2022-10-19T14:16:22.824457+00:00
1115,5177546330,55.075,0.115,buy,False,2022-10-19T13:50:13.255382+00:00
1116,5177394207,55.35,4.0,sell,False,2022-10-19T13:32:40.424798+00:00
1117,5177391213,56.025,0.015,sell,False,2022-10-19T13:32:19.073858+00:00
1118,5176792491,57.025,0.015,sell,False,2022-10-19T11:17:42.693780+00:00
1119,5175908408,57.5,5.0,sell,False,2022-10-19T08:00:01.199368+00:00
1120,5175908346,57.5,11.0,sell,False,2022-10-19T08:00:00.884810+00:00
1121,5175908255,58.0,0.775,sell,False,2022-10-19T08:00:00.170668+00:00
1122,5174762062,58.5,22.15,buy,False,2022-10-19T03:36:40.813490+00:00
1123,5174761940,58.5,32.195,buy,False,2022-10-19T03:36:39.096486+00:00
1124,5174760165,58.5,29.66,buy,False,2022-10-19T03:36:03.587558+00:00
1125,5173471736,58.3,0.165,sell,False,2022-10-18T22:07:02.387265+00:00
1126,5173046779,58.025,0.015,buy,False,2022-10-18T20:20:07.927816+00:00
1127,5171703881,57.025,0.015,buy,False,2022-10-18T16:12:59.917554+00:00
1128,5171429526,56.025,0.015,sell,False,2022-10-18T15:28:20.299942+00:00
1129,5171242675,56.975,0.11,buy,False,2022-10-18T15:01:01.993338+00:00
1130,5171036487,57.025,0.015,sell,False,2022-10-18T14:33:30.225948+00:00
1131,5170675276,58.025,0.015,sell,False,2022-10-18T13:46:13.949301+00:00
1132,5170575963,59.1,4.0,sell,False,2022-10-18T13:35:53.094732+00:00
1133,5170318445,59.025,0.015,buy,False,2022-10-18T12:39:46.629980+00:00
1134,5169444514,57.85,0.5,sell,False,2022-10-18T08:58:50.500938+00:00
1135,5169298005,58.15,0.5,sell,False,2022-10-18T08:27:26.052426+00:00
1136,5169277940,58.35,1.0,sell,False,2022-10-18T08:22:00.785369+00:00
1137,5169277919,58.35,2.0,sell,False,2022-10-18T08:22:00.550911+00:00
1138,5169277917,58.35,4.0,sell,False,2022-10-18T08:22:00.322399+00:00
1139,5169277646,58.375,8.0,sell,False,2022-10-18T08:21:53.107337+00:00
1140,5169252957,58.475,16.0,sell,False,2022-10-18T08:14:00.030514+00:00
1141,5169219432,58.5,0.5,sell,False,2022-10-18T08:06:08.063010+00:00
1142,5169219422,58.5,0.5,sell,False,2022-10-18T08:06:07.850313+00:00
1143,5169219417,58.5,1.0,sell,False,2022-10-18T08:06:07.657175+00:00
1144,5169219409,58.5,1.5,sell,False,2022-10-18T08:06:07.456863+00:00
1145,5169219395,58.5,3.5,sell,False,2022-10-18T08:06:07.229128+00:00
1146,5169219394,58.5,6.5,sell,False,2022-10-18T08:06:07.002424+00:00
1147,5169219388,58.5,14.0,sell,False,2022-10-18T08:06:06.796968+00:00
1148,5169218822,58.5,0.215,sell,False,2022-10-18T08:05:56.043933+00:00
1149,5169218805,58.5,28.0,sell,False,2022-10-18T08:05:55.821226+00:00
1150,5169218383,58.525,36.875,sell,False,2022-10-18T08:05:44.920709+00:00
1151,5169217419,58.55,38.11,sell,False,2022-10-18T08:05:34.006393+00:00
1152,5169217034,58.55,21.985,sell,False,2022-10-18T08:05:28.604386+00:00
1153,5169216683,58.525,26.83,sell,False,2022-10-18T08:05:23.572201+00:00
1154,5169213518,58.55,94.61,sell,False,2022-10-18T08:04:39.748947+00:00
1155,5169213290,58.45,1.0,sell,False,2022-10-18T08:04:33.894395+00:00
1156,5169212793,58.45,5.0,sell,False,2022-10-18T08:04:21.047623+00:00
1157,5169210162,58.575,33.245,sell,False,2022-10-18T08:03:44.870087+00:00
1158,5169209722,58.6,25.94,sell,False,2022-10-18T08:03:33.940582+00:00
1159,5169209168,58.5,83.15,sell,False,2022-10-18T08:03:24.219382+00:00
1160,5169208937,58.525,81.835,sell,False,2022-10-18T08:03:20.799343+00:00
1161,5169208750,58.525,99.52,sell,False,2022-10-18T08:03:16.727902+00:00
1162,5169208525,58.625,27.31,sell,False,2022-10-18T08:03:12.109531+00:00
1163,5169208131,58.625,30.22,sell,False,2022-10-18T08:03:04.541698+00:00
1164,5169201603,58.65,36.175,sell,False,2022-10-18T08:01:33.865459+00:00
1165,5169200940,58.65,29.675,sell,False,2022-10-18T08:01:28.400756+00:00
1166,5169199855,58.65,38.045,sell,False,2022-10-18T08:01:14.035328+00:00
1167,5169199388,58.65,27.255,sell,False,2022-10-18T08:01:08.217664+00:00
1168,5169198196,58.65,39.29,sell,False,2022-10-18T08:00:56.802550+00:00
1169,5169197193,58.675,23.98,sell,False,2022-10-18T08:00:45.752658+00:00
1170,5169196284,58.6,22.015,sell,False,2022-10-18T08:00:29.694641+00:00
1171,5169194128,58.375,0.5,sell,False,2022-10-18T08:00:09.072562+00:00
1172,5169194121,58.375,0.5,sell,False,2022-10-18T08:00:08.864710+00:00
1173,5169194105,58.375,0.5,sell,False,2022-10-18T08:00:08.626328+00:00
1174,5169194073,58.35,1.5,sell,False,2022-10-18T08:00:08.263504+00:00
1175,5169194058,58.35,3.0,sell,False,2022-10-18T08:00:08.063573+00:00
1176,5169194041,58.35,5.5,sell,False,2022-10-18T08:00:07.866269+00:00
1177,5168429271,58.075,0.5,buy,False,2022-10-18T04:09:39.614844+00:00
1178,5168429255,58.075,0.5,buy,False,2022-10-18T04:09:39.411908+00:00
1179,5168429248,58.075,1.0,buy,False,2022-10-18T04:09:39.188934+00:00
1180,5168429241,58.075,1.5,buy,False,2022-10-18T04:09:38.985531+00:00
1181,5168429235,58.075,3.0,buy,False,2022-10-18T04:09:38.783238+00:00
1182,5168429231,58.075,6.0,buy,False,2022-10-18T04:09:38.577013+00:00
1183,5168429224,58.075,12.5,buy,False,2022-10-18T04:09:38.376309+00:00
1184,5168428726,58.075,24.885,buy,False,2022-10-18T04:09:26.420809+00:00
1185,5168428570,58.1,38.53,buy,False,2022-10-18T04:09:23.009952+00:00
1186,5168424833,58.075,29.665,buy,False,2022-10-18T04:08:17.123406+00:00
1187,5168424343,58.05,32.275,buy,False,2022-10-18T04:08:06.703780+00:00
1188,5168423762,58.025,22.86,buy,False,2022-10-18T04:07:50.184259+00:00
1189,5168423379,58.05,24.295,buy,False,2022-10-18T04:07:40.439550+00:00
1190,5168403991,58.05,34.47,buy,False,2022-10-18T04:02:36.620921+00:00
1191,5168391005,57.975,0.5,buy,False,2022-10-18T03:58:52.334850+00:00
1192,5168391003,57.975,0.5,buy,False,2022-10-18T03:58:52.129960+00:00
1193,5168391002,57.975,1.0,buy,False,2022-10-18T03:58:51.925274+00:00
1194,5168390999,57.975,2.0,buy,False,2022-10-18T03:58:51.726300+00:00
1195,5168390984,57.975,4.0,buy,False,2022-10-18T03:58:51.526035+00:00
1196,5168390959,57.975,7.5,buy,False,2022-10-18T03:58:51.284554+00:00
1197,5168388984,58.0,25.405,buy,False,2022-10-18T03:57:40.775035+00:00
1198,5168388588,58.025,26.27,buy,False,2022-10-18T03:57:31.837270+00:00
1199,5168387613,58.0,34.13,buy,False,2022-10-18T03:57:06.296247+00:00
1200,5168386990,58.0,39.94,buy,False,2022-10-18T03:56:52.814921+00:00
1201,5168386850,58.0,23.875,buy,False,2022-10-18T03:56:49.112025+00:00
1202,5168384300,57.975,24.505,buy,False,2022-10-18T03:56:17.046218+00:00
1203,5168383832,57.8,0.105,sell,False,2022-10-18T03:56:11.147199+00:00
1204,5168383466,57.925,36.21,buy,False,2022-10-18T03:56:05.116171+00:00
1205,5168382930,58.025,81.13,buy,False,2022-10-18T03:55:58.424507+00:00
1206,5168382719,58.0,91.3,buy,False,2022-10-18T03:55:56.088193+00:00
1207,5168382646,57.9,24.245,buy,False,2022-10-18T03:55:54.298880+00:00
1208,5168382375,58.025,83.93,buy,False,2022-10-18T03:55:48.318690+00:00
1209,5168382374,58.025,0.015,buy,False,2022-10-18T03:55:48.318690+00:00
1210,5168382211,57.95,25.555,buy,False,2022-10-18T03:55:43.287799+00:00
1211,5168380683,57.925,23.895,buy,False,2022-10-18T03:55:17.075447+00:00
1212,5168379509,57.95,41.55,buy,False,2022-10-18T03:54:53.010232+00:00
1213,5168378347,57.925,23.63,buy,False,2022-10-18T03:54:25.671746+00:00
1214,5168374517,57.925,35.49,buy,False,2022-10-18T03:53:18.190785+00:00
1215,5168373730,57.9,32.7,buy,False,2022-10-18T03:53:05.689775+00:00
1216,5168363211,57.8,4.0,buy,False,2022-10-18T03:50:04.751017+00:00
1217,5167169291,57.025,0.015,buy,False,2022-10-17T23:24:35.160912+00:00
1218,5167087104,56.8,10.0,sell,False,2022-10-17T22:53:36.296208+00:00
1219,5166646815,56.4,28.055,sell,False,2022-10-17T20:31:00.429476+00:00
1220,5166575004,56.3,60.565,sell,False,2022-10-17T20:08:01.915356+00:00
1221,5166537738,56.25,30.92,sell,False,2022-10-17T19:59:45.219032+00:00
1222,5166537425,56.275,11.0,sell,False,2022-10-17T19:59:41.212347+00:00
1223,5166537424,56.275,12.535,sell,False,2022-10-17T19:59:41.206798+00:00
1224,5166536281,56.3,34.52,sell,False,2022-10-17T19:59:25.293792+00:00
1225,5166524473,56.375,40.505,sell,False,2022-10-17T19:55:16.277320+00:00
1226,5166509317,56.275,0.195,buy,False,2022-10-17T19:50:20.352789+00:00
1227,5166151156,56.2,4.0,sell,False,2022-10-17T18:03:00.834293+00:00
1228,5165429647,55.975,10.0,buy,False,2022-10-17T15:22:10.222792+00:00
1229,5165068823,55.9,23.68,sell,False,2022-10-17T14:15:47.572834+00:00
1230,5165068702,55.9,43.64,sell,False,2022-10-17T14:15:47.023246+00:00
1231,5164939437,55.35,4.0,buy,False,2022-10-17T13:55:01.722014+00:00
1232,5164809149,54.4,23.26,sell,False,2022-10-17T13:38:20.643270+00:00
1233,5164776714,54.175,0.19,sell,False,2022-10-17T13:36:08.294604+00:00
1234,5163497415,52.475,0.5,sell,False,2022-10-17T08:12:24.542015+00:00
1235,5163497407,52.475,0.5,sell,False,2022-10-17T08:12:24.304476+00:00
1236,5163497404,52.475,1.0,sell,False,2022-10-17T08:12:24.097282+00:00
1237,5163468752,52.8,0.19,buy,False,2022-10-17T08:02:40.021151+00:00
1238,5162439386,51.55,8.95,sell,False,2022-10-17T02:21:41.320477+00:00
1239,5160543271,51.975,0.055,buy,False,2022-10-16T17:04:39.829018+00:00
1240,5158283178,51.975,10.1,buy,False,2022-10-16T03:32:44.340931+00:00
1241,5154528743,52.05,6.4,buy,False,2022-10-15T08:47:43.058435+00:00
1242,5154528742,51.95,32.095,buy,False,2022-10-15T08:47:43.058435+00:00
1243,5151611990,51.55,1.865,sell,False,2022-10-14T21:06:36.767043+00:00
1244,5151611989,51.65,0.19,sell,False,2022-10-14T21:06:36.767043+00:00
1245,5151435272,51.875,2.05,buy,False,2022-10-14T20:15:45.425772+00:00
1246,5151336093,51.75,34.0,sell,False,2022-10-14T19:55:20.593449+00:00
1247,5151331502,51.925,39.355,sell,False,2022-10-14T19:54:20.335899+00:00
1248,5151328372,51.775,73.28,sell,False,2022-10-14T19:53:30.575746+00:00
1249,5151328371,51.875,27.26,sell,False,2022-10-14T19:53:30.575746+00:00
1250,5151241712,51.8,0.19,sell,False,2022-10-14T19:32:08.627923+00:00
1251,5151241711,51.8,0.34,sell,False,2022-10-14T19:32:08.627923+00:00
1252,5151241638,51.975,0.34,sell,False,2022-10-14T19:32:07.872309+00:00
1253,5151050932,52.575,123.335,buy,False,2022-10-14T18:50:33.902501+00:00
1254,5151050931,52.475,26.665,buy,False,2022-10-14T18:50:33.902501+00:00
1255,5151013547,52.575,37.135,buy,False,2022-10-14T18:43:38.060948+00:00
1256,5151013344,52.575,39.365,buy,False,2022-10-14T18:43:32.525619+00:00
1257,5151013200,52.575,40.165,buy,False,2022-10-14T18:43:29.845120+00:00
1258,5151013067,52.575,46.17,buy,False,2022-10-14T18:43:27.479831+00:00
1259,5151013034,52.575,59.045,buy,False,2022-10-14T18:43:26.943890+00:00
1260,5151012986,52.575,46.585,buy,False,2022-10-14T18:43:26.418563+00:00
1261,5151012940,52.575,42.89,buy,False,2022-10-14T18:43:25.893440+00:00
1262,5151012885,52.575,41.875,buy,False,2022-10-14T18:43:25.363880+00:00
1263,5150156712,52.725,57.8,sell,False,2022-10-14T16:14:17.245283+00:00
1264,5150156711,52.825,29.69,sell,False,2022-10-14T16:14:17.245283+00:00
1265,5150156710,52.875,4.0,sell,False,2022-10-14T16:14:17.245283+00:00
1266,5149719689,54.775,0.1,buy,False,2022-10-14T15:16:14.306865+00:00
1267,5149324917,55.35,4.0,sell,False,2022-10-14T14:25:14.530060+00:00
1268,5149128701,56.025,0.015,sell,False,2022-10-14T14:11:35.684254+00:00
1269,5148875309,57.025,0.015,sell,False,2022-10-14T13:45:35.621342+00:00
1270,5148831238,58.075,0.09,sell,False,2022-10-14T13:39:40.443918+00:00
1271,5148829368,58.025,0.015,buy,False,2022-10-14T13:39:27.544984+00:00
1272,5148804180,57.45,4.0,sell,False,2022-10-14T13:35:44.366847+00:00
1273,5148769580,57.8,2.0,buy,False,2022-10-14T13:31:35.744005+00:00
1274,5148769390,57.8,2.0,buy,False,2022-10-14T13:31:34.444248+00:00
1275,5148640726,57.25,1.745,sell,False,2022-10-14T13:07:29.908976+00:00
1276,5148529857,57.025,0.015,buy,False,2022-10-14T12:54:20.775623+00:00
1277,5147145671,56.8,17.96,buy,False,2022-10-14T08:00:07.446692+00:00
1278,5147145666,56.475,25.0,sell,False,2022-10-14T08:00:07.362454+00:00
1279,5146072029,56.275,0.175,sell,False,2022-10-14T04:01:46.211152+00:00
1280,5144028989,55.925,0.14,sell,False,2022-10-13T21:38:53.937533+00:00
1281,5143449773,56.675,0.025,buy,False,2022-10-13T19:17:12.494650+00:00
1282,5143387612,56.55,0.53,buy,False,2022-10-13T19:08:30.827417+00:00
1283,5143038838,56.4,0.005,buy,False,2022-10-13T18:22:26.342908+00:00
1284,5141964203,55.925,0.18,sell,False,2022-10-13T15:42:41.394348+00:00
1285,5141691067,55.35,4.0,buy,False,2022-10-13T15:20:51.971136+00:00
1286,5141422786,52.6,0.09,buy,False,2022-10-13T15:02:32.736943+00:00
1287,5141326999,52.7,0.025,buy,False,2022-10-13T14:50:07.538635+00:00
1288,5141325368,52.7,0.03,buy,False,2022-10-13T14:49:52.705720+00:00
1289,5141273971,52.1,1.0,sell,False,2022-10-13T14:43:01.432972+00:00
1290,5141171130,52.5,1.0,sell,False,2022-10-13T14:26:52.595795+00:00
1291,5140749367,52.65,10.0,buy,False,2022-10-13T13:44:37.463658+00:00
1292,5140670638,52.55,19.11,buy,False,2022-10-13T13:38:07.836279+00:00
1293,5140471166,52.475,0.335,sell,False,2022-10-13T13:20:17.385729+00:00
1294,5140007598,52.875,4.0,sell,False,2022-10-13T12:46:49.510936+00:00
1295,5139599380,53.25,76.555,sell,False,2022-10-13T12:33:03.650024+00:00
1296,5137298273,56.375,0.33,sell,False,2022-10-13T08:14:47.490597+00:00
1297,5137298257,56.375,1.0,sell,False,2022-10-13T08:14:47.240376+00:00
1298,5133401247,55.3,10.0,sell,False,2022-10-12T16:27:24.436022+00:00
1299,5133310396,55.35,4.0,buy,False,2022-10-12T16:07:12.084491+00:00
1300,5132628244,52.875,4.0,sell,False,2022-10-12T13:33:42.678351+00:00
1301,5132607251,53.35,10.0,sell,False,2022-10-12T13:30:39.783427+00:00
1302,5132529263,53.525,1.0,sell,False,2022-10-12T13:13:13.204387+00:00
1303,5132529191,53.525,1.0,sell,False,2022-10-12T13:13:12.872198+00:00
1304,5132512185,53.55,31.375,sell,False,2022-10-12T13:09:26.955265+00:00
1305,5132507365,53.65,40.32,sell,False,2022-10-12T13:08:23.798778+00:00
1306,5132237010,53.725,2.645,sell,False,2022-10-12T12:31:29.478821+00:00
1307,5132089583,54.6,24.085,sell,False,2022-10-12T12:12:37.325384+00:00
1308,5131340425,54.425,39.11,sell,False,2022-10-12T08:34:28.441569+00:00
1309,5131337420,54.425,2.0,sell,False,2022-10-12T08:33:26.598904+00:00
1310,5130884998,54.725,52.775,buy,False,2022-10-12T06:40:21.353884+00:00
1311,5130884997,54.625,38.72,buy,False,2022-10-12T06:40:21.353884+00:00
1312,5130427478,54.175,0.5,buy,False,2022-10-12T04:32:50.780300+00:00
1313,5130427474,54.175,0.5,buy,False,2022-10-12T04:32:50.538060+00:00
1314,5130427465,54.175,0.5,buy,False,2022-10-12T04:32:50.273695+00:00
1315,5130427457,54.175,1.5,buy,False,2022-10-12T04:32:50.037982+00:00
1316,5130427442,54.175,3.0,buy,False,2022-10-12T04:32:49.774553+00:00
1317,5130427366,54.175,5.5,buy,False,2022-10-12T04:32:49.545513+00:00
1318,5130421936,54.225,1.58,buy,False,2022-10-12T04:31:13.105719+00:00
1319,5130421927,54.225,12.5,buy,False,2022-10-12T04:31:12.803881+00:00
1320,5130421870,54.225,25.0,buy,False,2022-10-12T04:31:12.084375+00:00
1321,5130416066,54.25,31.58,buy,False,2022-10-12T04:29:25.632129+00:00
1322,5130413752,54.225,22.315,buy,False,2022-10-12T04:28:37.682903+00:00
1323,5130412598,54.25,26.95,buy,False,2022-10-12T04:28:15.160878+00:00
1324,5130348870,54.15,24.79,buy,False,2022-10-12T04:14:45.767851+00:00
1325,5130340137,54.15,34.755,buy,False,2022-10-12T04:12:35.416888+00:00
1326,5130339555,54.15,25.27,buy,False,2022-10-12T04:12:27.845237+00:00
1327,5130325672,54.05,30.84,buy,False,2022-10-12T04:08:35.645982+00:00
1328,5130316575,54.125,28.225,buy,False,2022-10-12T04:06:45.316782+00:00
1329,5129975290,53.8,1.0,buy,False,2022-10-12T02:24:03.876559+00:00
1330,5128702502,53.8,18.585,sell,False,2022-10-11T20:28:49.640944+00:00
1331,5128700752,53.8,18.69,sell,False,2022-10-11T20:28:20.317953+00:00
1332,5127723653,56.2,1.785,buy,False,2022-10-11T16:44:41.947226+00:00
1333,5127382490,55.35,4.0,buy,False,2022-10-11T15:34:42.476336+00:00
1334,5126900561,53.15,5.0,buy,False,2022-10-11T14:06:32.863030+00:00
1335,5126880495,52.875,3.125,sell,False,2022-10-11T14:04:23.108302+00:00
1336,5126873443,52.875,0.875,sell,False,2022-10-11T14:03:46.321658+00:00
1337,5126864941,53.05,0.325,sell,False,2022-10-11T14:03:05.861281+00:00
1338,5126864564,53.075,0.235,sell,False,2022-10-11T14:03:02.343954+00:00
1339,5126762084,53.45,0.085,buy,False,2022-10-11T13:55:41.949838+00:00
1340,5126750436,53.525,9.0,sell,False,2022-10-11T13:53:11.011929+00:00
1341,5126731474,53.8,0.225,sell,False,2022-10-11T13:48:56.598486+00:00
1342,5126723362,54.125,31.0,sell,False,2022-10-11T13:47:50.619404+00:00
1343,5126722477,54.125,31.29,sell,False,2022-10-11T13:47:39.450442+00:00
1344,5126722072,54.2,2.345,sell,False,2022-10-11T13:47:31.063010+00:00
1345,5126722071,54.2,20.0,sell,False,2022-10-11T13:47:31.062258+00:00
1346,5126717397,54.225,32.905,buy,False,2022-10-11T13:47:02.376345+00:00
1347,5126716924,54.225,23.555,buy,False,2022-10-11T13:46:57.537294+00:00
1348,5126716391,54.225,28.67,buy,False,2022-10-11T13:46:50.117728+00:00
1349,5126710103,54.225,9.0,buy,False,2022-10-11T13:46:02.934112+00:00
1350,5126706976,54.35,100.0,buy,False,2022-10-11T13:45:29.548041+00:00
1351,5126706963,54.35,240.0,buy,False,2022-10-11T13:45:29.492834+00:00
1352,5126706544,54.225,41.875,buy,False,2022-10-11T13:45:27.938313+00:00
1353,5126706080,54.25,27.54,buy,False,2022-10-11T13:45:24.588107+00:00
1354,5126674739,54.5,0.215,sell,False,2022-10-11T13:39:42.010558+00:00
1355,5126665139,54.8,9.12,sell,False,2022-10-11T13:37:55.033473+00:00
1356,5126653769,54.9,0.095,buy,False,2022-10-11T13:36:16.510484+00:00
1357,5126634346,55.175,0.205,sell,False,2022-10-11T13:35:01.948943+00:00
1358,5126629203,55.35,4.0,sell,False,2022-10-11T13:34:17.423380+00:00
1359,5126242079,56.6,0.3,sell,False,2022-10-11T12:17:08.926270+00:00
1360,5126215808,56.6,0.225,buy,False,2022-10-11T12:12:21.799350+00:00
1361,5125610093,56.2,0.175,buy,False,2022-10-11T09:21:51.916404+00:00
1362,5124221238,56.275,0.11,sell,False,2022-10-11T02:45:53.831626+00:00
1363,5123614395,56.825,1.0,sell,False,2022-10-11T00:34:25.240674+00:00
1364,5123614275,56.825,1.0,sell,False,2022-10-11T00:34:25.007621+00:00
1365,5123614267,56.825,2.5,sell,False,2022-10-11T00:34:24.764528+00:00
1366,5123614137,56.825,5.0,sell,False,2022-10-11T00:34:24.062957+00:00
1367,5123614126,56.825,9.5,sell,False,2022-10-11T00:34:23.860558+00:00
1368,5123611608,56.8,9.735,sell,False,2022-10-11T00:34:01.107892+00:00
1369,5123611602,56.8,29.0,sell,False,2022-10-11T00:34:00.872591+00:00
1370,5123611187,56.8,33.33,sell,False,2022-10-11T00:33:57.323814+00:00
1371,5121283183,55.825,0.2,sell,False,2022-10-10T16:47:51.495592+00:00
1372,5120745173,56.55,2.65,sell,False,2022-10-10T14:53:38.537910+00:00
1373,5120658929,56.45,0.19,sell,False,2022-10-10T14:38:19.733555+00:00
1374,5120658801,56.475,0.015,sell,False,2022-10-10T14:38:19.184746+00:00
1375,5120424135,57.475,0.015,buy,False,2022-10-10T13:46:34.921345+00:00
1376,5120374536,56.475,0.015,sell,False,2022-10-10T13:36:21.073028+00:00
1377,5119629400,56.925,3.04,buy,False,2022-10-10T09:56:51.035631+00:00
1378,5119506911,56.925,88.5,sell,False,2022-10-10T09:27:30.007663+00:00
1379,5119470620,57.0,0.5,sell,False,2022-10-10T09:18:15.117941+00:00
1380,5119470612,57.0,0.5,sell,False,2022-10-10T09:18:14.887129+00:00
1381,5119428738,56.975,0.5,sell,False,2022-10-10T09:09:16.016463+00:00
1382,5119428721,56.975,0.5,sell,False,2022-10-10T09:09:15.787189+00:00
1383,5119428704,56.975,0.5,sell,False,2022-10-10T09:09:15.539289+00:00
1384,5119428694,56.975,0.5,sell,False,2022-10-10T09:09:15.336464+00:00
1385,5119428681,56.975,0.5,sell,False,2022-10-10T09:09:15.117580+00:00
1386,5119428677,56.975,0.5,sell,False,2022-10-10T09:09:14.841643+00:00
1387,5119428666,56.975,0.5,sell,False,2022-10-10T09:09:14.635644+00:00
1388,5119428647,56.975,0.5,sell,False,2022-10-10T09:09:14.396147+00:00
1389,5119428635,56.975,0.5,sell,False,2022-10-10T09:09:14.171382+00:00
1390,5119428615,56.975,0.5,sell,False,2022-10-10T09:09:13.918832+00:00
1391,5119428609,56.975,0.5,sell,False,2022-10-10T09:09:13.647915+00:00
1392,5119428596,56.975,0.5,sell,False,2022-10-10T09:09:13.422876+00:00
1393,5119428581,56.975,0.5,sell,False,2022-10-10T09:09:13.174924+00:00
1394,5119428546,56.975,0.5,sell,False,2022-10-10T09:09:12.966560+00:00
1395,5119427696,56.975,0.5,sell,False,2022-10-10T09:09:02.054663+00:00
