,id,price,size,side,liquidation,time
0,5399837001,5.6385,1.2,sell,False,2022-11-10T06:43:50.400535+00:00
1,5398099123,5.6385,7.2,sell,False,2022-11-10T02:35:31.291488+00:00
2,5396181715,5.638,1.0,sell,False,2022-11-09T23:13:27.827701+00:00
3,5396067744,6.345,163.7,buy,False,2022-11-09T23:06:47.378777+00:00
4,5396065206,6.345,0.1,buy,False,2022-11-09T23:06:36.287094+00:00
5,5396056113,6.345,0.2,buy,False,2022-11-09T23:05:51.351217+00:00
6,5395535975,5.6385,4.2,buy,False,2022-11-09T22:19:45.211180+00:00
7,5395535974,5.38,4.2,buy,False,2022-11-09T22:19:45.211180+00:00
8,5395535973,5.1825,4.2,buy,False,2022-11-09T22:19:45.211180+00:00
9,5395535972,5.0,3.4,buy,False,2022-11-09T22:19:45.211180+00:00
10,5395535971,4.7,495.1,buy,False,2022-11-09T22:19:45.211180+00:00
11,5395528887,4.7,0.1,buy,False,2022-11-09T22:19:08.268317+00:00
12,5395521653,4.7,0.1,buy,False,2022-11-09T22:18:23.428981+00:00
13,5395512441,4.7,0.1,buy,False,2022-11-09T22:17:38.211693+00:00
14,5395504655,4.7,0.1,buy,False,2022-11-09T22:16:53.179852+00:00
15,5395495278,4.7,0.1,buy,False,2022-11-09T22:16:08.173146+00:00
16,5395486403,4.7,0.1,buy,False,2022-11-09T22:15:23.463947+00:00
17,5395477697,4.7,0.1,buy,False,2022-11-09T22:14:38.365795+00:00
18,5395465951,4.7,0.2,buy,False,2022-11-09T22:13:53.457552+00:00
19,5395454803,4.7,0.2,buy,False,2022-11-09T22:13:08.267969+00:00
20,5395443990,4.7,0.1,buy,False,2022-11-09T22:12:23.213766+00:00
21,5395436985,4.0,110.9,sell,False,2022-11-09T22:11:54.794738+00:00
22,5395432625,4.7,0.1,buy,False,2022-11-09T22:11:38.218636+00:00
23,5395423572,4.7,0.1,buy,False,2022-11-09T22:10:53.264628+00:00
24,5395415576,4.7,0.1,buy,False,2022-11-09T22:10:08.406680+00:00
25,5395406968,4.7,0.2,buy,False,2022-11-09T22:09:23.336904+00:00
26,5395396943,4.7,0.1,buy,False,2022-11-09T22:08:38.426358+00:00
27,5395382398,4.7,0.1,buy,False,2022-11-09T22:07:53.242421+00:00
28,5395363048,4.7,0.1,buy,False,2022-11-09T22:07:08.208847+00:00
29,5395351765,4.7,0.1,buy,False,2022-11-09T22:06:23.347827+00:00
30,5395340927,4.7,0.1,buy,False,2022-11-09T22:05:38.263760+00:00
31,5395329515,4.7,0.1,buy,False,2022-11-09T22:04:53.186358+00:00
32,5395318127,4.7,0.1,buy,False,2022-11-09T22:04:08.245194+00:00
33,5395306601,4.7,0.1,buy,False,2022-11-09T22:03:23.238285+00:00
34,5395295730,4.7,0.1,buy,False,2022-11-09T22:02:38.458034+00:00
35,5395282636,4.7,0.2,buy,False,2022-11-09T22:01:53.407665+00:00
36,5395271360,4.7,0.1,buy,False,2022-11-09T22:01:08.215902+00:00
37,5395258159,4.7,0.1,buy,False,2022-11-09T22:00:22.552927+00:00
38,5395245746,4.7,0.1,buy,False,2022-11-09T21:59:33.859981+00:00
39,5395235403,4.7,0.1,buy,False,2022-11-09T21:58:48.723705+00:00
40,5395223870,4.7,0.1,buy,False,2022-11-09T21:58:03.758364+00:00
41,5395211940,4.7,0.1,buy,False,2022-11-09T21:57:18.820562+00:00
42,5395198929,4.7,0.2,buy,False,2022-11-09T21:56:33.709751+00:00
43,5395187817,4.7,0.1,buy,False,2022-11-09T21:55:48.823971+00:00
44,5395176009,4.7,0.1,buy,False,2022-11-09T21:55:03.911991+00:00
45,5395162503,4.7,0.1,buy,False,2022-11-09T21:54:18.730406+00:00
46,5395147070,4.7,0.1,buy,False,2022-11-09T21:53:33.843431+00:00
47,5395133293,4.7,0.1,buy,False,2022-11-09T21:52:48.873085+00:00
48,5395116964,4.7,0.1,buy,False,2022-11-09T21:52:03.737817+00:00
49,5395104608,4.7,0.2,buy,False,2022-11-09T21:51:18.867867+00:00
50,5395093571,4.7,0.1,buy,False,2022-11-09T21:50:33.789914+00:00
51,5395083337,4.7,0.1,buy,False,2022-11-09T21:49:48.699390+00:00
52,5395070217,4.7,0.1,buy,False,2022-11-09T21:49:03.688664+00:00
53,5395057718,4.7,0.1,buy,False,2022-11-09T21:48:18.818090+00:00
54,5395045913,4.7,0.1,buy,False,2022-11-09T21:47:33.816571+00:00
55,5394004052,4.77,0.1,buy,False,2022-11-09T20:47:21.882884+00:00
56,5393990607,4.77,0.2,buy,False,2022-11-09T20:46:36.714785+00:00
57,5393974510,4.77,0.1,buy,False,2022-11-09T20:45:51.831200+00:00
58,5393960459,4.77,0.1,buy,False,2022-11-09T20:45:06.791645+00:00
59,5393946126,4.77,0.1,buy,False,2022-11-09T20:44:21.826167+00:00
60,5393930089,4.77,0.1,buy,False,2022-11-09T20:43:36.871271+00:00
61,5393914133,4.77,0.1,buy,False,2022-11-09T20:42:51.878811+00:00
62,5393900390,4.77,0.2,buy,False,2022-11-09T20:42:06.790884+00:00
63,5393880097,4.605,0.2,buy,False,2022-11-09T20:41:21.876233+00:00
64,5393863455,4.605,0.1,buy,False,2022-11-09T20:40:36.818886+00:00
65,5393849864,4.605,0.1,buy,False,2022-11-09T20:39:51.790530+00:00
66,5393843310,4.605,0.1,buy,False,2022-11-09T20:39:06.710951+00:00
67,5393835433,4.605,0.1,buy,False,2022-11-09T20:38:21.837734+00:00
68,5393825411,4.605,0.1,buy,False,2022-11-09T20:37:36.844641+00:00
69,5393805203,4.77,0.1,buy,False,2022-11-09T20:36:06.680440+00:00
70,5393791744,4.77,0.1,buy,False,2022-11-09T20:35:21.785174+00:00
71,5393779700,4.59,0.1,buy,False,2022-11-09T20:34:36.757565+00:00
72,5393767207,4.59,0.1,buy,False,2022-11-09T20:33:51.802226+00:00
73,5393756935,4.59,0.1,buy,False,2022-11-09T20:33:06.815227+00:00
74,5393749867,4.59,0.1,buy,False,2022-11-09T20:32:21.778158+00:00
75,5393744449,4.59,0.1,buy,False,2022-11-09T20:31:36.760751+00:00
76,5393738546,4.59,0.1,buy,False,2022-11-09T20:30:51.845054+00:00
77,5393730433,4.59,0.1,buy,False,2022-11-09T20:30:06.882094+00:00
78,5393725341,4.59,0.1,buy,False,2022-11-09T20:29:21.711899+00:00
79,5393716615,4.59,0.1,buy,False,2022-11-09T20:28:36.791082+00:00
80,5393709094,4.59,0.1,buy,False,2022-11-09T20:27:51.769749+00:00
81,5393532789,4.785,4.7,buy,False,2022-11-09T20:08:05.843026+00:00
82,5393532651,4.785,10.7,buy,False,2022-11-09T20:08:04.950733+00:00
83,5393530382,4.785,8.4,buy,False,2022-11-09T20:07:50.919061+00:00
84,5393530102,4.785,9.5,buy,False,2022-11-09T20:07:49.978735+00:00
85,5393527737,4.785,5.8,buy,False,2022-11-09T20:07:35.837154+00:00
86,5393527581,4.785,7.4,buy,False,2022-11-09T20:07:34.976310+00:00
87,5393525504,4.785,8.5,buy,False,2022-11-09T20:07:20.793818+00:00
88,5393525412,4.785,3.8,buy,False,2022-11-09T20:07:20.192624+00:00
89,5393522815,4.785,6.7,buy,False,2022-11-09T20:07:05.981633+00:00
90,5393522647,4.785,9.2,buy,False,2022-11-09T20:07:05.254041+00:00
91,5393519251,4.785,5.5,buy,False,2022-11-09T20:06:50.212646+00:00
92,5393516228,4.785,3.9,buy,False,2022-11-09T20:06:35.767205+00:00
93,5393158089,4.785,4.8,buy,False,2022-11-09T19:33:48.335851+00:00
94,5393158088,4.695,1.0,buy,False,2022-11-09T19:33:48.335851+00:00
95,5393158087,4.65,1.0,buy,False,2022-11-09T19:33:48.335851+00:00
96,5393130457,4.785,6.8,buy,False,2022-11-09T19:31:18.393395+00:00
97,5393130456,4.725,1.0,buy,False,2022-11-09T19:31:18.393395+00:00
98,5393130455,4.68,1.0,buy,False,2022-11-09T19:31:18.393395+00:00
99,5393130454,4.65,1.0,buy,False,2022-11-09T19:31:18.393395+00:00
100,5393130453,4.605,1.0,buy,False,2022-11-09T19:31:18.393395+00:00
101,5393103554,4.74,6.7,buy,False,2022-11-09T19:28:48.979976+00:00
102,5393099971,4.6,10.0,buy,False,2022-11-09T19:28:33.323174+00:00
103,5393097621,4.6,8.5,buy,False,2022-11-09T19:28:18.514349+00:00
104,5393095249,4.6,3.7,buy,False,2022-11-09T19:28:03.516640+00:00
105,5393092747,4.6,6.9,buy,False,2022-11-09T19:27:48.570247+00:00
106,5393089373,4.503,10.7,buy,False,2022-11-09T19:27:33.428626+00:00
107,5393086114,4.444,4.0,buy,False,2022-11-09T19:27:18.375916+00:00
108,5393083302,4.444,3.8,buy,False,2022-11-09T19:27:03.267681+00:00
109,5393079788,4.444,6.8,buy,False,2022-11-09T19:26:48.310188+00:00
110,5393077271,4.444,9.2,buy,False,2022-11-09T19:26:33.512350+00:00
111,5393074868,4.444,8.6,buy,False,2022-11-09T19:26:18.442241+00:00
112,5393072192,4.444,7.5,buy,False,2022-11-09T19:26:03.476648+00:00
113,5393069641,4.444,8.0,buy,False,2022-11-09T19:25:48.559716+00:00
114,5393067040,4.444,6.6,buy,False,2022-11-09T19:25:33.457813+00:00
115,5393063904,4.444,7.0,buy,False,2022-11-09T19:25:18.400310+00:00
116,5393056141,4.444,8.1,buy,False,2022-11-09T19:24:48.641902+00:00
117,5393052716,4.4555,10.0,buy,False,2022-11-09T19:24:33.448111+00:00
118,5393047538,4.4555,10.7,buy,False,2022-11-09T19:24:18.503869+00:00
119,5393044126,4.4555,4.7,buy,False,2022-11-09T19:24:03.411685+00:00
120,5393039614,4.4555,1.6,buy,False,2022-11-09T19:23:48.634606+00:00
121,5393039613,4.444,8.3,buy,False,2022-11-09T19:23:48.634606+00:00
122,5393035444,4.444,10.6,buy,False,2022-11-09T19:23:33.540489+00:00
123,5393032041,4.444,9.7,buy,False,2022-11-09T19:23:18.348623+00:00
124,5393029520,4.444,7.8,buy,False,2022-11-09T19:23:03.657854+00:00
125,5393027350,4.444,9.6,buy,False,2022-11-09T19:22:48.273762+00:00
126,5393025753,4.444,10.6,buy,False,2022-11-09T19:22:33.317049+00:00
127,5393023527,4.444,5.6,buy,False,2022-11-09T19:22:18.293467+00:00
128,5393021213,4.444,10.3,buy,False,2022-11-09T19:22:03.299151+00:00
129,5393019405,4.444,4.3,buy,False,2022-11-09T19:21:48.291248+00:00
130,5393017083,4.444,7.6,buy,False,2022-11-09T19:21:33.444911+00:00
131,5393014794,4.444,8.1,buy,False,2022-11-09T19:21:18.449841+00:00
132,5393012084,4.444,6.2,buy,False,2022-11-09T19:21:03.471381+00:00
133,5393009495,4.4555,4.0,buy,False,2022-11-09T19:20:48.344869+00:00
134,5393006813,4.4555,0.4,buy,False,2022-11-09T19:20:33.487729+00:00
135,5393006812,4.444,7.4,buy,False,2022-11-09T19:20:33.487729+00:00
136,5393003870,4.444,8.1,buy,False,2022-11-09T19:20:18.290275+00:00
137,5393001606,4.444,9.6,buy,False,2022-11-09T19:20:03.736767+00:00
138,5392999305,4.444,10.0,buy,False,2022-11-09T19:19:48.315637+00:00
139,5392996911,4.444,9.7,buy,False,2022-11-09T19:19:33.443894+00:00
140,5392994165,4.444,10.3,buy,False,2022-11-09T19:19:18.647203+00:00
141,5392991062,4.444,9.0,buy,False,2022-11-09T19:19:03.360257+00:00
142,5392987695,4.444,8.9,buy,False,2022-11-09T19:18:48.532717+00:00
143,5392984776,4.444,8.6,buy,False,2022-11-09T19:18:33.560592+00:00
144,5392981793,4.444,9.3,buy,False,2022-11-09T19:18:18.379181+00:00
145,5392978275,4.444,8.1,buy,False,2022-11-09T19:18:03.374354+00:00
146,5392974462,4.4555,7.5,buy,False,2022-11-09T19:17:48.654716+00:00
147,5392971418,4.4555,0.6,buy,False,2022-11-09T19:17:33.829719+00:00
148,5392971417,4.444,9.9,buy,False,2022-11-09T19:17:33.829719+00:00
149,5392967491,4.444,4.1,buy,False,2022-11-09T19:17:18.292318+00:00
150,5392964721,4.444,8.6,buy,False,2022-11-09T19:17:03.632782+00:00
151,5392960986,4.444,9.7,buy,False,2022-11-09T19:16:48.285310+00:00
152,5392958448,4.444,6.7,buy,False,2022-11-09T19:16:33.321839+00:00
153,5392955763,4.444,6.8,buy,False,2022-11-09T19:16:18.507011+00:00
154,5392953495,4.444,5.8,buy,False,2022-11-09T19:16:03.284011+00:00
155,5392951105,4.444,5.4,buy,False,2022-11-09T19:15:48.341882+00:00
156,5392948286,4.444,4.2,buy,False,2022-11-09T19:15:33.273087+00:00
157,5392945816,4.444,9.7,buy,False,2022-11-09T19:15:18.557374+00:00
158,5392943125,4.444,8.1,buy,False,2022-11-09T19:15:03.400214+00:00
159,5392940761,4.444,8.9,buy,False,2022-11-09T19:14:48.365881+00:00
160,5392938751,4.444,8.1,buy,False,2022-11-09T19:14:33.301343+00:00
161,5392935718,4.444,6.7,buy,False,2022-11-09T19:14:18.286412+00:00
162,5392932887,4.444,6.1,buy,False,2022-11-09T19:14:03.531846+00:00
163,5392930877,4.444,4.5,buy,False,2022-11-09T19:13:48.524019+00:00
164,5392928495,4.444,4.2,buy,False,2022-11-09T19:13:33.565539+00:00
165,5392925325,4.444,7.8,buy,False,2022-11-09T19:13:18.306718+00:00
166,5392922667,4.444,7.4,buy,False,2022-11-09T19:13:03.695481+00:00
167,5392920239,4.444,6.0,buy,False,2022-11-09T19:12:48.718902+00:00
168,5392917082,4.444,7.8,buy,False,2022-11-09T19:12:33.646932+00:00
169,5392913787,4.444,8.1,buy,False,2022-11-09T19:12:18.360001+00:00
170,5392910248,4.444,4.5,buy,False,2022-11-09T19:12:03.466027+00:00
171,5392907088,4.444,5.5,buy,False,2022-11-09T19:11:48.305894+00:00
172,5392904462,4.444,9.8,buy,False,2022-11-09T19:11:33.587608+00:00
173,5392901022,4.444,8.1,buy,False,2022-11-09T19:11:18.430988+00:00
174,5392898717,4.444,10.8,buy,False,2022-11-09T19:11:03.549107+00:00
175,5392895563,4.444,4.3,buy,False,2022-11-09T19:10:48.322558+00:00
176,5392891548,4.444,9.6,buy,False,2022-11-09T19:10:33.279510+00:00
177,5392888060,4.444,5.3,buy,False,2022-11-09T19:10:18.505307+00:00
178,5392883380,4.444,6.7,buy,False,2022-11-09T19:10:03.427373+00:00
179,5392880065,4.444,3.8,buy,False,2022-11-09T19:09:48.263156+00:00
180,5392876088,4.444,7.9,buy,False,2022-11-09T19:09:33.291832+00:00
181,5392873098,4.444,10.3,buy,False,2022-11-09T19:09:18.509977+00:00
182,5392870196,4.4335,9.7,buy,False,2022-11-09T19:09:03.546128+00:00
183,5392867385,4.4335,6.0,buy,False,2022-11-09T19:08:48.381961+00:00
184,5392864353,4.4335,10.3,buy,False,2022-11-09T19:08:33.332975+00:00
185,5392860217,4.4335,4.8,buy,False,2022-11-09T19:08:18.359091+00:00
186,5392857261,4.4335,10.5,buy,False,2022-11-09T19:08:03.364651+00:00
187,5392854507,4.4335,9.0,buy,False,2022-11-09T19:07:48.474211+00:00
188,5392852145,4.4335,8.6,buy,False,2022-11-09T19:07:33.428281+00:00
189,5392849229,4.4335,6.2,buy,False,2022-11-09T19:07:18.456317+00:00
190,5392846006,4.4555,4.4,buy,False,2022-11-09T19:07:03.406051+00:00
191,5392843570,4.4555,7.0,buy,False,2022-11-09T19:06:48.368921+00:00
192,5392840799,4.4555,7.0,buy,False,2022-11-09T19:06:33.351892+00:00
193,5392837541,4.4555,7.7,buy,False,2022-11-09T19:06:18.356991+00:00
194,5392834501,4.4555,0.6,buy,False,2022-11-09T19:06:03.520661+00:00
195,5392834500,4.4335,5.9,buy,False,2022-11-09T19:06:03.520661+00:00
196,5392831646,4.4335,10.2,buy,False,2022-11-09T19:05:48.342237+00:00
197,5392828388,4.4335,3.8,buy,False,2022-11-09T19:05:33.308492+00:00
198,5392825089,4.4335,5.6,buy,False,2022-11-09T19:05:18.576707+00:00
199,5392821341,4.4335,4.9,buy,False,2022-11-09T19:05:03.568922+00:00
200,5392816666,4.4335,7.9,buy,False,2022-11-09T19:04:48.325862+00:00
201,5392810825,4.4335,4.7,buy,False,2022-11-09T19:04:33.386379+00:00
202,5392805992,4.4335,5.1,buy,False,2022-11-09T19:04:18.283590+00:00
203,5392802282,4.4335,5.5,buy,False,2022-11-09T19:04:03.407517+00:00
204,5392799213,4.4335,7.1,buy,False,2022-11-09T19:03:48.865903+00:00
205,5392795738,4.4335,4.8,buy,False,2022-11-09T19:03:33.366216+00:00
206,5392791547,4.4335,4.7,buy,False,2022-11-09T19:03:18.290217+00:00
207,5392788436,4.4335,6.1,buy,False,2022-11-09T19:03:03.593877+00:00
208,5392785135,4.4555,9.3,buy,False,2022-11-09T19:02:48.412323+00:00
209,5392781495,4.4555,4.8,buy,False,2022-11-09T19:02:33.303334+00:00
210,5392781494,4.4345,3.3,buy,False,2022-11-09T19:02:33.303334+00:00
211,5392777996,4.4345,8.0,buy,False,2022-11-09T19:02:18.638364+00:00
212,5392774744,4.4345,5.0,buy,False,2022-11-09T19:02:03.468631+00:00
213,5392772371,4.4345,5.4,buy,False,2022-11-09T19:01:48.532523+00:00
214,5392769938,4.4345,3.8,buy,False,2022-11-09T19:01:33.289897+00:00
215,5392767671,4.4345,10.6,buy,False,2022-11-09T19:01:18.465806+00:00
216,5392765031,4.4345,7.2,buy,False,2022-11-09T19:01:03.587835+00:00
217,5392762144,4.4345,7.7,buy,False,2022-11-09T19:00:48.409481+00:00
218,5392757416,4.4345,9.7,buy,False,2022-11-09T19:00:24.871777+00:00
219,5392750367,4.4345,9.3,buy,False,2022-11-09T18:59:50.785741+00:00
220,5392747040,4.4345,6.1,buy,False,2022-11-09T18:59:35.792572+00:00
221,5392744529,4.4335,10.7,buy,False,2022-11-09T18:59:20.881811+00:00
222,5392741345,4.4335,10.0,buy,False,2022-11-09T18:59:05.893616+00:00
223,5392737727,4.4335,4.5,buy,False,2022-11-09T18:58:50.724471+00:00
224,5392734738,4.4335,8.2,buy,False,2022-11-09T18:58:35.861053+00:00
225,5392731602,4.4335,7.3,buy,False,2022-11-09T18:58:20.827878+00:00
226,5392728802,4.4335,6.5,buy,False,2022-11-09T18:58:05.739015+00:00
227,5392726010,4.4335,3.8,buy,False,2022-11-09T18:57:50.937906+00:00
228,5392723181,4.4335,5.0,buy,False,2022-11-09T18:57:35.857795+00:00
229,5392719932,4.4335,4.3,buy,False,2022-11-09T18:57:20.715698+00:00
230,5392716324,4.4335,5.6,buy,False,2022-11-09T18:57:05.786805+00:00
231,5392713166,4.4335,8.9,buy,False,2022-11-09T18:56:50.810529+00:00
232,5392708923,4.4335,8.2,buy,False,2022-11-09T18:56:35.935574+00:00
233,5392705730,4.4335,10.5,buy,False,2022-11-09T18:56:20.710598+00:00
234,5392702630,4.4335,6.7,buy,False,2022-11-09T18:56:05.737598+00:00
235,5392698465,4.4335,7.3,buy,False,2022-11-09T18:55:50.847892+00:00
236,5392695061,4.4335,6.9,buy,False,2022-11-09T18:55:35.788481+00:00
237,5392691168,4.4335,3.8,buy,False,2022-11-09T18:55:20.781511+00:00
238,5392687507,4.4335,8.4,buy,False,2022-11-09T18:55:05.797277+00:00
239,5392683628,4.4335,5.8,buy,False,2022-11-09T18:54:50.889898+00:00
240,5392680045,4.4335,6.2,buy,False,2022-11-09T18:54:35.868968+00:00
241,5392676960,4.4335,7.6,buy,False,2022-11-09T18:54:20.739190+00:00
242,5392673610,4.4335,8.2,buy,False,2022-11-09T18:54:05.824835+00:00
243,5392670253,4.4335,7.4,buy,False,2022-11-09T18:53:50.810364+00:00
244,5392666868,4.4335,4.2,buy,False,2022-11-09T18:53:35.792516+00:00
245,5392662450,4.4555,4.9,buy,False,2022-11-09T18:53:20.880560+00:00
246,5392658413,4.4555,5.8,buy,False,2022-11-09T18:53:05.823891+00:00
247,5392658412,4.4335,5.0,buy,False,2022-11-09T18:53:05.823891+00:00
248,5392655221,4.4335,9.3,buy,False,2022-11-09T18:52:50.749201+00:00
249,5392652627,4.4335,4.9,buy,False,2022-11-09T18:52:35.710191+00:00
250,5392649430,4.4335,8.9,buy,False,2022-11-09T18:52:20.771785+00:00
251,5392645634,4.4335,10.2,buy,False,2022-11-09T18:52:05.791264+00:00
252,5392640300,4.4335,7.9,buy,False,2022-11-09T18:51:50.850384+00:00
253,5392635299,4.4335,4.5,buy,False,2022-11-09T18:51:35.830625+00:00
254,5392630882,4.4335,8.5,buy,False,2022-11-09T18:51:20.701804+00:00
255,5392626420,4.4335,7.5,buy,False,2022-11-09T18:51:05.756258+00:00
256,5392621813,4.4555,7.7,buy,False,2022-11-09T18:50:50.899056+00:00
257,5392618397,4.4555,3.4,buy,False,2022-11-09T18:50:35.823045+00:00
258,5392618396,4.4335,6.1,buy,False,2022-11-09T18:50:35.823045+00:00
259,5392614346,4.4335,10.8,buy,False,2022-11-09T18:50:20.731335+00:00
260,5392610486,4.4335,9.2,buy,False,2022-11-09T18:50:05.766690+00:00
261,5392605061,4.4335,9.7,buy,False,2022-11-09T18:49:50.722114+00:00
262,5392598098,4.4335,8.5,buy,False,2022-11-09T18:49:35.884512+00:00
263,5392593631,4.4335,10.8,buy,False,2022-11-09T18:49:20.979105+00:00
264,5392589869,4.4335,10.1,buy,False,2022-11-09T18:49:05.735035+00:00
265,5392586128,4.475,10.7,buy,False,2022-11-09T18:48:50.783962+00:00
266,5392580637,4.475,2.5,buy,False,2022-11-09T18:48:35.737772+00:00
267,5392580636,4.455,4.7,buy,False,2022-11-09T18:48:35.737772+00:00
268,5392575124,4.455,4.5,buy,False,2022-11-09T18:48:21.474824+00:00
269,5392574939,4.455,9.7,buy,False,2022-11-09T18:48:20.869775+00:00
270,5392574819,4.455,3.7,buy,False,2022-11-09T18:48:20.511717+00:00
271,5392567392,4.455,6.3,buy,False,2022-11-09T18:48:06.332915+00:00
272,5392566914,4.455,7.1,buy,False,2022-11-09T18:48:05.509453+00:00
273,5392560442,4.455,4.7,buy,False,2022-11-09T18:47:51.512368+00:00
274,5392560441,4.4435,0.3,buy,False,2022-11-09T18:47:51.512368+00:00
275,5392560038,4.4435,3.9,buy,False,2022-11-09T18:47:50.516234+00:00
276,5392554911,4.4435,4.1,buy,False,2022-11-09T18:47:36.326474+00:00
277,5392554464,4.4435,7.6,buy,False,2022-11-09T18:47:35.461866+00:00
278,5392548835,4.4435,4.5,buy,False,2022-11-09T18:47:22.039991+00:00
279,5392548390,4.4435,7.1,buy,False,2022-11-09T18:47:20.488302+00:00
280,5392544149,4.4435,6.2,buy,False,2022-11-09T18:47:06.365745+00:00
281,5392543839,4.4435,6.5,buy,False,2022-11-09T18:47:05.475783+00:00
282,5392540164,4.4435,5.4,buy,False,2022-11-09T18:46:51.763865+00:00
283,5392539249,4.4435,6.2,buy,False,2022-11-09T18:46:50.491887+00:00
284,5392534867,4.4435,2.2,buy,False,2022-11-09T18:46:36.499717+00:00
285,5392534569,4.4435,6.1,buy,False,2022-11-09T18:46:35.484256+00:00
286,5392530197,4.4435,6.3,buy,False,2022-11-09T18:46:21.378715+00:00
287,5392530028,4.4435,3.0,buy,False,2022-11-09T18:46:20.496720+00:00
288,5392526199,4.4435,6.2,buy,False,2022-11-09T18:46:06.382695+00:00
289,5392525985,4.4435,6.2,buy,False,2022-11-09T18:46:05.493515+00:00
290,5392522404,4.4435,5.2,buy,False,2022-11-09T18:45:51.392830+00:00
291,5392522207,4.455,7.2,buy,False,2022-11-09T18:45:50.501779+00:00
292,5392518663,4.455,3.9,buy,False,2022-11-09T18:45:36.510481+00:00
293,5392518296,4.455,6.0,buy,False,2022-11-09T18:45:35.546293+00:00
294,5392514648,4.455,0.3,buy,False,2022-11-09T18:45:21.451341+00:00
295,5392514647,4.4435,4.5,buy,False,2022-11-09T18:45:21.451341+00:00
296,5392514304,4.4435,5.8,buy,False,2022-11-09T18:45:20.559972+00:00
297,5392509489,4.4435,3.7,buy,False,2022-11-09T18:45:06.370430+00:00
298,5392509306,4.4435,8.1,buy,False,2022-11-09T18:45:05.541472+00:00
299,5392504059,4.4435,4.5,buy,False,2022-11-09T18:44:51.387457+00:00
300,5392503664,4.4435,3.1,buy,False,2022-11-09T18:44:50.571345+00:00
301,5392496357,4.4435,5.3,buy,False,2022-11-09T18:44:36.481041+00:00
302,5392495960,4.4435,5.7,buy,False,2022-11-09T18:44:35.540021+00:00
303,5392491229,4.4435,5.0,buy,False,2022-11-09T18:44:21.691043+00:00
304,5392490912,4.4435,6.1,buy,False,2022-11-09T18:44:20.538601+00:00
305,5392486455,4.4435,2.3,buy,False,2022-11-09T18:44:06.348123+00:00
306,5392486282,4.4435,5.4,buy,False,2022-11-09T18:44:05.503721+00:00
307,5392482938,4.4435,3.1,buy,False,2022-11-09T18:43:51.511883+00:00
308,5392482610,4.4435,8.0,buy,False,2022-11-09T18:43:50.474451+00:00
309,5392478209,4.4435,3.4,buy,False,2022-11-09T18:43:36.360768+00:00
310,5392477697,4.4435,3.5,buy,False,2022-11-09T18:43:35.547182+00:00
311,5392473513,4.4435,6.0,buy,False,2022-11-09T18:43:21.350895+00:00
312,5392473390,4.4435,4.4,buy,False,2022-11-09T18:43:20.532702+00:00
313,5392469844,4.4435,3.1,buy,False,2022-11-09T18:43:06.483057+00:00
314,5392469637,4.4435,8.5,buy,False,2022-11-09T18:43:05.540433+00:00
315,5392466100,4.4335,2.9,buy,False,2022-11-09T18:42:51.335801+00:00
316,5392465901,4.4335,4.3,buy,False,2022-11-09T18:42:50.542161+00:00
317,5392462730,4.4335,5.1,buy,False,2022-11-09T18:42:36.446174+00:00
318,5392462504,4.4335,7.9,buy,False,2022-11-09T18:42:35.498351+00:00
319,5392459318,4.4335,3.7,buy,False,2022-11-09T18:42:21.507131+00:00
320,5392459068,4.4335,6.2,buy,False,2022-11-09T18:42:20.526032+00:00
321,5392455718,4.455,4.1,buy,False,2022-11-09T18:42:06.409975+00:00
322,5392455546,4.455,4.3,buy,False,2022-11-09T18:42:05.622075+00:00
323,5392452290,4.455,5.6,buy,False,2022-11-09T18:41:51.336184+00:00
324,5392452153,4.455,3.2,buy,False,2022-11-09T18:41:50.514485+00:00
325,5392448493,4.455,6.1,buy,False,2022-11-09T18:41:36.697523+00:00
326,5392448133,4.455,4.6,buy,False,2022-11-09T18:41:35.522787+00:00
327,5392448132,4.4335,2.3,buy,False,2022-11-09T18:41:35.522787+00:00
328,5392443160,4.4335,4.6,buy,False,2022-11-09T18:41:21.448754+00:00
329,5392442742,4.4335,5.1,buy,False,2022-11-09T18:41:20.503571+00:00
330,5392437445,4.4335,5.3,buy,False,2022-11-09T18:41:06.418758+00:00
331,5392436930,4.4335,8.3,buy,False,2022-11-09T18:41:05.506233+00:00
332,5392432771,4.4335,2.8,buy,False,2022-11-09T18:40:51.372498+00:00
333,5392432583,4.4335,6.3,buy,False,2022-11-09T18:40:50.556273+00:00
334,5392429227,4.4335,5.8,buy,False,2022-11-09T18:40:36.472096+00:00
335,5392429038,4.4335,6.1,buy,False,2022-11-09T18:40:35.575956+00:00
336,5392425233,4.4335,4.8,buy,False,2022-11-09T18:40:21.545699+00:00
337,5392425017,4.4335,3.0,buy,False,2022-11-09T18:40:20.511479+00:00
338,5392421544,4.4335,2.8,buy,False,2022-11-09T18:40:06.426545+00:00
339,5392421334,4.4335,4.8,buy,False,2022-11-09T18:40:05.502158+00:00
340,5392417620,4.4335,4.9,buy,False,2022-11-09T18:39:51.838732+00:00
341,5392417222,4.4335,8.0,buy,False,2022-11-09T18:39:50.504933+00:00
342,5392413478,4.4335,3.2,buy,False,2022-11-09T18:39:36.615793+00:00
343,5392413191,4.4335,6.6,buy,False,2022-11-09T18:39:35.524023+00:00
344,5392408729,4.4335,5.5,buy,False,2022-11-09T18:39:21.405771+00:00
345,5392408535,4.4335,3.5,buy,False,2022-11-09T18:39:20.466265+00:00
346,5392404707,4.4335,3.5,buy,False,2022-11-09T18:39:06.391876+00:00
347,5392404191,4.4335,3.9,buy,False,2022-11-09T18:39:05.473749+00:00
348,5392399252,4.4335,5.0,buy,False,2022-11-09T18:38:51.322382+00:00
349,5392399074,4.4335,3.8,buy,False,2022-11-09T18:38:50.501481+00:00
350,5392395246,4.4335,5.4,buy,False,2022-11-09T18:38:36.967833+00:00
351,5392394830,4.4335,4.7,buy,False,2022-11-09T18:38:35.505342+00:00
352,5392389924,4.4335,6.0,buy,False,2022-11-09T18:38:21.344693+00:00
353,5392389700,4.4335,6.5,buy,False,2022-11-09T18:38:20.595123+00:00
354,5392385658,4.4335,3.0,buy,False,2022-11-09T18:38:06.336197+00:00
355,5392385466,4.4335,7.1,buy,False,2022-11-09T18:38:05.514519+00:00
356,5392381137,4.4335,4.8,buy,False,2022-11-09T18:37:51.352077+00:00
357,5392380876,4.4335,7.2,buy,False,2022-11-09T18:37:50.530769+00:00
358,5392376430,4.4335,2.3,buy,False,2022-11-09T18:37:36.642469+00:00
359,5392375944,4.455,3.1,buy,False,2022-11-09T18:37:35.462185+00:00
360,5392371259,4.455,6.3,buy,False,2022-11-09T18:37:21.466779+00:00
361,5392371027,4.455,0.1,buy,False,2022-11-09T18:37:20.526892+00:00
362,5392371026,4.4335,8.5,buy,False,2022-11-09T18:37:20.526892+00:00
363,5392366435,4.4335,4.8,buy,False,2022-11-09T18:37:06.399995+00:00
364,5392366139,4.4335,8.5,buy,False,2022-11-09T18:37:05.489207+00:00
365,5392362374,4.4335,5.8,buy,False,2022-11-09T18:36:51.393996+00:00
366,5392362163,4.4335,4.3,buy,False,2022-11-09T18:36:50.492216+00:00
367,5392358053,4.4335,3.5,buy,False,2022-11-09T18:36:37.033835+00:00
368,5392357419,4.4335,4.1,buy,False,2022-11-09T18:36:35.522262+00:00
369,5392353973,4.4335,3.6,buy,False,2022-11-09T18:36:21.480651+00:00
370,5392353849,4.4335,6.0,buy,False,2022-11-09T18:36:20.588295+00:00
371,5392350990,4.4335,3.6,buy,False,2022-11-09T18:36:06.403716+00:00
372,5392350795,4.4335,6.2,buy,False,2022-11-09T18:36:05.543938+00:00
373,5392347494,4.4335,4.5,buy,False,2022-11-09T18:35:51.318474+00:00
374,5392347393,4.4335,5.1,buy,False,2022-11-09T18:35:50.861576+00:00
375,5392344462,4.4335,4.1,buy,False,2022-11-09T18:35:36.520559+00:00
376,5392344113,4.4335,5.5,buy,False,2022-11-09T18:35:35.496314+00:00
377,5392340870,4.4435,2.2,buy,False,2022-11-09T18:35:21.340581+00:00
378,5392340700,4.4435,5.7,buy,False,2022-11-09T18:35:20.557979+00:00
379,5392338103,4.4435,5.8,buy,False,2022-11-09T18:35:07.254081+00:00
380,5392337694,4.4435,7.1,buy,False,2022-11-09T18:35:05.510082+00:00
381,5392334837,4.4435,3.1,buy,False,2022-11-09T18:34:51.408927+00:00
382,5392334647,4.4435,5.6,buy,False,2022-11-09T18:34:50.550656+00:00
383,5392331502,4.4435,3.3,buy,False,2022-11-09T18:34:36.554695+00:00
384,5392331278,4.4435,7.7,buy,False,2022-11-09T18:34:35.532242+00:00
385,5392327595,4.4435,5.4,buy,False,2022-11-09T18:34:21.541048+00:00
386,5392327408,4.4435,6.3,buy,False,2022-11-09T18:34:20.499793+00:00
387,5392324288,4.4435,3.4,buy,False,2022-11-09T18:34:06.487848+00:00
388,5392324243,4.4435,7.9,buy,False,2022-11-09T18:34:06.312578+00:00
389,5392320997,4.4435,5.5,buy,False,2022-11-09T18:33:51.369689+00:00
390,5392320819,4.4435,4.7,buy,False,2022-11-09T18:33:50.600680+00:00
391,5392317104,4.4435,2.6,buy,False,2022-11-09T18:33:36.528261+00:00
392,5392316855,4.4435,7.0,buy,False,2022-11-09T18:33:35.529084+00:00
393,5392313810,4.4435,3.9,buy,False,2022-11-09T18:33:21.361747+00:00
394,5392313560,4.4435,7.9,buy,False,2022-11-09T18:33:20.557643+00:00
395,5392310535,4.4435,2.1,buy,False,2022-11-09T18:33:06.352035+00:00
396,5392310368,4.4435,7.8,buy,False,2022-11-09T18:33:05.481087+00:00
397,5392306537,4.475,3.7,buy,False,2022-11-09T18:32:51.503679+00:00
398,5392306260,4.475,5.6,buy,False,2022-11-09T18:32:50.500361+00:00
399,5392302845,4.475,2.8,buy,False,2022-11-09T18:32:36.358149+00:00
400,5392302844,4.4435,0.6,buy,False,2022-11-09T18:32:36.358149+00:00
401,5392302638,4.4435,7.3,buy,False,2022-11-09T18:32:35.512758+00:00
402,5392299306,4.4435,6.2,buy,False,2022-11-09T18:32:21.432556+00:00
403,5392299022,4.4435,7.4,buy,False,2022-11-09T18:32:20.488039+00:00
404,5392295300,4.4435,2.6,buy,False,2022-11-09T18:32:06.383991+00:00
405,5392294889,4.4435,3.1,buy,False,2022-11-09T18:32:05.550669+00:00
406,5392290909,4.4435,4.4,buy,False,2022-11-09T18:31:51.432828+00:00
407,5392290583,4.4435,7.3,buy,False,2022-11-09T18:31:50.489856+00:00
408,5392286701,4.4435,3.9,buy,False,2022-11-09T18:31:36.401913+00:00
409,5392286446,4.4435,4.1,buy,False,2022-11-09T18:31:35.482947+00:00
410,5392282022,4.4435,4.4,buy,False,2022-11-09T18:31:21.398813+00:00
411,5392281768,4.4435,8.0,buy,False,2022-11-09T18:31:20.483456+00:00
412,5392276766,4.4435,5.6,buy,False,2022-11-09T18:31:06.361170+00:00
413,5392276542,4.4435,3.7,buy,False,2022-11-09T18:31:05.539152+00:00
414,5392271490,4.4435,4.2,buy,False,2022-11-09T18:30:51.500448+00:00
415,5392271281,4.4435,3.8,buy,False,2022-11-09T18:30:50.522033+00:00
416,5392265821,4.4435,6.0,buy,False,2022-11-09T18:30:36.578915+00:00
417,5392265658,4.4435,7.7,buy,False,2022-11-09T18:30:35.750762+00:00
418,5392261775,4.4535,5.6,buy,False,2022-11-09T18:30:21.510251+00:00
419,5392261484,4.4535,8.2,buy,False,2022-11-09T18:30:20.554485+00:00
420,5392257039,4.4535,5.2,buy,False,2022-11-09T18:30:06.331925+00:00
421,5392256844,4.4535,7.5,buy,False,2022-11-09T18:30:05.501978+00:00
422,5392253358,4.4535,4.3,buy,False,2022-11-09T18:29:51.376689+00:00
423,5392253226,4.4535,7.4,buy,False,2022-11-09T18:29:50.595618+00:00
424,5392248949,4.4535,2.9,buy,False,2022-11-09T18:29:36.521114+00:00
425,5392248723,4.4535,3.5,buy,False,2022-11-09T18:29:35.525650+00:00
426,5392244614,4.4535,4.5,buy,False,2022-11-09T18:29:21.695627+00:00
427,5392244281,4.4535,3.3,buy,False,2022-11-09T18:29:20.538570+00:00
428,5392239497,4.4535,3.2,buy,False,2022-11-09T18:29:06.361812+00:00
429,5392239276,4.4535,4.4,buy,False,2022-11-09T18:29:05.516658+00:00
430,5392235005,4.475,6.3,buy,False,2022-11-09T18:28:51.368716+00:00
431,5392234733,4.475,4.1,buy,False,2022-11-09T18:28:50.515483+00:00
432,5392231122,4.475,3.3,buy,False,2022-11-09T18:28:36.410779+00:00
433,5392231121,4.4535,2.1,buy,False,2022-11-09T18:28:36.410779+00:00
434,5392230901,4.4535,7.2,buy,False,2022-11-09T18:28:35.466763+00:00
435,5392227765,4.4535,2.7,buy,False,2022-11-09T18:28:21.475691+00:00
436,5392227490,4.4535,5.7,buy,False,2022-11-09T18:28:20.469260+00:00
437,5392223538,4.4535,3.9,buy,False,2022-11-09T18:28:06.400304+00:00
438,5392223416,4.4535,4.9,buy,False,2022-11-09T18:28:06.000717+00:00
439,5392220656,4.4535,6.1,buy,False,2022-11-09T18:27:51.325762+00:00
440,5392220541,4.4535,8.2,buy,False,2022-11-09T18:27:50.518827+00:00
441,5392217513,4.4535,2.9,buy,False,2022-11-09T18:27:36.473848+00:00
442,5392217211,4.4535,3.1,buy,False,2022-11-09T18:27:35.481779+00:00
443,5392214074,4.4535,5.4,buy,False,2022-11-09T18:27:21.425640+00:00
444,5392213937,4.4535,8.2,buy,False,2022-11-09T18:27:20.628197+00:00
445,5392210597,4.4535,2.3,buy,False,2022-11-09T18:27:06.517463+00:00
446,5392210443,4.4535,4.9,buy,False,2022-11-09T18:27:05.569022+00:00
447,5392207576,4.4535,6.4,buy,False,2022-11-09T18:26:51.392816+00:00
448,5392207435,4.4535,3.7,buy,False,2022-11-09T18:26:50.566979+00:00
449,5392204623,4.4535,3.6,buy,False,2022-11-09T18:26:36.352088+00:00
450,5392204526,4.4535,5.7,buy,False,2022-11-09T18:26:35.503633+00:00
451,5392201519,4.475,5.0,buy,False,2022-11-09T18:26:21.426664+00:00
452,5392201270,4.475,3.1,buy,False,2022-11-09T18:26:20.571167+00:00
453,5392201269,4.4535,1.9,buy,False,2022-11-09T18:26:20.571167+00:00
454,5392198092,4.4535,4.4,buy,False,2022-11-09T18:26:06.456668+00:00
455,5392197829,4.4535,3.0,buy,False,2022-11-09T18:26:05.495110+00:00
456,5392193985,4.4535,4.1,buy,False,2022-11-09T18:25:51.442002+00:00
457,5392193721,4.4535,6.8,buy,False,2022-11-09T18:25:50.520316+00:00
458,5392189887,4.4535,2.5,buy,False,2022-11-09T18:25:36.712368+00:00
459,5392189650,4.4535,7.1,buy,False,2022-11-09T18:25:35.520979+00:00
460,5392186166,4.4535,2.5,buy,False,2022-11-09T18:25:21.473694+00:00
461,5392185928,4.4535,7.0,buy,False,2022-11-09T18:25:20.534264+00:00
462,5392182505,4.4535,4.5,buy,False,2022-11-09T18:25:06.323877+00:00
463,5392182303,4.4535,7.7,buy,False,2022-11-09T18:25:05.445614+00:00
464,5392179218,4.4535,6.2,buy,False,2022-11-09T18:24:51.331030+00:00
465,5392179072,4.4535,6.2,buy,False,2022-11-09T18:24:50.559608+00:00
466,5392175852,4.4535,3.4,buy,False,2022-11-09T18:24:36.402314+00:00
467,5392175530,4.4535,3.4,buy,False,2022-11-09T18:24:35.504943+00:00
468,5392171867,4.4535,4.6,buy,False,2022-11-09T18:24:21.817510+00:00
469,5392171670,4.4535,6.5,buy,False,2022-11-09T18:24:20.584945+00:00
470,5392168471,4.4535,6.1,buy,False,2022-11-09T18:24:06.450436+00:00
471,5392168355,4.4535,4.0,buy,False,2022-11-09T18:24:06.096967+00:00
472,5392164128,4.475,1.1,buy,False,2022-11-09T18:23:51.436788+00:00
473,5392164127,4.4535,3.6,buy,False,2022-11-09T18:23:51.436788+00:00
474,5392163711,4.4535,4.3,buy,False,2022-11-09T18:23:50.497371+00:00
475,5392159604,4.4535,6.2,buy,False,2022-11-09T18:23:36.491393+00:00
476,5392159226,4.4535,7.7,buy,False,2022-11-09T18:23:35.534003+00:00
477,5392154486,4.4535,2.9,buy,False,2022-11-09T18:23:21.910204+00:00
478,5392154182,4.4535,3.3,buy,False,2022-11-09T18:23:20.783073+00:00
479,5392150889,4.4535,4.1,buy,False,2022-11-09T18:23:06.381722+00:00
480,5392150458,4.4535,3.4,buy,False,2022-11-09T18:23:05.486181+00:00
481,5392147560,4.4535,4.1,buy,False,2022-11-09T18:22:51.366099+00:00
482,5392147445,4.4535,7.6,buy,False,2022-11-09T18:22:50.531006+00:00
483,5392144784,4.4535,2.4,buy,False,2022-11-09T18:22:37.030945+00:00
484,5392144499,4.4535,6.8,buy,False,2022-11-09T18:22:35.532182+00:00
485,5392141218,4.4535,2.8,buy,False,2022-11-09T18:22:21.466614+00:00
486,5392141130,4.4535,3.9,buy,False,2022-11-09T18:22:20.996578+00:00
487,5392138600,4.4535,3.7,buy,False,2022-11-09T18:22:06.365099+00:00
488,5392138401,4.4535,5.3,buy,False,2022-11-09T18:22:05.527981+00:00
489,5392135371,4.4535,5.6,buy,False,2022-11-09T18:21:51.478731+00:00
490,5392135252,4.4535,7.1,buy,False,2022-11-09T18:21:50.830030+00:00
491,5392132462,4.4535,2.3,buy,False,2022-11-09T18:21:36.401756+00:00
492,5392132415,4.4535,6.6,buy,False,2022-11-09T18:21:36.117332+00:00
493,5392129213,4.4535,3.4,buy,False,2022-11-09T18:21:21.462240+00:00
494,5392129015,4.4535,8.0,buy,False,2022-11-09T18:21:20.522243+00:00
495,5392125498,4.475,5.0,buy,False,2022-11-09T18:21:06.436241+00:00
496,5392125276,4.475,4.0,buy,False,2022-11-09T18:21:05.484514+00:00
497,5392121257,4.475,0.1,buy,False,2022-11-09T18:20:51.819097+00:00
498,5392121256,4.4535,3.2,buy,False,2022-11-09T18:20:51.819097+00:00
499,5392120803,4.4535,5.6,buy,False,2022-11-09T18:20:50.489569+00:00
500,5392117081,4.4535,6.1,buy,False,2022-11-09T18:20:36.903136+00:00
501,5392116729,4.4535,5.3,buy,False,2022-11-09T18:20:35.553244+00:00
502,5392112263,4.4535,4.5,buy,False,2022-11-09T18:20:21.461195+00:00
503,5392112018,4.4535,7.0,buy,False,2022-11-09T18:20:20.467106+00:00
504,5392107229,4.4535,3.4,buy,False,2022-11-09T18:20:06.373686+00:00
505,5392107186,4.4535,7.7,buy,False,2022-11-09T18:20:06.075810+00:00
506,5392102742,4.4535,3.5,buy,False,2022-11-09T18:19:51.438136+00:00
507,5392102522,4.4535,8.7,buy,False,2022-11-09T18:19:50.525204+00:00
508,5392098270,4.4535,2.8,buy,False,2022-11-09T18:19:36.874810+00:00
509,5392097966,4.4535,3.4,buy,False,2022-11-09T18:19:35.543156+00:00
510,5392093796,4.4535,3.8,buy,False,2022-11-09T18:19:21.700904+00:00
511,5392093428,4.4535,7.5,buy,False,2022-11-09T18:19:20.474709+00:00
512,5392090370,4.465,2.3,buy,False,2022-11-09T18:19:06.381002+00:00
513,5392090359,4.465,5.3,buy,False,2022-11-09T18:19:06.262135+00:00
514,5392087247,4.465,4.9,buy,False,2022-11-09T18:18:51.535960+00:00
515,5392087246,4.4535,0.4,buy,False,2022-11-09T18:18:51.535960+00:00
516,5392087068,4.4535,4.4,buy,False,2022-11-09T18:18:50.535481+00:00
517,5392083858,4.4535,6.1,buy,False,2022-11-09T18:18:36.503236+00:00
518,5392083685,4.4535,7.7,buy,False,2022-11-09T18:18:35.459656+00:00
519,5392080686,4.4535,2.4,buy,False,2022-11-09T18:18:21.494248+00:00
520,5392080433,4.4535,7.0,buy,False,2022-11-09T18:18:20.464722+00:00
521,5392076189,4.4535,5.1,buy,False,2022-11-09T18:18:06.435487+00:00
522,5392075891,4.4535,8.4,buy,False,2022-11-09T18:18:05.489599+00:00
523,5392070241,4.4535,4.9,buy,False,2022-11-09T18:17:51.324685+00:00
524,5392069880,4.4535,6.8,buy,False,2022-11-09T18:17:50.968297+00:00
525,5392066061,4.4535,3.6,buy,False,2022-11-09T18:17:36.606691+00:00
526,5392066043,4.4535,6.2,buy,False,2022-11-09T18:17:36.567608+00:00
527,5392061917,4.4535,2.9,buy,False,2022-11-09T18:17:21.412106+00:00
528,5392061631,4.4535,3.4,buy,False,2022-11-09T18:17:20.538227+00:00
529,5392057931,4.465,1.6,buy,False,2022-11-09T18:17:06.404843+00:00
530,5392057930,4.453,3.8,buy,False,2022-11-09T18:17:06.404843+00:00
531,5392057659,4.453,7.5,buy,False,2022-11-09T18:17:05.492581+00:00
532,5392053359,4.453,3.6,buy,False,2022-11-09T18:16:51.483104+00:00
533,5392053206,4.453,7.1,buy,False,2022-11-09T18:16:50.952078+00:00
534,5392048688,4.453,5.4,buy,False,2022-11-09T18:16:36.407284+00:00
535,5392048442,4.453,5.0,buy,False,2022-11-09T18:16:35.535037+00:00
536,5392045153,4.453,4.2,buy,False,2022-11-09T18:16:21.341379+00:00
537,5392044980,4.453,5.9,buy,False,2022-11-09T18:16:20.585636+00:00
538,5392041436,4.453,3.4,buy,False,2022-11-09T18:16:06.467978+00:00
539,5392041345,4.453,7.7,buy,False,2022-11-09T18:16:05.974671+00:00
540,5392037863,4.453,2.4,buy,False,2022-11-09T18:15:51.422681+00:00
541,5392037692,4.453,4.3,buy,False,2022-11-09T18:15:50.608183+00:00
542,5392034118,4.453,2.8,buy,False,2022-11-09T18:15:36.450334+00:00
543,5392033902,4.453,7.3,buy,False,2022-11-09T18:15:35.549884+00:00
544,5392029995,4.453,5.3,buy,False,2022-11-09T18:15:21.431626+00:00
545,5392029767,4.453,3.0,buy,False,2022-11-09T18:15:20.539844+00:00
546,5392025235,4.453,5.9,buy,False,2022-11-09T18:15:06.459221+00:00
547,5392024960,4.453,3.5,buy,False,2022-11-09T18:15:05.534784+00:00
548,5392019817,4.465,5.4,buy,False,2022-11-09T18:14:51.461227+00:00
549,5392019816,4.453,0.1,buy,False,2022-11-09T18:14:51.461227+00:00
550,5392019589,4.453,5.8,buy,False,2022-11-09T18:14:50.586960+00:00
551,5392015754,4.453,3.7,buy,False,2022-11-09T18:14:36.806093+00:00
552,5392015430,4.453,4.8,buy,False,2022-11-09T18:14:35.501895+00:00
553,5392011044,4.453,5.1,buy,False,2022-11-09T18:14:21.479371+00:00
554,5392010672,4.453,6.8,buy,False,2022-11-09T18:14:20.528258+00:00
555,5392006761,4.453,5.8,buy,False,2022-11-09T18:14:06.366260+00:00
556,5392006641,4.453,8.4,buy,False,2022-11-09T18:14:05.516731+00:00
557,5392003227,4.453,2.5,buy,False,2022-11-09T18:13:51.344181+00:00
558,5392002972,4.453,4.5,buy,False,2022-11-09T18:13:50.536200+00:00
559,5391999462,4.453,4.5,buy,False,2022-11-09T18:13:36.366041+00:00
560,5391999231,4.453,6.1,buy,False,2022-11-09T18:13:35.526798+00:00
561,5391995607,4.453,2.5,buy,False,2022-11-09T18:13:21.564168+00:00
562,5391995327,4.453,7.2,buy,False,2022-11-09T18:13:20.634649+00:00
563,5391991606,4.443,4.0,buy,False,2022-11-09T18:13:06.448897+00:00
564,5391991418,4.443,3.3,buy,False,2022-11-09T18:13:05.570249+00:00
565,5391987464,4.443,3.7,buy,False,2022-11-09T18:12:51.484238+00:00
566,5391987192,4.443,5.7,buy,False,2022-11-09T18:12:50.529386+00:00
567,5391983758,4.443,6.1,buy,False,2022-11-09T18:12:36.384425+00:00
568,5391983385,4.443,5.8,buy,False,2022-11-09T18:12:35.457084+00:00
569,5391978170,4.443,2.7,buy,False,2022-11-09T18:12:21.469603+00:00
570,5391977757,4.443,6.3,buy,False,2022-11-09T18:12:20.725980+00:00
571,5391973387,4.443,5.4,buy,False,2022-11-09T18:12:06.337538+00:00
572,5391973186,4.443,7.6,buy,False,2022-11-09T18:12:05.506719+00:00
573,5391968818,4.443,5.3,buy,False,2022-11-09T18:11:51.457541+00:00
574,5391968501,4.443,6.5,buy,False,2022-11-09T18:11:50.483064+00:00
575,5391964298,4.443,4.4,buy,False,2022-11-09T18:11:36.412801+00:00
576,5391964054,4.443,8.7,buy,False,2022-11-09T18:11:35.622666+00:00
577,5391958324,4.465,2.1,buy,False,2022-11-09T18:11:21.461364+00:00
578,5391957919,4.465,4.1,buy,False,2022-11-09T18:11:20.589155+00:00
579,5391950321,4.465,2.7,buy,False,2022-11-09T18:11:06.455862+00:00
580,5391949929,4.465,7.4,buy,False,2022-11-09T18:11:05.535680+00:00
581,5391949928,4.443,1.2,buy,False,2022-11-09T18:11:05.535680+00:00
582,5391945221,4.443,2.8,buy,False,2022-11-09T18:10:51.548308+00:00
583,5391944963,4.443,4.0,buy,False,2022-11-09T18:10:50.543273+00:00
584,5391941290,4.443,3.4,buy,False,2022-11-09T18:10:36.372747+00:00
585,5391941097,4.443,7.5,buy,False,2022-11-09T18:10:35.539763+00:00
586,5391937850,4.443,5.3,buy,False,2022-11-09T18:10:21.551590+00:00
587,5391937610,4.443,4.0,buy,False,2022-11-09T18:10:20.591755+00:00
588,5391933353,4.443,3.4,buy,False,2022-11-09T18:10:06.485621+00:00
589,5391933106,4.443,3.7,buy,False,2022-11-09T18:10:05.546657+00:00
590,5391929193,4.443,5.5,buy,False,2022-11-09T18:09:51.515879+00:00
591,5391928872,4.443,5.8,buy,False,2022-11-09T18:09:50.514250+00:00
592,5391924456,4.443,2.4,buy,False,2022-11-09T18:09:36.407976+00:00
593,5391924281,4.443,6.4,buy,False,2022-11-09T18:09:35.501751+00:00
594,5391919950,4.443,5.9,buy,False,2022-11-09T18:09:21.502221+00:00
595,5391919493,4.443,5.6,buy,False,2022-11-09T18:09:20.488757+00:00
596,5391914744,4.465,2.2,buy,False,2022-11-09T18:09:06.471926+00:00
597,5391914510,4.465,3.1,buy,False,2022-11-09T18:09:05.523859+00:00
598,5391914509,4.443,1.9,buy,False,2022-11-09T18:09:05.523859+00:00
599,5391910783,4.443,2.8,buy,False,2022-11-09T18:08:51.549698+00:00
600,5391910316,4.443,3.1,buy,False,2022-11-09T18:08:50.506116+00:00
601,5391905312,4.443,4.3,buy,False,2022-11-09T18:08:36.322041+00:00
602,5391905045,4.443,7.3,buy,False,2022-11-09T18:08:35.498308+00:00
603,5391900665,4.443,3.9,buy,False,2022-11-09T18:08:21.451884+00:00
604,5391900450,4.443,6.3,buy,False,2022-11-09T18:08:20.594812+00:00
605,5391896217,4.443,5.7,buy,False,2022-11-09T18:08:06.366950+00:00
606,5391895940,4.443,4.5,buy,False,2022-11-09T18:08:05.451784+00:00
607,5391891989,4.443,5.6,buy,False,2022-11-09T18:07:51.497513+00:00
608,5391891635,4.443,4.1,buy,False,2022-11-09T18:07:50.520708+00:00
609,5391888418,4.443,5.7,buy,False,2022-11-09T18:07:36.406857+00:00
610,5391888211,4.443,4.9,buy,False,2022-11-09T18:07:35.588709+00:00
611,5391884421,4.443,5.5,buy,False,2022-11-09T18:07:21.551005+00:00
612,5391884184,4.443,8.1,buy,False,2022-11-09T18:07:20.571290+00:00
613,5391879359,4.443,2.3,buy,False,2022-11-09T18:07:06.353096+00:00
614,5391879071,4.443,4.1,buy,False,2022-11-09T18:07:05.534693+00:00
615,5391874762,4.443,2.6,buy,False,2022-11-09T18:06:51.452693+00:00
616,5391874624,4.443,7.9,buy,False,2022-11-09T18:06:50.833937+00:00
617,5391870253,4.443,3.0,buy,False,2022-11-09T18:06:36.345770+00:00
618,5391870046,4.443,6.2,buy,False,2022-11-09T18:06:35.570806+00:00
619,5391866117,4.465,4.5,buy,False,2022-11-09T18:06:21.411261+00:00
620,5391865890,4.465,7.7,buy,False,2022-11-09T18:06:20.435785+00:00
621,5391862205,4.465,5.1,buy,False,2022-11-09T18:06:06.466147+00:00
622,5391862024,4.465,3.8,buy,False,2022-11-09T18:06:05.524018+00:00
623,5391858759,4.465,2.2,buy,False,2022-11-09T18:05:51.634669+00:00
624,5391858348,4.465,6.7,buy,False,2022-11-09T18:05:50.486243+00:00
625,5391855160,4.4865,5.0,buy,False,2022-11-09T18:05:37.232656+00:00
626,5391854553,4.4865,3.5,buy,False,2022-11-09T18:05:35.503572+00:00
627,5391850765,4.4865,4.4,buy,False,2022-11-09T18:05:21.321804+00:00
628,5391850440,4.4865,7.3,buy,False,2022-11-09T18:05:20.489356+00:00
629,5391850439,4.4645,0.5,buy,False,2022-11-09T18:05:20.489356+00:00
630,5391845744,4.4645,2.8,buy,False,2022-11-09T18:05:06.397008+00:00
631,5391845482,4.4645,5.1,buy,False,2022-11-09T18:05:05.477628+00:00
632,5391841524,4.4645,4.0,buy,False,2022-11-09T18:04:51.379743+00:00
633,5391841270,4.4645,8.6,buy,False,2022-11-09T18:04:50.563898+00:00
634,5391837217,4.4645,3.8,buy,False,2022-11-09T18:04:36.453748+00:00
635,5391836884,4.4645,7.6,buy,False,2022-11-09T18:04:35.516951+00:00
636,5391833448,4.4645,2.7,buy,False,2022-11-09T18:04:21.324512+00:00
637,5391833280,4.4645,0.5,buy,False,2022-11-09T18:04:20.585994+00:00
638,5391833279,4.453,3.9,buy,False,2022-11-09T18:04:20.585994+00:00
639,5391833278,4.4325,4.0,buy,False,2022-11-09T18:04:20.585994+00:00
640,5391829677,4.453,4.1,buy,False,2022-11-09T18:04:06.485689+00:00
641,5391829504,4.453,5.3,buy,False,2022-11-09T18:04:05.550128+00:00
642,5391825693,4.453,2.8,buy,False,2022-11-09T18:03:51.338795+00:00
643,5391825549,4.453,6.5,buy,False,2022-11-09T18:03:50.537705+00:00
644,5391821716,4.453,5.3,buy,False,2022-11-09T18:03:36.395846+00:00
645,5391821531,4.453,8.6,buy,False,2022-11-09T18:03:35.523887+00:00
646,5391817169,4.453,4.1,buy,False,2022-11-09T18:03:21.489217+00:00
647,5391817035,4.453,5.7,buy,False,2022-11-09T18:03:21.035503+00:00
648,5391812326,4.453,4.7,buy,False,2022-11-09T18:03:06.436316+00:00
649,5391812079,4.453,5.0,buy,False,2022-11-09T18:03:05.521972+00:00
650,5391808091,4.453,5.5,buy,False,2022-11-09T18:02:51.467188+00:00
651,5391807857,4.453,6.6,buy,False,2022-11-09T18:02:50.613732+00:00
652,5391804684,4.453,5.1,buy,False,2022-11-09T18:02:36.485588+00:00
653,5391804406,4.453,5.5,buy,False,2022-11-09T18:02:35.501109+00:00
654,5391800588,4.453,3.0,buy,False,2022-11-09T18:02:21.337558+00:00
655,5391800397,4.453,3.0,buy,False,2022-11-09T18:02:20.480294+00:00
656,5391795850,4.453,4.0,buy,False,2022-11-09T18:02:06.438023+00:00
657,5391795640,4.453,3.0,buy,False,2022-11-09T18:02:05.578954+00:00
658,5391790897,4.443,5.2,buy,False,2022-11-09T18:01:51.400570+00:00
659,5391790610,4.443,7.1,buy,False,2022-11-09T18:01:50.582577+00:00
660,5391785946,4.443,2.9,buy,False,2022-11-09T18:01:36.475386+00:00
661,5391785583,4.443,6.7,buy,False,2022-11-09T18:01:35.544992+00:00
662,5391780987,4.443,4.5,buy,False,2022-11-09T18:01:21.482232+00:00
663,5391780725,4.443,4.8,buy,False,2022-11-09T18:01:20.557622+00:00
664,5391775132,4.443,4.2,buy,False,2022-11-09T18:01:06.512023+00:00
665,5391774614,4.443,4.4,buy,False,2022-11-09T18:01:05.671038+00:00
666,5391770141,4.443,3.4,buy,False,2022-11-09T18:00:51.729936+00:00
667,5391769857,4.443,4.8,buy,False,2022-11-09T18:00:50.576256+00:00
668,5391765740,4.443,4.9,buy,False,2022-11-09T18:00:37.108744+00:00
669,5391765288,4.443,5.9,buy,False,2022-11-09T18:00:35.687948+00:00
670,5391762158,4.443,2.4,buy,False,2022-11-09T18:00:26.032492+00:00
671,5391760218,4.443,7.5,buy,False,2022-11-09T18:00:20.506657+00:00
672,5391752339,4.4645,2.2,buy,False,2022-11-09T17:59:53.732565+00:00
673,5391752171,4.4645,1.5,buy,False,2022-11-09T17:59:53.236313+00:00
674,5391752170,4.443,2.5,buy,False,2022-11-09T17:59:53.236313+00:00
675,5391747860,4.443,4.7,buy,False,2022-11-09T17:59:38.700362+00:00
676,5391747700,4.443,6.6,buy,False,2022-11-09T17:59:38.243343+00:00
677,5391743556,4.443,4.3,buy,False,2022-11-09T17:59:23.758981+00:00
678,5391743427,4.443,4.0,buy,False,2022-11-09T17:59:23.191166+00:00
679,5391738610,4.443,4.2,buy,False,2022-11-09T17:59:08.693046+00:00
680,5391738519,4.443,7.7,buy,False,2022-11-09T17:59:08.262060+00:00
681,5391734363,4.443,2.7,buy,False,2022-11-09T17:58:53.701903+00:00
682,5391734177,4.443,6.9,buy,False,2022-11-09T17:58:53.166146+00:00
683,5391730221,4.443,3.8,buy,False,2022-11-09T17:58:38.607266+00:00
684,5391730150,4.443,4.7,buy,False,2022-11-09T17:58:38.240648+00:00
685,5391726398,4.443,2.3,buy,False,2022-11-09T17:58:23.607918+00:00
686,5391726331,4.443,6.0,buy,False,2022-11-09T17:58:23.284734+00:00
687,5391722441,4.443,6.2,buy,False,2022-11-09T17:58:08.630908+00:00
688,5391722362,4.443,5.5,buy,False,2022-11-09T17:58:08.238741+00:00
689,5391719046,4.443,2.8,buy,False,2022-11-09T17:57:53.593618+00:00
690,5391718941,4.443,5.8,buy,False,2022-11-09T17:57:53.160229+00:00
691,5391715606,4.4645,2.7,buy,False,2022-11-09T17:57:38.630293+00:00
692,5391715507,4.4645,5.5,buy,False,2022-11-09T17:57:38.159472+00:00
693,5391711978,4.4645,2.2,buy,False,2022-11-09T17:57:24.078132+00:00
694,5391711709,4.4645,5.5,buy,False,2022-11-09T17:57:23.234016+00:00
695,5391707289,4.4645,4.7,buy,False,2022-11-09T17:57:08.721226+00:00
696,5391707096,4.4645,6.8,buy,False,2022-11-09T17:57:08.156728+00:00
697,5391702402,4.4645,3.9,buy,False,2022-11-09T17:56:53.677237+00:00
698,5391702183,4.4645,5.3,buy,False,2022-11-09T17:56:53.181235+00:00
699,5391702182,4.443,3.0,buy,False,2022-11-09T17:56:53.181235+00:00
700,5391697726,4.443,3.8,buy,False,2022-11-09T17:56:38.587624+00:00
701,5391697600,4.443,6.1,buy,False,2022-11-09T17:56:38.199665+00:00
702,5391692819,4.443,2.5,buy,False,2022-11-09T17:56:23.577468+00:00
703,5391692725,4.443,5.6,buy,False,2022-11-09T17:56:23.244672+00:00
704,5391688074,4.443,4.3,buy,False,2022-11-09T17:56:08.731796+00:00
705,5391687887,4.443,5.5,buy,False,2022-11-09T17:56:08.212612+00:00
706,5391683390,4.443,4.4,buy,False,2022-11-09T17:55:53.737085+00:00
707,5391683200,4.443,8.4,buy,False,2022-11-09T17:55:53.143567+00:00
708,5391678922,4.443,2.3,buy,False,2022-11-09T17:55:38.703126+00:00
709,5391678735,4.443,5.4,buy,False,2022-11-09T17:55:38.158708+00:00
710,5391674457,4.443,4.5,buy,False,2022-11-09T17:55:23.610957+00:00
711,5391674331,4.443,5.4,buy,False,2022-11-09T17:55:23.282157+00:00
712,5391669397,4.443,3.4,buy,False,2022-11-09T17:55:08.601095+00:00
713,5391669252,4.443,4.4,buy,False,2022-11-09T17:55:08.173836+00:00
714,5391665975,4.443,4.3,buy,False,2022-11-09T17:54:53.971485+00:00
715,5391665965,4.443,7.2,buy,False,2022-11-09T17:54:53.934291+00:00
716,5391662855,4.443,5.0,buy,False,2022-11-09T17:54:38.723229+00:00
717,5391662777,4.443,4.9,buy,False,2022-11-09T17:54:38.213727+00:00
718,5391659269,4.443,5.6,buy,False,2022-11-09T17:54:23.708432+00:00
719,5391659122,4.443,3.3,buy,False,2022-11-09T17:54:23.273372+00:00
720,5391655411,4.4645,5.4,buy,False,2022-11-09T17:54:08.637804+00:00
721,5391655238,4.4645,3.6,buy,False,2022-11-09T17:54:08.150688+00:00
722,5391651974,4.4645,1.7,buy,False,2022-11-09T17:53:53.796673+00:00
723,5391651973,4.443,2.2,buy,False,2022-11-09T17:53:53.796673+00:00
724,5391651806,4.443,3.2,buy,False,2022-11-09T17:53:53.194108+00:00
725,5391648915,4.443,3.7,buy,False,2022-11-09T17:53:38.602808+00:00
726,5391648849,4.443,3.5,buy,False,2022-11-09T17:53:38.170671+00:00
727,5391644858,4.443,4.6,buy,False,2022-11-09T17:53:23.585544+00:00
728,5391644760,4.443,7.1,buy,False,2022-11-09T17:53:23.218259+00:00
729,5391640495,4.443,2.4,buy,False,2022-11-09T17:53:08.592685+00:00
730,5391640448,4.443,6.1,buy,False,2022-11-09T17:53:08.294705+00:00
731,5391636743,4.443,4.0,buy,False,2022-11-09T17:52:53.590978+00:00
732,5391636616,4.443,3.4,buy,False,2022-11-09T17:52:53.210118+00:00
733,5391632655,4.443,5.1,buy,False,2022-11-09T17:52:38.704243+00:00
734,5391632644,4.443,2.8,buy,False,2022-11-09T17:52:38.664975+00:00
735,5391629190,4.443,4.4,buy,False,2022-11-09T17:52:23.747175+00:00
736,5391629044,4.443,4.5,buy,False,2022-11-09T17:52:23.213941+00:00
737,5391625368,4.443,4.7,buy,False,2022-11-09T17:52:08.965337+00:00
738,5391625364,4.443,3.6,buy,False,2022-11-09T17:52:08.922211+00:00
739,5391622350,4.4645,0.9,buy,False,2022-11-09T17:51:53.719093+00:00
740,5391622349,4.443,1.4,buy,False,2022-11-09T17:51:53.719093+00:00
741,5391622269,4.443,5.2,buy,False,2022-11-09T17:51:53.137237+00:00
742,5391619213,4.443,4.3,buy,False,2022-11-09T17:51:38.619475+00:00
743,5391619122,4.443,6.0,buy,False,2022-11-09T17:51:38.159683+00:00
744,5391615187,4.443,5.7,buy,False,2022-11-09T17:51:23.722979+00:00
745,5391615103,4.443,7.9,buy,False,2022-11-09T17:51:23.233235+00:00
746,5391610526,4.443,3.6,buy,False,2022-11-09T17:51:08.630998+00:00
747,5391610428,4.443,6.0,buy,False,2022-11-09T17:51:08.165131+00:00
748,5391607421,4.443,4.8,buy,False,2022-11-09T17:50:53.729626+00:00
749,5391607331,4.443,4.1,buy,False,2022-11-09T17:50:53.167208+00:00
750,5391604292,4.443,3.6,buy,False,2022-11-09T17:50:38.775000+00:00
751,5391604193,4.443,6.9,buy,False,2022-11-09T17:50:38.222850+00:00
752,5391600234,4.443,3.4,buy,False,2022-11-09T17:50:23.630907+00:00
753,5391600123,4.443,3.6,buy,False,2022-11-09T17:50:23.209515+00:00
754,5391596328,4.443,6.2,buy,False,2022-11-09T17:50:08.685448+00:00
755,5391596211,4.443,6.0,buy,False,2022-11-09T17:50:08.187360+00:00
756,5391592189,4.443,3.6,buy,False,2022-11-09T17:49:53.574190+00:00
757,5391591997,4.443,4.4,buy,False,2022-11-09T17:49:53.198301+00:00
758,5391588534,4.4645,4.2,buy,False,2022-11-09T17:49:38.668645+00:00
759,5391588445,4.4645,5.1,buy,False,2022-11-09T17:49:38.248694+00:00
760,5391584746,4.5085,3.6,buy,False,2022-11-09T17:49:23.644178+00:00
761,5391584648,4.5085,5.0,buy,False,2022-11-09T17:49:23.270948+00:00
762,5391581255,4.5085,3.7,buy,False,2022-11-09T17:49:08.740615+00:00
763,5391581138,4.5085,6.1,buy,False,2022-11-09T17:49:08.163241+00:00
764,5391578207,4.552,2.3,buy,False,2022-11-09T17:48:53.667808+00:00
765,5391578155,4.552,4.3,buy,False,2022-11-09T17:48:53.231389+00:00
766,5391575532,4.552,2.7,buy,False,2022-11-09T17:48:38.995620+00:00
767,5391575407,4.552,8.3,buy,False,2022-11-09T17:48:38.160788+00:00
768,5391572198,4.552,4.5,buy,False,2022-11-09T17:48:23.739634+00:00
769,5391572004,4.552,4.9,buy,False,2022-11-09T17:48:23.216964+00:00
770,5391568842,4.552,4.7,buy,False,2022-11-09T17:48:08.595991+00:00
771,5391568804,4.552,4.7,buy,False,2022-11-09T17:48:08.263065+00:00
772,5391566660,4.552,4.6,buy,False,2022-11-09T17:47:53.633974+00:00
773,5391566574,4.552,8.3,buy,False,2022-11-09T17:47:53.190427+00:00
774,5391564157,4.614,3.5,buy,False,2022-11-09T17:47:38.640010+00:00
775,5391563982,4.614,7.6,buy,False,2022-11-09T17:47:38.175377+00:00
776,5391560434,4.552,2.8,buy,False,2022-11-09T17:47:23.633498+00:00
777,5391560384,4.552,7.3,buy,False,2022-11-09T17:47:23.268959+00:00
778,5391557898,4.552,2.8,buy,False,2022-11-09T17:47:08.717094+00:00
779,5391557770,4.552,6.8,buy,False,2022-11-09T17:47:08.247371+00:00
780,5391554772,4.552,2.3,buy,False,2022-11-09T17:46:53.763755+00:00
781,5391554703,4.552,5.5,buy,False,2022-11-09T17:46:53.168078+00:00
782,5391552116,4.552,5.6,buy,False,2022-11-09T17:46:38.634668+00:00
783,5391552070,4.552,5.4,buy,False,2022-11-09T17:46:38.150913+00:00
784,5391549571,4.552,2.6,buy,False,2022-11-09T17:46:23.729699+00:00
785,5391549481,4.552,4.5,buy,False,2022-11-09T17:46:23.220058+00:00
786,5391546611,4.552,3.9,buy,False,2022-11-09T17:46:08.693457+00:00
787,5391546464,4.552,5.3,buy,False,2022-11-09T17:46:08.141763+00:00
788,5391543942,4.552,2.6,buy,False,2022-11-09T17:45:53.752832+00:00
789,5391543830,4.552,8.2,buy,False,2022-11-09T17:45:53.240040+00:00
790,5391541430,4.552,4.1,buy,False,2022-11-09T17:45:38.821471+00:00
791,5391541326,4.552,6.6,buy,False,2022-11-09T17:45:38.166886+00:00
792,5391537812,4.552,5.4,buy,False,2022-11-09T17:45:23.670482+00:00
793,5391537705,4.552,3.0,buy,False,2022-11-09T17:45:23.221503+00:00
794,5391534335,4.552,6.2,buy,False,2022-11-09T17:45:08.713243+00:00
795,5391534258,4.552,5.2,buy,False,2022-11-09T17:45:08.167187+00:00
796,5391531605,4.552,4.5,buy,False,2022-11-09T17:44:53.755263+00:00
797,5391531565,4.552,5.3,buy,False,2022-11-09T17:44:53.245717+00:00
798,5391528275,4.552,4.4,buy,False,2022-11-09T17:44:38.777380+00:00
799,5391528168,4.552,4.9,buy,False,2022-11-09T17:44:38.259836+00:00
800,5391524957,4.4425,2.8,buy,False,2022-11-09T17:44:23.650796+00:00
801,5391524891,4.4425,8.0,buy,False,2022-11-09T17:44:23.267965+00:00
802,5391521868,4.592,2.7,buy,False,2022-11-09T17:44:08.659282+00:00
803,5391521784,4.592,7.5,buy,False,2022-11-09T17:44:08.147672+00:00
804,5391519080,4.592,3.7,buy,False,2022-11-09T17:43:53.707851+00:00
805,5391519004,4.592,3.5,buy,False,2022-11-09T17:43:53.237394+00:00
806,5391515872,4.4645,4.7,buy,False,2022-11-09T17:43:38.625831+00:00
807,5391515814,4.4645,5.7,buy,False,2022-11-09T17:43:38.177972+00:00
808,5391512389,4.4645,2.3,buy,False,2022-11-09T17:43:23.606722+00:00
809,5391512316,4.4645,5.8,buy,False,2022-11-09T17:43:23.174731+00:00
810,5391509132,4.53,4.9,buy,False,2022-11-09T17:43:08.679569+00:00
811,5391509041,4.53,8.0,buy,False,2022-11-09T17:43:08.163711+00:00
812,5391506491,4.592,3.1,buy,False,2022-11-09T17:42:53.965702+00:00
813,5391506371,4.5185,4.3,buy,False,2022-11-09T17:42:53.298794+00:00
814,5391502745,4.4865,5.3,buy,False,2022-11-09T17:42:38.852935+00:00
815,5391502645,4.4865,8.5,buy,False,2022-11-09T17:42:38.172694+00:00
816,5391499794,4.5185,3.9,buy,False,2022-11-09T17:42:23.725394+00:00
817,5391499660,4.5185,8.2,buy,False,2022-11-09T17:42:23.190385+00:00
818,5391496194,4.5185,5.9,buy,False,2022-11-09T17:42:08.605893+00:00
819,5391496117,4.5185,5.2,buy,False,2022-11-09T17:42:08.174454+00:00
820,5391493392,4.4965,4.5,buy,False,2022-11-09T17:41:53.608637+00:00
821,5391493305,4.4965,7.5,buy,False,2022-11-09T17:41:53.166674+00:00
822,5391490740,4.4965,2.7,buy,False,2022-11-09T17:41:38.756278+00:00
823,5391490685,4.4965,5.5,buy,False,2022-11-09T17:41:38.349931+00:00
824,5391487937,4.4965,3.8,buy,False,2022-11-09T17:41:24.108416+00:00
825,5391487822,4.4965,4.7,buy,False,2022-11-09T17:41:23.325129+00:00
826,5391485017,4.4745,2.5,buy,False,2022-11-09T17:41:08.721599+00:00
827,5391484965,4.4745,8.0,buy,False,2022-11-09T17:41:08.279970+00:00
828,5391481850,4.4745,5.0,buy,False,2022-11-09T17:40:53.759254+00:00
829,5391481650,4.4745,8.4,buy,False,2022-11-09T17:40:53.142573+00:00
830,5391477719,4.4745,5.7,buy,False,2022-11-09T17:40:38.618820+00:00
831,5391477632,4.4745,4.7,buy,False,2022-11-09T17:40:38.290102+00:00
832,5391473867,4.4745,6.0,buy,False,2022-11-09T17:40:23.616627+00:00
833,5391473858,4.4745,3.5,buy,False,2022-11-09T17:40:23.571926+00:00
834,5391470345,4.4525,6.2,buy,False,2022-11-09T17:40:08.701738+00:00
835,5391470159,4.4525,4.8,buy,False,2022-11-09T17:40:08.198332+00:00
836,5391466020,4.4745,5.2,buy,False,2022-11-09T17:39:53.863384+00:00
837,5391465837,4.4745,5.9,buy,False,2022-11-09T17:39:53.150692+00:00
838,5391461590,4.592,4.4,buy,False,2022-11-09T17:39:38.719324+00:00
839,5391461437,4.592,8.1,buy,False,2022-11-09T17:39:38.174966+00:00
840,5391458024,4.4525,4.2,buy,False,2022-11-09T17:39:23.868258+00:00
841,5391457857,4.4525,4.8,buy,False,2022-11-09T17:39:23.168273+00:00
842,5391453948,4.4525,2.2,buy,False,2022-11-09T17:39:08.678335+00:00
843,5391453807,4.4525,6.2,buy,False,2022-11-09T17:39:08.240861+00:00
844,5391450587,4.4745,3.2,buy,False,2022-11-09T17:38:53.690622+00:00
845,5391450518,4.4745,7.1,buy,False,2022-11-09T17:38:53.194214+00:00
846,5391447278,4.5185,2.2,buy,False,2022-11-09T17:38:38.742409+00:00
847,5391447149,4.5185,6.6,buy,False,2022-11-09T17:38:38.203895+00:00
848,5391443385,4.5185,2.5,buy,False,2022-11-09T17:38:23.751630+00:00
849,5391443285,4.5185,7.5,buy,False,2022-11-09T17:38:23.166312+00:00
850,5391438835,4.5405,5.0,buy,False,2022-11-09T17:38:08.605165+00:00
851,5391438780,4.5405,7.0,buy,False,2022-11-09T17:38:08.308055+00:00
852,5391432538,4.5185,5.7,buy,False,2022-11-09T17:37:53.777636+00:00
853,5391432363,4.5185,8.7,buy,False,2022-11-09T17:37:53.282289+00:00
854,5391426031,4.5185,4.5,buy,False,2022-11-09T17:37:38.642702+00:00
855,5391425553,4.5185,7.7,buy,False,2022-11-09T17:37:38.225580+00:00
856,5391419817,4.5185,4.6,buy,False,2022-11-09T17:37:23.651720+00:00
857,5391419630,4.5185,8.5,buy,False,2022-11-09T17:37:23.184740+00:00
858,5391413243,4.5185,2.9,buy,False,2022-11-09T17:37:08.616254+00:00
859,5391413176,4.5185,7.1,buy,False,2022-11-09T17:37:08.209761+00:00
860,5391409899,4.5185,3.5,buy,False,2022-11-09T17:36:53.792572+00:00
861,5391409674,4.5185,7.0,buy,False,2022-11-09T17:36:53.149352+00:00
862,5391406456,4.5185,4.1,buy,False,2022-11-09T17:36:38.729694+00:00
863,5391406315,4.5185,5.7,buy,False,2022-11-09T17:36:38.236375+00:00
864,5391402970,4.4965,3.4,buy,False,2022-11-09T17:36:23.603140+00:00
865,5391402935,4.4965,3.5,buy,False,2022-11-09T17:36:23.284517+00:00
866,5391400115,4.4965,2.5,buy,False,2022-11-09T17:36:08.670583+00:00
867,5391399941,4.4965,7.0,buy,False,2022-11-09T17:36:08.186541+00:00
868,5391397082,4.4525,4.5,buy,False,2022-11-09T17:35:53.799173+00:00
869,5391397023,4.4525,5.0,buy,False,2022-11-09T17:35:53.255043+00:00
870,5391394267,4.4525,3.9,buy,False,2022-11-09T17:35:38.781193+00:00
871,5391394213,4.4525,3.7,buy,False,2022-11-09T17:35:38.231210+00:00
872,5391392124,4.4745,5.0,buy,False,2022-11-09T17:35:23.612092+00:00
873,5391392064,4.4525,6.7,buy,False,2022-11-09T17:35:23.240390+00:00
874,5391389287,4.592,6.0,buy,False,2022-11-09T17:35:08.674287+00:00
875,5391389209,4.592,4.4,buy,False,2022-11-09T17:35:08.233037+00:00
876,5391385692,4.592,5.0,buy,False,2022-11-09T17:34:53.632748+00:00
877,5391385516,4.592,5.4,buy,False,2022-11-09T17:34:53.272879+00:00
878,5391379776,4.4525,4.7,buy,False,2022-11-09T17:34:38.742389+00:00
879,5391379664,4.4525,4.0,buy,False,2022-11-09T17:34:38.209086+00:00
880,5391376133,4.4745,4.0,buy,False,2022-11-09T17:34:23.623327+00:00
881,5391376065,4.4745,4.1,buy,False,2022-11-09T17:34:23.236650+00:00
882,5391373960,4.54,5.2,buy,False,2022-11-09T17:34:08.772136+00:00
883,5391373857,4.54,5.2,buy,False,2022-11-09T17:34:08.196278+00:00
884,5391371080,4.4525,3.3,buy,False,2022-11-09T17:33:53.861534+00:00
885,5391370951,4.4525,6.0,buy,False,2022-11-09T17:33:53.191032+00:00
886,5391368296,4.4745,5.0,buy,False,2022-11-09T17:33:38.689719+00:00
887,5391368182,4.4745,6.2,buy,False,2022-11-09T17:33:38.220491+00:00
888,5391365005,4.4965,2.2,buy,False,2022-11-09T17:33:23.810967+00:00
889,5391364916,4.4965,5.5,buy,False,2022-11-09T17:33:23.342174+00:00
890,5391361573,4.518,6.0,buy,False,2022-11-09T17:33:08.759040+00:00
891,5391361441,4.518,6.2,buy,False,2022-11-09T17:33:08.168075+00:00
892,5391357710,4.496,3.1,buy,False,2022-11-09T17:32:53.892303+00:00
893,5391357529,4.496,5.2,buy,False,2022-11-09T17:32:53.184345+00:00
894,5391357265,4.496,2.7,buy,False,2022-11-09T17:32:52.279838+00:00
895,5391352810,4.496,5.6,buy,False,2022-11-09T17:32:38.631730+00:00
896,5391352735,4.496,6.3,buy,False,2022-11-09T17:32:38.224205+00:00
897,5391352429,4.496,23.6,buy,False,2022-11-09T17:32:37.193499+00:00
898,5391348790,4.496,3.5,buy,False,2022-11-09T17:32:23.653074+00:00
899,5391348689,4.496,3.2,buy,False,2022-11-09T17:32:23.178051+00:00
900,5391348528,4.496,18.8,buy,False,2022-11-09T17:32:22.088229+00:00
901,5391345142,4.592,5.9,buy,False,2022-11-09T17:32:08.841987+00:00
902,5391344896,4.592,6.4,buy,False,2022-11-09T17:32:08.169657+00:00
903,5391344684,4.592,27.3,buy,False,2022-11-09T17:32:07.306461+00:00
904,5391341603,4.592,5.4,buy,False,2022-11-09T17:31:54.017628+00:00
905,5391341466,4.592,8.7,buy,False,2022-11-09T17:31:53.190337+00:00
906,5391341342,4.53,25.6,buy,False,2022-11-09T17:31:52.280336+00:00
907,5391339048,4.496,2.2,buy,False,2022-11-09T17:31:38.754745+00:00
908,5391338954,4.496,6.7,buy,False,2022-11-09T17:31:38.242639+00:00
909,5391338740,4.496,15.2,buy,False,2022-11-09T17:31:37.119384+00:00
910,5391336167,4.496,4.3,buy,False,2022-11-09T17:31:23.709058+00:00
911,5391336055,4.496,7.9,buy,False,2022-11-09T17:31:23.282797+00:00
912,5391335805,4.4525,32.3,buy,False,2022-11-09T17:31:22.312658+00:00
913,5391332910,4.508,5.1,buy,False,2022-11-09T17:31:08.745754+00:00
914,5391332751,4.508,4.7,buy,False,2022-11-09T17:31:08.170892+00:00
915,5391332557,4.508,21.9,buy,False,2022-11-09T17:31:07.307109+00:00
916,5391328285,4.486,5.9,buy,False,2022-11-09T17:30:53.615718+00:00
917,5391328203,4.486,7.1,buy,False,2022-11-09T17:30:53.151991+00:00
918,5391327981,4.486,32.6,buy,False,2022-11-09T17:30:52.106746+00:00
919,5391324749,4.486,5.2,buy,False,2022-11-09T17:30:38.713150+00:00
920,5391324642,4.486,7.6,buy,False,2022-11-09T17:30:38.167991+00:00
921,5391324359,4.486,30.9,buy,False,2022-11-09T17:30:37.297699+00:00
922,5391321086,4.486,5.0,buy,False,2022-11-09T17:30:23.616700+00:00
923,5391320892,4.486,7.3,buy,False,2022-11-09T17:30:23.141641+00:00
924,5391320613,4.4425,16.3,buy,False,2022-11-09T17:30:22.238261+00:00
925,5391317184,4.508,4.9,buy,False,2022-11-09T17:30:08.727655+00:00
926,5391317033,4.508,2.9,buy,False,2022-11-09T17:30:08.178624+00:00
927,5391316771,4.508,17.4,buy,False,2022-11-09T17:30:07.116001+00:00
928,5391314937,4.508,5.7,buy,False,2022-11-09T17:29:59.187974+00:00
929,5391314018,4.508,5.8,buy,False,2022-11-09T17:29:53.704947+00:00
930,5391313953,4.508,3.1,buy,False,2022-11-09T17:29:53.170436+00:00
931,5391313752,4.508,23.2,buy,False,2022-11-09T17:29:52.095845+00:00
932,5391311806,4.508,31.6,buy,False,2022-11-09T17:29:44.311066+00:00
933,5391310956,4.508,5.4,buy,False,2022-11-09T17:29:38.780874+00:00
934,5391310829,4.508,7.0,buy,False,2022-11-09T17:29:38.189738+00:00
935,5391310407,4.508,18.4,buy,False,2022-11-09T17:29:37.099292+00:00
936,5391308202,4.53,28.8,buy,False,2022-11-09T17:29:29.062668+00:00
937,5391307132,4.53,4.3,buy,False,2022-11-09T17:29:23.590009+00:00
938,5391307081,4.53,8.6,buy,False,2022-11-09T17:29:23.253985+00:00
939,5391306903,4.53,17.9,buy,False,2022-11-09T17:29:22.134584+00:00
940,5391305073,4.53,40.6,buy,False,2022-11-09T17:29:14.122692+00:00
941,5391303747,4.53,4.5,buy,False,2022-11-09T17:29:08.743986+00:00
942,5391303622,4.53,7.0,buy,False,2022-11-09T17:29:08.209917+00:00
943,5391303018,4.53,17.8,buy,False,2022-11-09T17:29:07.108952+00:00
944,5391303017,4.508,9.0,buy,False,2022-11-09T17:29:07.108952+00:00
945,5391300519,4.508,19.5,buy,False,2022-11-09T17:28:59.137363+00:00
946,5391298898,4.508,5.6,buy,False,2022-11-09T17:28:53.798345+00:00
947,5391298631,4.508,8.4,buy,False,2022-11-09T17:28:53.233835+00:00
948,5391298288,4.508,14.2,buy,False,2022-11-09T17:28:52.271266+00:00
949,5391295518,4.486,23.0,buy,False,2022-11-09T17:28:44.093891+00:00
950,5391294447,4.486,4.7,buy,False,2022-11-09T17:28:38.651761+00:00
951,5391294302,4.486,8.1,buy,False,2022-11-09T17:28:38.204247+00:00
952,5391294021,4.486,13.5,buy,False,2022-11-09T17:28:37.288954+00:00
953,5391292512,4.508,18.8,buy,False,2022-11-09T17:28:29.216251+00:00
954,5391291359,4.508,4.6,buy,False,2022-11-09T17:28:23.641064+00:00
955,5391291300,4.508,6.2,buy,False,2022-11-09T17:28:23.169698+00:00
956,5391291129,4.508,17.1,buy,False,2022-11-09T17:28:22.119761+00:00
957,5391289609,4.508,21.6,buy,False,2022-11-09T17:28:14.224204+00:00
958,5391288411,4.508,4.4,buy,False,2022-11-09T17:28:08.661201+00:00
959,5391288342,4.508,5.4,buy,False,2022-11-09T17:28:08.186897+00:00
960,5391288219,4.508,31.4,buy,False,2022-11-09T17:28:07.135761+00:00
961,5391286674,4.508,17.5,buy,False,2022-11-09T17:27:59.163501+00:00
962,5391285710,4.508,4.9,buy,False,2022-11-09T17:27:53.826959+00:00
963,5391285642,4.508,5.1,buy,False,2022-11-09T17:27:53.216864+00:00
964,5391285396,4.508,11.1,buy,False,2022-11-09T17:27:52.226671+00:00
965,5391283900,4.508,25.8,buy,False,2022-11-09T17:27:44.102410+00:00
966,5391282540,4.508,2.6,buy,False,2022-11-09T17:27:38.708309+00:00
967,5391282314,4.508,19.1,buy,False,2022-11-09T17:27:37.168763+00:00
968,5391280734,4.592,25.1,buy,False,2022-11-09T17:27:29.111637+00:00
969,5391279592,4.592,3.0,buy,False,2022-11-09T17:27:23.760169+00:00
970,5391279169,4.592,1.1,buy,False,2022-11-09T17:27:22.227027+00:00
971,5391279168,4.54,11.6,buy,False,2022-11-09T17:27:22.227027+00:00
972,5391279167,4.508,17.9,buy,False,2022-11-09T17:27:22.227027+00:00
973,5391276782,4.508,28.6,buy,False,2022-11-09T17:27:14.204638+00:00
974,5391275084,4.508,4.7,buy,False,2022-11-09T17:27:08.593088+00:00
975,5391274697,4.508,30.9,buy,False,2022-11-09T17:27:07.124612+00:00
976,5391273460,4.508,26.6,buy,False,2022-11-09T17:26:59.271615+00:00
977,5391272861,4.508,5.8,buy,False,2022-11-09T17:26:55.185211+00:00
978,5391272427,4.486,22.9,buy,False,2022-11-09T17:26:52.305733+00:00
979,5391271034,4.508,26.0,buy,False,2022-11-09T17:26:44.175674+00:00
980,5391270185,4.508,6.2,buy,False,2022-11-09T17:26:38.661467+00:00
981,5391269825,4.508,29.8,buy,False,2022-11-09T17:26:37.225117+00:00
982,5391268434,4.508,19.1,buy,False,2022-11-09T17:26:29.246812+00:00
983,5391267450,4.54,4.8,buy,False,2022-11-09T17:26:23.748811+00:00
984,5391267180,4.54,32.6,buy,False,2022-11-09T17:26:22.315654+00:00
985,5391265286,4.54,36.4,buy,False,2022-11-09T17:26:14.056135+00:00
986,5391264377,4.54,3.9,buy,False,2022-11-09T17:26:08.634597+00:00
987,5391264194,4.54,14.6,buy,False,2022-11-09T17:26:07.204084+00:00
988,5391262868,4.54,37.8,buy,False,2022-11-09T17:25:59.136385+00:00
989,5391262182,4.54,3.8,buy,False,2022-11-09T17:25:53.635628+00:00
990,5391262039,4.54,16.3,buy,False,2022-11-09T17:25:52.119661+00:00
991,5391260033,4.54,25.0,buy,False,2022-11-09T17:25:44.050889+00:00
992,5391259202,4.54,4.9,buy,False,2022-11-09T17:25:38.753047+00:00
993,5391258815,4.54,6.2,buy,False,2022-11-09T17:25:37.252823+00:00
994,5391258814,4.518,20.1,buy,False,2022-11-09T17:25:37.252823+00:00
995,5391257436,4.518,30.5,buy,False,2022-11-09T17:25:29.206509+00:00
996,5391256478,4.518,2.1,buy,False,2022-11-09T17:25:23.594929+00:00
997,5391256350,4.518,31.6,buy,False,2022-11-09T17:25:22.409021+00:00
998,5391255178,4.518,24.4,buy,False,2022-11-09T17:25:14.292372+00:00
999,5391254198,4.518,5.2,buy,False,2022-11-09T17:25:08.811801+00:00
1000,5391253819,4.518,28.8,buy,False,2022-11-09T17:25:07.104785+00:00
1001,5391252310,4.592,24.0,buy,False,2022-11-09T17:24:59.093634+00:00
1002,5391252309,4.54,11.9,buy,False,2022-11-09T17:24:59.093634+00:00
1003,5391251483,4.54,5.1,buy,False,2022-11-09T17:24:53.692617+00:00
1004,5391251179,4.54,12.8,buy,False,2022-11-09T17:24:52.273840+00:00
1005,5391249753,4.54,37.9,buy,False,2022-11-09T17:24:44.304501+00:00
1006,5391248579,4.54,5.7,buy,False,2022-11-09T17:24:38.668657+00:00
1007,5391248207,4.54,13.7,buy,False,2022-11-09T17:24:37.078876+00:00
1008,5391246383,4.54,7.7,buy,False,2022-11-09T17:24:29.065713+00:00
1009,5391246382,4.518,31.7,buy,False,2022-11-09T17:24:29.065713+00:00
1010,5391245394,4.518,2.5,buy,False,2022-11-09T17:24:23.630069+00:00
1011,5391245040,4.518,26.1,buy,False,2022-11-09T17:24:22.084716+00:00
1012,5391242756,4.518,22.2,buy,False,2022-11-09T17:24:14.148106+00:00
1013,5391241179,4.518,2.6,buy,False,2022-11-09T17:24:08.723180+00:00
1014,5391240830,4.518,14.5,buy,False,2022-11-09T17:24:07.135975+00:00
1015,5391238778,4.518,40.2,buy,False,2022-11-09T17:23:59.064372+00:00
1016,5391237479,4.54,5.1,buy,False,2022-11-09T17:23:53.769305+00:00
1017,5391237151,4.54,19.4,buy,False,2022-11-09T17:23:52.328947+00:00
1018,5391235397,4.54,28.0,buy,False,2022-11-09T17:23:44.262279+00:00
1019,5391234474,4.54,2.2,buy,False,2022-11-09T17:23:38.603717+00:00
1020,5391234257,4.54,32.6,buy,False,2022-11-09T17:23:37.106994+00:00
1021,5391234256,4.518,0.7,buy,False,2022-11-09T17:23:37.106994+00:00
1022,5391232331,4.518,19.9,buy,False,2022-11-09T17:23:29.141269+00:00
1023,5391229997,4.518,4.0,buy,False,2022-11-09T17:23:23.669347+00:00
1024,5391229659,4.518,28.5,buy,False,2022-11-09T17:23:22.108919+00:00
1025,5391227455,4.518,18.1,buy,False,2022-11-09T17:23:14.211301+00:00
1026,5391225108,4.518,3.5,buy,False,2022-11-09T17:23:08.605734+00:00
1027,5391224756,4.518,28.7,buy,False,2022-11-09T17:23:07.293929+00:00
1028,5391222268,4.518,24.8,buy,False,2022-11-09T17:22:59.295703+00:00
1029,5391220310,4.518,3.6,buy,False,2022-11-09T17:22:53.718842+00:00
1030,5391219836,4.518,32.0,buy,False,2022-11-09T17:22:52.162217+00:00
1031,5391217763,4.518,15.8,buy,False,2022-11-09T17:22:44.164066+00:00
1032,5391216672,4.518,4.7,buy,False,2022-11-09T17:22:38.620367+00:00
1033,5391216320,4.474,34.7,buy,False,2022-11-09T17:22:37.127599+00:00
1034,5391214742,4.496,22.4,buy,False,2022-11-09T17:22:29.132994+00:00
1035,5391213632,4.518,4.1,buy,False,2022-11-09T17:22:23.591979+00:00
1036,5391213433,4.518,14.5,buy,False,2022-11-09T17:22:22.196873+00:00
1037,5391212177,4.518,18.9,buy,False,2022-11-09T17:22:14.093937+00:00
1038,5391211394,4.54,3.2,buy,False,2022-11-09T17:22:08.699174+00:00
1039,5391211210,4.474,26.4,buy,False,2022-11-09T17:22:07.267122+00:00
1040,5391210128,4.54,21.5,buy,False,2022-11-09T17:21:59.035673+00:00
1041,5391210127,4.518,18.3,buy,False,2022-11-09T17:21:59.035673+00:00
1042,5391209585,4.518,3.1,buy,False,2022-11-09T17:21:53.675026+00:00
1043,5391209432,4.474,17.2,buy,False,2022-11-09T17:21:52.265062+00:00
1044,5391208576,4.518,16.6,buy,False,2022-11-09T17:21:44.143574+00:00
1045,5391207985,4.518,4.0,buy,False,2022-11-09T17:21:38.777732+00:00
1046,5391207861,4.496,29.9,buy,False,2022-11-09T17:21:37.535137+00:00
1047,5391206948,4.518,18.3,buy,False,2022-11-09T17:21:29.296599+00:00
1048,5391206053,4.518,6.3,buy,False,2022-11-09T17:21:23.705095+00:00
1049,5391205790,4.518,33.1,buy,False,2022-11-09T17:21:22.097218+00:00
1050,5391204148,4.518,23.2,buy,False,2022-11-09T17:21:14.197120+00:00
1051,5391203293,4.5695,5.8,buy,False,2022-11-09T17:21:08.737671+00:00
1052,5391203103,4.5695,13.9,buy,False,2022-11-09T17:21:07.103701+00:00
1053,5391201824,4.496,24.5,buy,False,2022-11-09T17:20:59.829700+00:00
1054,5391200957,4.5695,5.8,buy,False,2022-11-09T17:20:53.719873+00:00
1055,5391200741,4.5695,22.5,buy,False,2022-11-09T17:20:52.249465+00:00
1056,5391200740,4.528,10.3,buy,False,2022-11-09T17:20:52.249465+00:00
1057,5391199041,4.528,30.5,buy,False,2022-11-09T17:20:44.058656+00:00
1058,5391198047,4.528,6.2,buy,False,2022-11-09T17:20:38.593365+00:00
1059,5391197806,4.528,31.0,buy,False,2022-11-09T17:20:37.095907+00:00
1060,5391196415,4.496,36.4,buy,False,2022-11-09T17:20:29.171343+00:00
1061,5391195443,4.496,3.0,buy,False,2022-11-09T17:20:23.596017+00:00
1062,5391195252,4.496,17.3,buy,False,2022-11-09T17:20:22.182944+00:00
1063,5391193411,4.484,19.9,buy,False,2022-11-09T17:20:14.039314+00:00
1064,5391192636,4.484,5.8,buy,False,2022-11-09T17:20:08.719376+00:00
1065,5391192381,4.484,22.8,buy,False,2022-11-09T17:20:07.203996+00:00
1066,5391190314,4.452,36.2,buy,False,2022-11-09T17:19:59.056701+00:00
1067,5391186881,4.452,4.3,buy,False,2022-11-09T17:19:39.190187+00:00
1068,5391145257,4.484,0.1,sell,False,2022-11-09T17:15:32.638012+00:00
1069,5391141768,4.496,2.3,sell,False,2022-11-09T17:15:16.998723+00:00
1070,5391141598,4.496,2.7,sell,False,2022-11-09T17:15:16.142395+00:00
1071,5391141366,4.496,2.6,sell,False,2022-11-09T17:15:15.195765+00:00
1072,5391141212,4.496,2.5,sell,False,2022-11-09T17:15:14.300958+00:00
1073,5391141055,4.496,2.3,sell,False,2022-11-09T17:15:13.417704+00:00
1074,5391140913,4.496,2.5,sell,False,2022-11-09T17:15:12.844357+00:00
1075,5391140683,4.496,2.3,sell,False,2022-11-09T17:15:12.007655+00:00
1076,5391140509,4.496,2.3,sell,False,2022-11-09T17:15:11.038650+00:00
1077,5391140320,4.496,2.2,sell,False,2022-11-09T17:15:10.468739+00:00
1078,5391139625,4.496,2.3,sell,False,2022-11-09T17:15:09.570508+00:00
1079,5391139473,4.496,2.3,sell,False,2022-11-09T17:15:08.931781+00:00
1080,5391139366,4.496,2.2,sell,False,2022-11-09T17:15:08.139898+00:00
1081,5391139231,4.496,2.2,sell,False,2022-11-09T17:15:07.419712+00:00
1082,5391139084,4.496,2.2,sell,False,2022-11-09T17:15:06.659089+00:00
1083,5391137415,4.528,27.0,buy,False,2022-11-09T17:14:59.257124+00:00
1084,5391136263,4.528,5.5,buy,False,2022-11-09T17:14:54.341709+00:00
1085,5391135377,4.528,21.1,buy,False,2022-11-09T17:14:52.090351+00:00
1086,5391135344,4.496,2.5,sell,False,2022-11-09T17:14:51.815688+00:00
1087,5391135234,4.496,2.3,sell,False,2022-11-09T17:14:51.056824+00:00
1088,5391135141,4.496,2.4,sell,False,2022-11-09T17:14:50.318548+00:00
1089,5391135035,4.496,2.7,sell,False,2022-11-09T17:14:49.420437+00:00
1090,5391134743,4.496,2.6,sell,False,2022-11-09T17:14:48.512707+00:00
1091,5391134614,4.496,2.3,sell,False,2022-11-09T17:14:47.638749+00:00
1092,5391133718,4.528,10.2,buy,False,2022-11-09T17:14:44.058021+00:00
1093,5391133710,4.496,2.3,sell,False,2022-11-09T17:14:44.019337+00:00
1094,5391133557,4.496,2.5,sell,False,2022-11-09T17:14:43.119067+00:00
1095,5391133368,4.496,2.3,sell,False,2022-11-09T17:14:42.227675+00:00
1096,5391132043,4.528,5.7,buy,False,2022-11-09T17:14:38.630827+00:00
1097,5391131697,4.528,22.3,buy,False,2022-11-09T17:14:37.083334+00:00
1098,5391129755,4.528,17.3,buy,False,2022-11-09T17:14:29.177213+00:00
1099,5391128764,4.528,5.5,buy,False,2022-11-09T17:14:23.653291+00:00
1100,5391128545,4.528,14.4,buy,False,2022-11-09T17:14:22.216932+00:00
1101,5391128544,4.506,8.8,buy,False,2022-11-09T17:14:22.216932+00:00
1102,5391126564,4.506,22.6,buy,False,2022-11-09T17:14:14.070687+00:00
1103,5391124970,4.506,2.2,buy,False,2022-11-09T17:14:08.654839+00:00
1104,5391124768,4.506,21.5,buy,False,2022-11-09T17:14:07.204395+00:00
1105,5391124759,4.484,2.4,sell,False,2022-11-09T17:14:07.116083+00:00
1106,5391124566,4.484,2.2,sell,False,2022-11-09T17:14:05.926501+00:00
1107,5391123177,4.506,15.8,buy,False,2022-11-09T17:13:59.272381+00:00
1108,5391122553,4.506,3.3,buy,False,2022-11-09T17:13:53.799340+00:00
1109,5391122371,4.506,17.5,buy,False,2022-11-09T17:13:52.107208+00:00
1110,5391121219,4.506,22.8,buy,False,2022-11-09T17:13:44.125627+00:00
1111,5391121110,4.484,2.4,sell,False,2022-11-09T17:13:43.417635+00:00
1112,5391120962,4.484,2.2,sell,False,2022-11-09T17:13:42.249346+00:00
1113,5391119939,4.506,2.8,buy,False,2022-11-09T17:13:38.609982+00:00
1114,5391119779,4.484,23.5,buy,False,2022-11-09T17:13:37.230982+00:00
1115,5391118218,4.462,11.5,buy,False,2022-11-09T17:13:29.108809+00:00
1116,5391117473,4.506,2.3,buy,False,2022-11-09T17:13:23.743740+00:00
1117,5391117139,4.506,9.4,buy,False,2022-11-09T17:13:22.230513+00:00
1118,5391116150,4.506,18.9,buy,False,2022-11-09T17:13:14.153470+00:00
1119,5391115367,4.525,4.7,buy,False,2022-11-09T17:13:08.589677+00:00
1120,5391115134,4.525,18.4,buy,False,2022-11-09T17:13:07.258629+00:00
1121,5391113711,4.525,24.7,buy,False,2022-11-09T17:12:59.339395+00:00
1122,5391112817,4.525,6.2,buy,False,2022-11-09T17:12:53.796726+00:00
1123,5391112524,4.525,10.1,buy,False,2022-11-09T17:12:52.171756+00:00
1124,5391110937,4.528,11.4,buy,False,2022-11-09T17:12:44.288934+00:00
1125,5391110075,4.528,4.8,buy,False,2022-11-09T17:12:38.817007+00:00
1126,5391109800,4.528,19.9,buy,False,2022-11-09T17:12:37.236679+00:00
1127,5391108526,4.528,9.5,buy,False,2022-11-09T17:12:29.256887+00:00
1128,5391107684,4.528,2.8,buy,False,2022-11-09T17:12:23.682694+00:00
1129,5391107459,4.528,23.5,buy,False,2022-11-09T17:12:22.210776+00:00
1130,5391105875,4.528,16.7,buy,False,2022-11-09T17:12:14.283117+00:00
1131,5391104970,4.528,2.5,buy,False,2022-11-09T17:12:08.970055+00:00
1132,5391104695,4.528,10.9,buy,False,2022-11-09T17:12:07.604727+00:00
1133,5391103450,4.528,10.2,buy,False,2022-11-09T17:11:59.761717+00:00
1134,5391103449,4.506,4.5,buy,False,2022-11-09T17:11:59.761717+00:00
1135,5391102523,4.506,2.3,buy,False,2022-11-09T17:11:53.731771+00:00
1136,5391102305,4.506,17.8,buy,False,2022-11-09T17:11:52.145709+00:00
1137,5391101076,4.506,18.0,buy,False,2022-11-09T17:11:44.165219+00:00
1138,5391099894,4.506,23.2,buy,False,2022-11-09T17:11:37.109156+00:00
1139,5391098471,4.506,22.1,buy,False,2022-11-09T17:11:29.309786+00:00
1140,5391097567,4.506,19.7,buy,False,2022-11-09T17:11:22.303093+00:00
1141,5391095858,4.506,10.6,buy,False,2022-11-09T17:11:14.092673+00:00
1142,5391094313,4.506,10.9,buy,False,2022-11-09T17:11:07.154103+00:00
1143,5391093247,4.506,17.2,buy,False,2022-11-09T17:10:59.204704+00:00
1144,5391092493,4.506,10.4,buy,False,2022-11-09T17:10:52.299500+00:00
1145,5391091008,4.5695,19.5,buy,False,2022-11-09T17:10:44.072004+00:00
1146,5391089876,4.5695,5.3,buy,False,2022-11-09T17:10:37.324836+00:00
1147,5391089875,4.528,4.3,buy,False,2022-11-09T17:10:37.324836+00:00
1148,5391088557,4.528,25.7,buy,False,2022-11-09T17:10:29.233591+00:00
1149,5391087213,4.528,10.1,buy,False,2022-11-09T17:10:22.179984+00:00
1150,5391085303,4.528,26.3,buy,False,2022-11-09T17:10:14.314603+00:00
1151,5391083496,4.528,25.0,buy,False,2022-11-09T17:10:07.153015+00:00
1152,5391082031,4.528,14.8,buy,False,2022-11-09T17:09:59.245600+00:00
1153,5391080811,4.528,17.2,buy,False,2022-11-09T17:09:52.165108+00:00
1154,5391079822,4.528,8.1,buy,False,2022-11-09T17:09:44.319931+00:00
1155,5391079821,4.506,14.1,buy,False,2022-11-09T17:09:44.319931+00:00
1156,5391078831,4.506,11.8,buy,False,2022-11-09T17:09:37.095916+00:00
1157,5391077464,4.506,18.4,buy,False,2022-11-09T17:09:29.063815+00:00
1158,5391076308,4.506,21.5,buy,False,2022-11-09T17:09:22.202353+00:00
1159,5391074774,4.506,15.8,buy,False,2022-11-09T17:09:14.212188+00:00
1160,5391073065,4.506,15.2,buy,False,2022-11-09T17:09:07.103894+00:00
1161,5391071588,4.506,15.3,buy,False,2022-11-09T17:08:59.279267+00:00
1162,5391069818,4.506,17.1,buy,False,2022-11-09T17:08:52.326093+00:00
1163,5391067913,4.4845,18.6,buy,False,2022-11-09T17:08:44.329122+00:00
1164,5391066225,4.528,24.4,buy,False,2022-11-09T17:08:37.265376+00:00
1165,5391064359,4.528,11.6,buy,False,2022-11-09T17:08:29.100109+00:00
1166,5391063044,4.528,9.2,buy,False,2022-11-09T17:08:22.203181+00:00
1167,5391063043,4.506,4.0,buy,False,2022-11-09T17:08:22.203181+00:00
1168,5391061341,4.506,9.4,buy,False,2022-11-09T17:08:14.904576+00:00
1169,5391059954,4.506,20.6,buy,False,2022-11-09T17:08:07.183341+00:00
1170,5391058104,4.484,25.1,buy,False,2022-11-09T17:07:59.184036+00:00
1171,5391056733,4.506,25.2,buy,False,2022-11-09T17:07:52.173475+00:00
1172,5391055373,4.506,17.4,buy,False,2022-11-09T17:07:44.169018+00:00
1173,5391053547,4.484,17.5,buy,False,2022-11-09T17:07:37.090875+00:00
1174,5391051990,4.506,24.9,buy,False,2022-11-09T17:07:29.572778+00:00
1175,5391050180,4.506,18.3,buy,False,2022-11-09T17:07:22.080252+00:00
1176,5391049951,4.506,18.5,buy,False,2022-11-09T17:07:20.841621+00:00
1177,5391048053,4.506,12.6,buy,False,2022-11-09T17:07:14.284087+00:00
1178,5391046185,4.506,14.4,buy,False,2022-11-09T17:07:07.237635+00:00
1179,5391044507,4.484,22.3,buy,False,2022-11-09T17:06:59.272564+00:00
1180,5391042940,4.484,18.0,buy,False,2022-11-09T17:06:52.237961+00:00
1181,5391041396,4.55,18.5,buy,False,2022-11-09T17:06:44.281697+00:00
1182,5391040045,4.5695,24.7,buy,False,2022-11-09T17:06:37.100332+00:00
1183,5391040044,4.5275,0.8,buy,False,2022-11-09T17:06:37.100332+00:00
1184,5391038323,4.5275,14.2,buy,False,2022-11-09T17:06:29.071963+00:00
1185,5391036838,4.5275,24.1,buy,False,2022-11-09T17:06:22.072130+00:00
1186,5391034345,4.5275,14.6,buy,False,2022-11-09T17:06:14.043763+00:00
1187,5391032824,4.495,3.5,sell,False,2022-11-09T17:06:07.280292+00:00
1188,5391032814,4.5275,15.5,buy,False,2022-11-09T17:06:07.262471+00:00
1189,5391032656,4.495,2.3,sell,False,2022-11-09T17:06:06.601704+00:00
1190,5391032422,4.495,2.5,sell,False,2022-11-09T17:06:06.007341+00:00
1191,5391032092,4.495,2.2,sell,False,2022-11-09T17:06:05.280119+00:00
1192,5391031858,4.495,5.6,sell,False,2022-11-09T17:06:04.733284+00:00
1193,5391031721,4.495,2.6,sell,False,2022-11-09T17:06:04.200145+00:00
1194,5391030473,4.5275,14.5,buy,False,2022-11-09T17:05:59.277519+00:00
1195,5391030453,4.495,2.4,sell,False,2022-11-09T17:05:59.114063+00:00
1196,5391030294,4.495,2.2,sell,False,2022-11-09T17:05:58.268793+00:00
1197,5391030190,4.495,2.5,sell,False,2022-11-09T17:05:57.626922+00:00
1198,5391029970,4.495,2.2,sell,False,2022-11-09T17:05:56.768707+00:00
1199,5391029808,4.495,2.7,sell,False,2022-11-09T17:05:56.231777+00:00
1200,5391028376,4.5275,25.3,buy,False,2022-11-09T17:05:52.083358+00:00
1201,5391026722,4.5275,15.4,buy,False,2022-11-09T17:05:44.224217+00:00
1202,5391025323,4.5275,20.6,buy,False,2022-11-09T17:05:37.154134+00:00
1203,5391025008,4.487,2.3,sell,False,2022-11-09T17:05:36.346034+00:00
1204,5391023702,4.5695,19.0,buy,False,2022-11-09T17:05:29.348821+00:00
1205,5391023600,4.487,2.2,sell,False,2022-11-09T17:05:29.100907+00:00
1206,5391023486,4.487,2.4,sell,False,2022-11-09T17:05:28.221112+00:00
1207,5391021461,4.5695,1.4,buy,False,2022-11-09T17:05:22.099218+00:00
1208,5391021460,4.5275,14.1,buy,False,2022-11-09T17:05:22.099218+00:00
1209,5391021457,4.487,2.2,sell,False,2022-11-09T17:05:22.076950+00:00
1210,5391020011,4.5275,22.4,buy,False,2022-11-09T17:05:14.423980+00:00
1211,5391019928,4.487,2.5,sell,False,2022-11-09T17:05:13.815481+00:00
1212,5391019767,4.487,2.5,sell,False,2022-11-09T17:05:12.615023+00:00
1213,5391018917,4.5275,12.9,buy,False,2022-11-09T17:05:07.338279+00:00
1214,5391017545,4.5275,24.6,buy,False,2022-11-09T17:04:59.109195+00:00
1215,5391016182,4.5275,24.7,buy,False,2022-11-09T17:04:52.310336+00:00
1216,5391016041,4.487,2.3,sell,False,2022-11-09T17:04:51.920364+00:00
1217,5391015916,4.487,2.4,sell,False,2022-11-09T17:04:50.990671+00:00
1218,5391015699,4.487,2.3,sell,False,2022-11-09T17:04:50.219810+00:00
1219,5391015443,4.487,2.2,sell,False,2022-11-09T17:04:48.983289+00:00
1220,5391015268,4.487,2.2,sell,False,2022-11-09T17:04:48.102929+00:00
1221,5391014434,4.5275,11.2,buy,False,2022-11-09T17:04:44.192205+00:00
1222,5391013361,4.5275,23.4,buy,False,2022-11-09T17:04:37.463669+00:00
1223,5391013280,4.481,2.4,sell,False,2022-11-09T17:04:36.947169+00:00
1224,5391013042,4.481,2.3,sell,False,2022-11-09T17:04:35.744246+00:00
1225,5391012780,4.481,2.5,sell,False,2022-11-09T17:04:34.529630+00:00
1226,5391011838,4.5275,9.6,buy,False,2022-11-09T17:04:29.336912+00:00
1227,5391011808,4.481,2.3,sell,False,2022-11-09T17:04:29.126911+00:00
1228,5391009965,4.5275,5.9,buy,False,2022-11-09T17:04:22.245471+00:00
1229,5391009964,4.5055,7.7,buy,False,2022-11-09T17:04:22.245471+00:00
1230,5391009956,4.481,7.2,sell,False,2022-11-09T17:04:22.193298+00:00
1231,5391008152,4.5055,9.3,buy,False,2022-11-09T17:04:14.118537+00:00
1232,5391006963,4.4835,23.2,buy,False,2022-11-09T17:04:07.280612+00:00
1233,5391005676,4.5055,18.0,buy,False,2022-11-09T17:03:59.085710+00:00
1234,5391004692,4.5055,18.2,buy,False,2022-11-09T17:03:52.176539+00:00
1235,5391003423,4.5055,14.8,buy,False,2022-11-09T17:03:44.050354+00:00
1236,5391002133,4.5055,25.7,buy,False,2022-11-09T17:03:37.095587+00:00
1237,5391000499,4.5055,12.7,buy,False,2022-11-09T17:03:29.157661+00:00
1238,5390999527,4.5055,17.3,buy,False,2022-11-09T17:03:22.253072+00:00
1239,5390999243,4.46,9.6,sell,False,2022-11-09T17:03:20.208359+00:00
1240,5390997902,4.5055,4.7,buy,False,2022-11-09T17:03:14.086661+00:00
1241,5390997901,4.5055,18.3,buy,False,2022-11-09T17:03:14.086661+00:00
1242,5390997757,4.46,9.0,sell,False,2022-11-09T17:03:12.609785+00:00
1243,5390996976,4.46,8.5,sell,False,2022-11-09T17:03:07.498495+00:00
1244,5390996902,4.5055,10.6,buy,False,2022-11-09T17:03:07.124603+00:00
1245,5390995376,4.5055,12.1,buy,False,2022-11-09T17:02:59.370889+00:00
1246,5390995358,4.467,16.2,sell,False,2022-11-09T17:02:59.124281+00:00
1247,5390994352,4.5055,16.0,buy,False,2022-11-09T17:02:52.234979+00:00
1248,5390993556,4.467,28.5,sell,False,2022-11-09T17:02:46.791557+00:00
1249,5390993113,4.5055,14.1,buy,False,2022-11-09T17:02:44.422778+00:00
1250,5390991883,4.5055,25.3,buy,False,2022-11-09T17:02:37.740802+00:00
1251,5390991173,4.467,27.4,sell,False,2022-11-09T17:02:34.502415+00:00
1252,5390990549,4.5055,13.2,buy,False,2022-11-09T17:02:29.660752+00:00
1253,5390990501,4.467,27.9,sell,False,2022-11-09T17:02:29.175044+00:00
1254,5390989740,4.5055,12.4,buy,False,2022-11-09T17:02:22.154826+00:00
1255,5390988517,4.5055,12.9,buy,False,2022-11-09T17:02:14.300862+00:00
1256,5390987209,4.5055,22.0,buy,False,2022-11-09T17:02:07.129223+00:00
1257,5390985347,4.5055,24.1,buy,False,2022-11-09T17:01:59.341712+00:00
1258,5390983916,4.5055,19.0,buy,False,2022-11-09T17:01:52.788682+00:00
1259,5390982323,4.5275,16.9,buy,False,2022-11-09T17:01:44.315322+00:00
1260,5390982322,4.5055,7.4,buy,False,2022-11-09T17:01:44.315322+00:00
1261,5390980630,4.5055,24.4,buy,False,2022-11-09T17:01:37.092752+00:00
1262,5390979408,4.5055,26.1,buy,False,2022-11-09T17:01:29.070801+00:00
1263,5390978612,4.5055,13.0,buy,False,2022-11-09T17:01:22.708966+00:00
1264,5390977565,4.4835,26.2,buy,False,2022-11-09T17:01:14.386965+00:00
1265,5390976270,4.5055,14.2,buy,False,2022-11-09T17:01:07.369766+00:00
1266,5390974737,4.5055,15.3,buy,False,2022-11-09T17:00:58.898095+00:00
1267,5390973688,4.5055,12.4,buy,False,2022-11-09T17:00:52.603977+00:00
1268,5390972008,4.4845,25.8,buy,False,2022-11-09T17:00:44.310971+00:00
1269,5390970982,4.4615,20.1,buy,False,2022-11-09T17:00:38.105849+00:00
1270,5390969225,4.4845,9.8,buy,False,2022-11-09T17:00:29.459276+00:00
1271,5390969031,4.4845,14.0,buy,False,2022-11-09T17:00:27.946220+00:00
1272,5390963253,4.5475,10.1,buy,False,2022-11-09T16:59:57.441740+00:00
1273,5390962623,4.5475,9.3,buy,False,2022-11-09T16:59:51.424058+00:00
1274,5390961759,4.5475,19.4,buy,False,2022-11-09T16:59:42.383148+00:00
1275,5390960955,4.5475,3.0,buy,False,2022-11-09T16:59:36.439918+00:00
1276,5390960954,4.545,0.2,buy,False,2022-11-09T16:59:36.439918+00:00
1277,5390960953,4.5055,21.1,buy,False,2022-11-09T16:59:36.439918+00:00
1278,5390959698,4.5055,14.0,buy,False,2022-11-09T16:59:27.592471+00:00
1279,5390958420,4.5055,18.8,buy,False,2022-11-09T16:59:21.870178+00:00
1280,5390957173,4.5055,19.8,buy,False,2022-11-09T16:59:12.468340+00:00
1281,5390956423,4.5055,19.0,buy,False,2022-11-09T16:59:06.475745+00:00
1282,5390954733,4.5055,18.7,buy,False,2022-11-09T16:58:57.438108+00:00
1283,5390953581,4.5055,8.6,buy,False,2022-11-09T16:58:51.485235+00:00
1284,5390951817,4.5055,16.2,buy,False,2022-11-09T16:58:42.496025+00:00
1285,5390951085,4.5055,9.5,buy,False,2022-11-09T16:58:36.363248+00:00
1286,5390949564,4.4835,23.6,buy,False,2022-11-09T16:58:27.576628+00:00
1287,5390948322,4.4835,17.2,buy,False,2022-11-09T16:58:21.440307+00:00
1288,5390945974,4.4835,11.4,buy,False,2022-11-09T16:58:12.515755+00:00
1289,5390945041,4.4615,11.0,buy,False,2022-11-09T16:58:06.375316+00:00
1290,5390943365,4.545,20.8,buy,False,2022-11-09T16:57:57.599969+00:00
1291,5390942389,4.545,11.5,buy,False,2022-11-09T16:57:51.335309+00:00
1292,5390942388,4.5055,7.9,buy,False,2022-11-09T16:57:51.335309+00:00
1293,5390940295,4.5055,16.0,buy,False,2022-11-09T16:57:42.581620+00:00
1294,5390938841,4.5055,20.7,buy,False,2022-11-09T16:57:36.376711+00:00
1295,5390936772,4.5055,23.8,buy,False,2022-11-09T16:57:27.540673+00:00
1296,5390935811,4.5055,9.2,buy,False,2022-11-09T16:57:21.371593+00:00
1297,5390934601,4.5055,11.4,buy,False,2022-11-09T16:57:12.518477+00:00
1298,5390933650,4.5055,15.7,buy,False,2022-11-09T16:57:06.369344+00:00
1299,5390931342,4.5055,24.8,buy,False,2022-11-09T16:56:57.376645+00:00
1300,5390930268,4.5055,9.2,buy,False,2022-11-09T16:56:51.484844+00:00
1301,5390928666,4.5055,26.7,buy,False,2022-11-09T16:56:42.652130+00:00
1302,5390927518,4.4835,25.4,buy,False,2022-11-09T16:56:36.409372+00:00
1303,5390925921,4.4615,16.8,buy,False,2022-11-09T16:56:27.514081+00:00
1304,5390924427,4.4615,11.5,buy,False,2022-11-09T16:56:21.464048+00:00
1305,5390923061,4.545,17.4,buy,False,2022-11-09T16:56:12.543725+00:00
1306,5390922083,4.545,19.4,buy,False,2022-11-09T16:56:06.365465+00:00
1307,5390920379,4.4715,18.2,buy,False,2022-11-09T16:55:57.464999+00:00
1308,5390919248,4.545,13.6,buy,False,2022-11-09T16:55:51.450977+00:00
1309,5390918185,4.545,11.0,buy,False,2022-11-09T16:55:42.461890+00:00
1310,5390918184,4.54,14.6,buy,False,2022-11-09T16:55:42.461890+00:00
1311,5390917168,4.54,16.0,buy,False,2022-11-09T16:55:36.338168+00:00
1312,5390915781,4.54,21.6,buy,False,2022-11-09T16:55:27.386186+00:00
1313,5390914736,4.4935,23.1,buy,False,2022-11-09T16:55:21.410850+00:00
1314,5390913104,4.4935,9.2,buy,False,2022-11-09T16:55:13.247688+00:00
1315,5390912377,4.4715,23.9,buy,False,2022-11-09T16:55:06.345998+00:00
1316,5390911099,4.4715,12.9,buy,False,2022-11-09T16:54:57.339744+00:00
1317,5390910093,4.54,21.1,buy,False,2022-11-09T16:54:51.362824+00:00
1318,5390908401,4.54,9.2,buy,False,2022-11-09T16:54:42.222078+00:00
1319,5390907762,4.54,11.3,buy,False,2022-11-09T16:54:36.395318+00:00
1320,5390906339,4.4715,19.1,buy,False,2022-11-09T16:54:27.199086+00:00
1321,5390905501,4.54,9.1,buy,False,2022-11-09T16:54:21.364612+00:00
1322,5390904176,4.5055,26.2,buy,False,2022-11-09T16:54:12.208851+00:00
1323,5390903311,4.5055,19.6,buy,False,2022-11-09T16:54:06.454360+00:00
1324,5390902225,4.4935,19.9,buy,False,2022-11-09T16:53:57.628597+00:00
1325,5390901588,4.4935,25.5,buy,False,2022-11-09T16:53:51.531100+00:00
1326,5390900542,4.5055,6.2,buy,False,2022-11-09T16:53:42.320806+00:00
1327,5390900541,4.5,3.2,buy,False,2022-11-09T16:53:42.320806+00:00
1328,5390899726,4.4715,20.0,buy,False,2022-11-09T16:53:36.513439+00:00
1329,5390898482,4.5,14.5,buy,False,2022-11-09T16:53:27.439176+00:00
1330,5390897534,4.5,13.0,buy,False,2022-11-09T16:53:21.398954+00:00
1331,5390895606,4.5,19.3,buy,False,2022-11-09T16:53:12.340877+00:00
1332,5390894480,4.5,23.5,buy,False,2022-11-09T16:53:06.367337+00:00
1333,5390892923,4.4715,19.3,buy,False,2022-11-09T16:52:57.315748+00:00
1334,5390892365,4.4715,9.7,buy,False,2022-11-09T16:52:51.547767+00:00
1335,5390890886,4.5,18.2,buy,False,2022-11-09T16:52:42.292783+00:00
1336,5390890277,4.5,10.5,buy,False,2022-11-09T16:52:36.442147+00:00
1337,5390888544,4.5,22.9,buy,False,2022-11-09T16:52:27.192261+00:00
1338,5390887870,4.4935,20.0,buy,False,2022-11-09T16:52:21.428505+00:00
1339,5390886525,4.4935,18.2,buy,False,2022-11-09T16:52:12.240632+00:00
1340,5390885802,4.4715,17.0,buy,False,2022-11-09T16:52:06.524816+00:00
1341,5390884460,4.4715,18.1,buy,False,2022-11-09T16:51:57.292080+00:00
1342,5390877862,4.5,24.4,buy,False,2022-11-09T16:51:21.428612+00:00
1343,5390875760,4.5,17.5,buy,False,2022-11-09T16:51:12.414305+00:00
1344,5390874711,4.5,16.2,buy,False,2022-11-09T16:51:06.360145+00:00
1345,5390873157,4.5,24.2,buy,False,2022-11-09T16:50:57.182684+00:00
1346,5390872305,4.5,17.7,buy,False,2022-11-09T16:50:51.526898+00:00
1347,5390870051,4.5,12.5,buy,False,2022-11-09T16:50:42.276016+00:00
1348,5390869304,4.5,18.7,buy,False,2022-11-09T16:50:36.473665+00:00
1349,5390867993,4.5,22.4,buy,False,2022-11-09T16:50:27.356863+00:00
1350,5390867084,4.5,21.3,buy,False,2022-11-09T16:50:21.482130+00:00
1351,5390865402,4.4935,26.0,buy,False,2022-11-09T16:50:12.292317+00:00
1352,5390864047,4.4935,16.6,buy,False,2022-11-09T16:50:06.444108+00:00
1353,5390861931,4.4715,25.1,buy,False,2022-11-09T16:49:57.184520+00:00
1354,5390860728,4.4715,16.7,buy,False,2022-11-09T16:49:51.381590+00:00
1355,5390771086,4.545,9.0,buy,False,2022-11-09T16:43:36.905361+00:00
1356,5390771085,4.4615,12.8,buy,False,2022-11-09T16:43:36.905361+00:00
1357,5390765611,4.4615,9.0,buy,False,2022-11-09T16:43:27.316047+00:00
1358,5390762073,4.4615,15.3,buy,False,2022-11-09T16:43:21.374902+00:00
1359,5390760267,4.4615,18.7,buy,False,2022-11-09T16:43:12.167525+00:00
1360,5390758574,4.4615,9.5,buy,False,2022-11-09T16:43:06.507716+00:00
1361,5390730783,4.47,23.6,sell,False,2022-11-09T16:41:25.502486+00:00
1362,5390729634,4.545,18.2,buy,False,2022-11-09T16:41:21.464988+00:00
1363,5390725376,4.545,18.9,buy,False,2022-11-09T16:41:12.147918+00:00
1364,5390725375,4.545,0.8,buy,False,2022-11-09T16:41:12.147918+00:00
1365,5390724185,4.47,40.8,sell,False,2022-11-09T16:41:09.902449+00:00
1366,5390723161,4.545,15.1,buy,False,2022-11-09T16:41:06.541303+00:00
1367,5390720305,4.545,15.1,buy,False,2022-11-09T16:40:57.368227+00:00
1368,5390718307,4.5155,18.5,buy,False,2022-11-09T16:40:51.399258+00:00
1369,5390718139,4.47,38.5,sell,False,2022-11-09T16:40:50.714365+00:00
1370,5390716095,4.5155,13.9,buy,False,2022-11-09T16:40:42.256463+00:00
1371,5390714741,4.5155,13.4,buy,False,2022-11-09T16:40:36.581753+00:00
1372,5390712151,4.5155,9.3,buy,False,2022-11-09T16:40:27.151053+00:00
1373,5390709608,4.5155,18.4,buy,False,2022-11-09T16:40:21.424655+00:00
1374,5390705777,4.5155,14.4,buy,False,2022-11-09T16:40:12.300957+00:00
1375,5390704517,4.4935,18.9,buy,False,2022-11-09T16:40:06.362198+00:00
1376,5390704322,4.47,20.4,sell,False,2022-11-09T16:40:05.393028+00:00
1377,5390703515,4.49,2.3,sell,False,2022-11-09T16:40:00.885769+00:00
1378,5390703231,4.49,2.2,sell,False,2022-11-09T16:39:59.726712+00:00
1379,5390703022,4.49,2.2,sell,False,2022-11-09T16:39:58.566250+00:00
1380,5390702804,4.49,2.4,sell,False,2022-11-09T16:39:57.337945+00:00
1381,5390702774,4.545,14.9,buy,False,2022-11-09T16:39:57.170376+00:00
1382,5390702425,4.49,2.2,sell,False,2022-11-09T16:39:56.108526+00:00
1383,5390702249,4.49,2.3,sell,False,2022-11-09T16:39:54.932164+00:00
1384,5390702027,4.49,2.3,sell,False,2022-11-09T16:39:53.707237+00:00
1385,5390701821,4.49,2.5,sell,False,2022-11-09T16:39:52.501380+00:00
1386,5390701529,4.545,18.7,buy,False,2022-11-09T16:39:51.413118+00:00
1387,5390701479,4.49,2.2,sell,False,2022-11-09T16:39:51.285759+00:00
1388,5390701276,4.49,4.7,sell,False,2022-11-09T16:39:50.178939+00:00
1389,5390699452,4.545,9.6,buy,False,2022-11-09T16:39:42.329945+00:00
1390,5390698413,4.545,18.7,buy,False,2022-11-09T16:39:36.565137+00:00
1391,5390698055,4.49,66.7,sell,False,2022-11-09T16:39:35.003770+00:00
1392,5390696251,4.545,10.0,buy,False,2022-11-09T16:39:27.330058+00:00
1393,5390696250,4.545,4.5,buy,False,2022-11-09T16:39:27.330058+00:00
1394,5390694725,4.545,16.8,buy,False,2022-11-09T16:39:21.400775+00:00
1395,5390692688,4.545,12.3,buy,False,2022-11-09T16:39:12.221842+00:00
1396,5390691290,4.545,10.0,buy,False,2022-11-09T16:39:06.353536+00:00
1397,5390689156,4.545,14.9,buy,False,2022-11-09T16:38:57.164114+00:00
1398,5390687931,4.545,7.7,buy,False,2022-11-09T16:38:51.505446+00:00
1399,5390685653,4.545,10.6,buy,False,2022-11-09T16:38:42.459579+00:00
1400,5390684388,4.545,12.7,buy,False,2022-11-09T16:38:36.470192+00:00
1401,5390681366,4.545,13.4,buy,False,2022-11-09T16:38:27.250204+00:00
1402,5390681365,4.545,0.6,buy,False,2022-11-09T16:38:27.250204+00:00
1403,5390680654,4.545,4.7,buy,False,2022-11-09T16:38:21.373981+00:00
1404,5390680653,4.5155,5.2,buy,False,2022-11-09T16:38:21.373981+00:00
1405,5390678486,4.5155,10.9,buy,False,2022-11-09T16:38:12.653660+00:00
1406,5390677063,4.5155,10.0,buy,False,2022-11-09T16:38:06.486724+00:00
1407,5390675276,4.5155,12.9,buy,False,2022-11-09T16:37:57.291462+00:00
1408,5390674235,4.5155,16.4,buy,False,2022-11-09T16:37:51.868176+00:00
1409,5390671766,4.4935,20.8,buy,False,2022-11-09T16:37:42.364525+00:00
1410,5390670794,4.4935,17.7,buy,False,2022-11-09T16:37:36.421876+00:00
1411,5390668838,4.4935,11.4,buy,False,2022-11-09T16:37:27.231157+00:00
1412,5390667466,4.4935,14.1,buy,False,2022-11-09T16:37:21.389605+00:00
1413,5390665823,4.4935,13.9,buy,False,2022-11-09T16:37:12.488243+00:00
1414,5390664267,4.4935,14.2,buy,False,2022-11-09T16:37:06.529129+00:00
1415,5390662751,4.4935,14.0,buy,False,2022-11-09T16:36:57.306229+00:00
1416,5390661786,4.5155,18.7,buy,False,2022-11-09T16:36:51.371459+00:00
1417,5390659743,4.5155,7.3,buy,False,2022-11-09T16:36:42.332622+00:00
1418,5390658663,4.5155,10.9,buy,False,2022-11-09T16:36:36.347619+00:00
1419,5390656651,4.4935,19.9,buy,False,2022-11-09T16:36:27.427516+00:00
1420,5390655675,4.4935,13.6,buy,False,2022-11-09T16:36:21.534221+00:00
1421,5390653361,4.5155,10.3,buy,False,2022-11-09T16:36:12.285141+00:00
1422,5390652349,4.5155,18.5,buy,False,2022-11-09T16:36:06.371036+00:00
1423,5390650217,4.48,42.2,sell,False,2022-11-09T16:35:57.310546+00:00
1424,5390650191,4.545,14.1,buy,False,2022-11-09T16:35:57.179820+00:00
1425,5390648992,4.545,10.2,buy,False,2022-11-09T16:35:51.359719+00:00
1426,5390646685,4.545,12.6,buy,False,2022-11-09T16:35:42.145661+00:00
1427,5390646492,4.48,43.7,sell,False,2022-11-09T16:35:40.832633+00:00
1428,5390646491,4.48,0.4,sell,False,2022-11-09T16:35:40.832633+00:00
1429,5390645192,4.545,17.5,buy,False,2022-11-09T16:35:36.355933+00:00
1430,5390642725,4.545,14.8,buy,False,2022-11-09T16:35:27.228239+00:00
1431,5390642353,4.48,39.7,sell,False,2022-11-09T16:35:25.207933+00:00
