,id,price,size,side,liquidation,time
0,5400685839,31.0,0.49,buy,False,2022-11-10T08:25:20.288659+00:00
1,5400685610,31.0,1.14,buy,False,2022-11-10T08:25:18.125720+00:00
2,5400685303,31.0,1.28,buy,False,2022-11-10T08:25:15.604817+00:00
3,5400684639,31.0,1.41,buy,False,2022-11-10T08:25:10.656084+00:00
4,5400671033,31.0,1.11,buy,False,2022-11-10T08:23:19.891462+00:00
5,5400671032,31.0,0.47,buy,False,2022-11-10T08:23:19.891462+00:00
6,5400662826,31.0,0.32,buy,False,2022-11-10T08:22:13.878121+00:00
7,5400660284,25.0,44.99,sell,False,2022-11-10T08:21:55.514740+00:00
8,5400641411,31.0,3.29,buy,False,2022-11-10T08:19:53.455816+00:00
9,5400641410,30.9975,3.11,buy,False,2022-11-10T08:19:53.455816+00:00
10,5400379008,25.0,0.01,sell,False,2022-11-10T07:48:46.113331+00:00
11,5400032007,25.0,5.83,sell,False,2022-11-10T07:06:52.732926+00:00
12,5399528571,25.0,8.0,sell,False,2022-11-10T06:11:03.053919+00:00
13,5399524306,25.0,35.26,sell,False,2022-11-10T06:10:15.093665+00:00
14,5399522647,25.0,1.0,sell,False,2022-11-10T06:09:57.542927+00:00
15,5399513526,25.0,1.0,sell,False,2022-11-10T06:08:15.131571+00:00
16,5399504399,25.0,0.51,sell,False,2022-11-10T06:06:59.230789+00:00
17,5399473690,25.0,31.94,sell,False,2022-11-10T06:01:55.803671+00:00
18,5399368413,25.0,3.04,sell,False,2022-11-10T05:45:56.546466+00:00
19,5399141849,31.9975,0.31,buy,False,2022-11-10T05:16:05.281548+00:00
20,5398872335,32.0,551.33,sell,False,2022-11-10T04:35:59.808827+00:00
21,5398631163,32.0,9.99,sell,False,2022-11-10T03:49:45.794722+00:00
22,5398631162,32.0025,0.01,sell,False,2022-11-10T03:49:45.794722+00:00
23,5398519672,32.0,161.88,sell,False,2022-11-10T03:36:27.075100+00:00
24,5398519671,32.0025,3.42,sell,False,2022-11-10T03:36:27.075100+00:00
25,5398403687,32.0,0.38,sell,False,2022-11-10T03:21:35.897442+00:00
26,5398400898,32.0,64.95,sell,False,2022-11-10T03:21:13.116920+00:00
27,5398385002,32.0,1.0,buy,False,2022-11-10T03:19:31.671922+00:00
28,5398159446,32.3625,0.62,sell,False,2022-11-10T02:47:07.148760+00:00
29,5398110816,33.0,0.31,buy,False,2022-11-10T02:37:21.599297+00:00
30,5398105918,28.535,2.58,buy,True,2022-11-10T02:36:38.461475+00:00
31,5398000948,25.0,0.67,sell,False,2022-11-10T02:17:43.135209+00:00
32,5398000947,27.3775,0.14,sell,False,2022-11-10T02:17:43.135209+00:00
33,5397998206,27.3775,0.67,sell,False,2022-11-10T02:17:09.183191+00:00
34,5397992021,27.96,0.76,sell,False,2022-11-10T02:15:55.217693+00:00
35,5397990299,28.5425,0.71,sell,False,2022-11-10T02:15:37.387279+00:00
36,5397981984,33.5,0.05,buy,False,2022-11-10T02:14:23.681505+00:00
37,5397977348,28.775,0.05,buy,False,2022-11-10T02:13:42.888002+00:00
38,5397972890,28.625,0.05,buy,False,2022-11-10T02:13:05.320373+00:00
39,5397967057,28.45,0.05,buy,False,2022-11-10T02:12:21.530333+00:00
40,5397962984,28.3,0.05,buy,False,2022-11-10T02:11:46.503865+00:00
41,5397959170,28.125,0.05,buy,False,2022-11-10T02:11:02.612326+00:00
42,5397956137,27.975,0.05,buy,False,2022-11-10T02:10:23.655870+00:00
43,5397952063,27.805,11.28,buy,False,2022-11-10T02:09:38.427859+00:00
44,5397948005,27.45,1.0,buy,False,2022-11-10T02:09:03.762920+00:00
45,5397947091,27.45,6.56,buy,False,2022-11-10T02:08:51.693208+00:00
46,5397947090,27.2,1.0,buy,False,2022-11-10T02:08:51.693208+00:00
47,5397574480,27.0,49.02,buy,False,2022-11-10T01:26:09.557019+00:00
48,5397574479,26.95,0.99,buy,False,2022-11-10T01:26:09.557019+00:00
49,5397574478,25.0,99.99,buy,False,2022-11-10T01:26:09.557019+00:00
50,5396398853,22.7,132.92,sell,False,2022-11-09T23:29:35.798356+00:00
51,5396394338,21.92,10.03,buy,False,2022-11-09T23:29:13.876183+00:00
52,5395953749,27.805,3.25,buy,False,2022-11-09T22:58:15.599630+00:00
53,5395953748,27.8,0.05,buy,False,2022-11-09T22:58:15.599630+00:00
54,5395953747,27.65,0.05,buy,False,2022-11-09T22:58:15.599630+00:00
55,5395953746,27.475,0.05,buy,False,2022-11-09T22:58:15.599630+00:00
56,5395953745,27.325,0.05,buy,False,2022-11-09T22:58:15.599630+00:00
57,5395953744,27.15,0.05,buy,False,2022-11-09T22:58:15.599630+00:00
58,5395953743,27.0,0.05,buy,False,2022-11-09T22:58:15.599630+00:00
59,5395953742,26.825,0.05,buy,False,2022-11-09T22:58:15.599630+00:00
60,5395953741,26.675,0.05,buy,False,2022-11-09T22:58:15.599630+00:00
61,5395953740,26.525,0.05,buy,False,2022-11-09T22:58:15.599630+00:00
62,5395953739,26.35,0.05,buy,False,2022-11-09T22:58:15.599630+00:00
63,5395953738,26.2,0.05,buy,False,2022-11-09T22:58:15.599630+00:00
64,5395953737,26.025,0.03,buy,False,2022-11-09T22:58:15.599630+00:00
65,5395953736,25.875,0.05,buy,False,2022-11-09T22:58:15.599630+00:00
66,5395953735,25.7,0.05,buy,False,2022-11-09T22:58:15.599630+00:00
67,5395953734,25.55,0.05,buy,False,2022-11-09T22:58:15.599630+00:00
68,5395953733,25.375,0.05,buy,False,2022-11-09T22:58:15.599630+00:00
69,5395891806,25.225,305.73,buy,False,2022-11-09T22:50:40.450850+00:00
70,5395891805,25.225,0.05,buy,False,2022-11-09T22:50:40.450850+00:00
71,5395891804,25.05,0.15,buy,False,2022-11-09T22:50:40.450850+00:00
72,5395891803,25.05,0.05,buy,False,2022-11-09T22:50:40.450850+00:00
73,5395891802,23.7425,0.34,buy,False,2022-11-09T22:50:40.450850+00:00
74,5395890953,23.7425,110.58,buy,False,2022-11-09T22:50:34.779120+00:00
75,5395890952,23.7425,226.89,buy,False,2022-11-09T22:50:34.779120+00:00
76,5395890951,23.5,0.34,buy,False,2022-11-09T22:50:34.779120+00:00
77,5395886878,23.625,30.0,buy,False,2022-11-09T22:50:07.092898+00:00
78,5395886877,18.9,0.11,buy,False,2022-11-09T22:50:07.092898+00:00
79,5395565319,23.7425,51.97,buy,False,2022-11-09T22:22:29.376046+00:00
80,5395023557,23.025,0.01,sell,False,2022-11-09T21:46:01.761666+00:00
81,5394905535,18.0,31.4,buy,False,2022-11-09T21:39:23.394849+00:00
82,5394905534,17.9975,6.09,buy,False,2022-11-09T21:39:23.394849+00:00
83,5394664106,17.9975,0.01,buy,False,2022-11-09T21:27:11.202822+00:00
84,5392716160,22.0,0.33,sell,False,2022-11-09T18:57:04.981076+00:00
85,5392715156,22.0,0.98,sell,False,2022-11-09T18:56:59.869255+00:00
86,5392713975,22.0,0.93,sell,False,2022-11-09T18:56:55.120616+00:00
87,5392713036,22.0,0.88,sell,False,2022-11-09T18:56:50.262886+00:00
88,5392711500,22.0,0.9,sell,False,2022-11-09T18:56:45.498739+00:00
89,5392710219,22.0,1.05,sell,False,2022-11-09T18:56:40.065344+00:00
90,5392708915,22.0,0.8,sell,False,2022-11-09T18:56:35.862142+00:00
91,5392707770,22.0,0.83,sell,False,2022-11-09T18:56:31.358796+00:00
92,5392706722,22.0,0.98,sell,False,2022-11-09T18:56:26.261458+00:00
93,5392705859,22.0,0.95,sell,False,2022-11-09T18:56:21.452939+00:00
94,5392704887,22.0,0.84,sell,False,2022-11-09T18:56:16.975654+00:00
95,5392703722,22.0,1.1,sell,False,2022-11-09T18:56:11.260565+00:00
96,5392702657,22.0,1.05,sell,False,2022-11-09T18:56:05.888080+00:00
97,5392701196,22.0,1.1,sell,False,2022-11-09T18:56:00.205643+00:00
98,5392700027,22.0,0.82,sell,False,2022-11-09T18:55:55.683683+00:00
99,5392698688,22.0,0.75,sell,False,2022-11-09T18:55:51.766191+00:00
100,5392697815,22.0,0.61,sell,False,2022-11-09T18:55:48.160697+00:00
101,5392697230,22.0,0.52,sell,False,2022-11-09T18:55:45.476913+00:00
102,5392696978,22.0,0.47,sell,False,2022-11-09T18:55:44.218134+00:00
103,5392696869,22.0,0.48,sell,False,2022-11-09T18:55:43.658290+00:00
104,5392696728,22.0,0.45,sell,False,2022-11-09T18:55:43.094173+00:00
105,5392696608,22.0,0.46,sell,False,2022-11-09T18:55:42.557248+00:00
106,5392696507,22.0,0.45,sell,False,2022-11-09T18:55:41.997755+00:00
107,5392696223,22.0,0.45,sell,False,2022-11-09T18:55:40.724031+00:00
108,5392510835,21.9,2.0,sell,False,2022-11-09T18:45:10.959065+00:00
109,5392508820,21.9,2.0,sell,False,2022-11-09T18:45:03.813622+00:00
110,5392504360,21.98,0.41,sell,False,2022-11-09T18:44:52.121156+00:00
111,5392503698,21.98,0.45,sell,False,2022-11-09T18:44:50.642775+00:00
112,5392502942,21.98,0.47,sell,False,2022-11-09T18:44:48.834584+00:00
113,5392501981,21.98,0.51,sell,False,2022-11-09T18:44:47.017281+00:00
114,5392500660,21.98,0.16,sell,False,2022-11-09T18:44:44.367894+00:00
115,5392500659,21.9925,0.34,sell,False,2022-11-09T18:44:44.367894+00:00
116,5392499863,21.9925,0.46,sell,False,2022-11-09T18:44:42.840381+00:00
117,5392499102,21.9925,0.45,sell,False,2022-11-09T18:44:41.431500+00:00
118,5392498074,21.9925,0.47,sell,False,2022-11-09T18:44:39.899837+00:00
119,5392496956,21.9925,0.28,sell,False,2022-11-09T18:44:37.741147+00:00
120,5392496955,21.9975,0.18,sell,False,2022-11-09T18:44:37.741147+00:00
121,5392496157,21.9975,0.5,sell,False,2022-11-09T18:44:35.980651+00:00
122,5392495603,21.9975,0.47,sell,False,2022-11-09T18:44:34.416288+00:00
123,5392495085,21.9975,0.49,sell,False,2022-11-09T18:44:32.668954+00:00
124,5392494515,21.9975,0.36,sell,False,2022-11-09T18:44:30.824822+00:00
125,5392494514,22.0,0.16,sell,False,2022-11-09T18:44:30.824822+00:00
126,5392493887,22.0,0.46,sell,False,2022-11-09T18:44:29.328747+00:00
127,5392493393,22.0,0.48,sell,False,2022-11-09T18:44:27.824344+00:00
128,5392492801,22.0,0.45,sell,False,2022-11-09T18:44:26.228986+00:00
129,5392492260,22.0,0.45,sell,False,2022-11-09T18:44:24.533751+00:00
130,5392490668,22.0825,0.05,sell,False,2022-11-09T18:44:20.028507+00:00
131,5392490109,22.0825,0.47,sell,False,2022-11-09T18:44:18.870011+00:00
132,5392489615,22.0825,0.45,sell,False,2022-11-09T18:44:17.642896+00:00
133,5392489281,22.0825,0.48,sell,False,2022-11-09T18:44:16.744898+00:00
134,5392488819,22.0825,0.55,sell,False,2022-11-09T18:44:15.556714+00:00
135,5392488627,22.085,0.13,sell,False,2022-11-09T18:44:14.912611+00:00
136,5392488284,22.085,0.47,sell,False,2022-11-09T18:44:13.745458+00:00
137,5392487984,22.085,0.47,sell,False,2022-11-09T18:44:12.224819+00:00
138,5392487639,22.085,0.47,sell,False,2022-11-09T18:44:10.719827+00:00
139,5392487304,22.085,0.46,sell,False,2022-11-09T18:44:09.592832+00:00
140,5392487303,22.0875,0.03,sell,False,2022-11-09T18:44:09.592832+00:00
141,5392487133,22.0875,0.47,sell,False,2022-11-09T18:44:08.946358+00:00
142,5392486820,22.0875,0.56,sell,False,2022-11-09T18:44:07.728502+00:00
143,5392486361,22.0875,0.54,sell,False,2022-11-09T18:44:05.909034+00:00
144,5392486125,22.0875,0.4,sell,False,2022-11-09T18:44:04.713257+00:00
145,5392486124,22.09,0.05,sell,False,2022-11-09T18:44:04.713257+00:00
146,5392485875,22.09,0.48,sell,False,2022-11-09T18:44:03.535119+00:00
147,5392485454,22.09,0.54,sell,False,2022-11-09T18:44:01.784844+00:00
148,5392485218,22.09,0.48,sell,False,2022-11-09T18:44:00.505103+00:00
149,5392484840,22.09,0.45,sell,False,2022-11-09T18:43:59.325867+00:00
150,5392484839,22.0925,0.12,sell,False,2022-11-09T18:43:59.325867+00:00
151,5392484641,22.0925,0.49,sell,False,2022-11-09T18:43:58.122805+00:00
152,5392484375,22.0925,0.49,sell,False,2022-11-09T18:43:56.955920+00:00
153,5392484146,22.0925,0.45,sell,False,2022-11-09T18:43:56.020763+00:00
154,5392483901,22.0925,0.45,sell,False,2022-11-09T18:43:55.155820+00:00
155,5392483735,22.095,0.12,sell,False,2022-11-09T18:43:54.516016+00:00
156,5392483528,22.095,0.46,sell,False,2022-11-09T18:43:53.633552+00:00
157,5392483295,22.095,0.45,sell,False,2022-11-09T18:43:52.497970+00:00
158,5392482956,22.095,0.52,sell,False,2022-11-09T18:43:51.577148+00:00
159,5392482574,22.095,0.45,sell,False,2022-11-09T18:43:50.374779+00:00
160,5392482028,22.095,2.0,sell,False,2022-11-09T18:43:48.286715+00:00
161,5392480949,22.0975,0.51,sell,False,2022-11-09T18:43:45.159889+00:00
162,5392480585,22.0975,0.47,sell,False,2022-11-09T18:43:44.276743+00:00
163,5392480196,22.0975,0.53,sell,False,2022-11-09T18:43:43.130488+00:00
164,5392479793,22.0975,0.49,sell,False,2022-11-09T18:43:41.629244+00:00
165,5392479792,22.1,0.02,sell,False,2022-11-09T18:43:41.629244+00:00
166,5392479564,22.1,0.48,sell,False,2022-11-09T18:43:40.442665+00:00
167,5392479255,22.1,0.52,sell,False,2022-11-09T18:43:39.240071+00:00
168,5392478808,22.1,0.45,sell,False,2022-11-09T18:43:38.031725+00:00
169,5392478550,22.1,0.47,sell,False,2022-11-09T18:43:37.119641+00:00
170,5392477923,22.1,0.06,sell,False,2022-11-09T18:43:35.925725+00:00
171,5392477922,22.1,0.48,sell,False,2022-11-09T18:43:35.925725+00:00
172,5392477488,22.1,0.56,sell,False,2022-11-09T18:43:34.839388+00:00
173,5392476701,22.1,0.96,sell,False,2022-11-09T18:43:32.284405+00:00
174,5392476253,22.1,0.36,sell,False,2022-11-09T18:43:30.508631+00:00
175,5392475648,22.1,1.64,sell,False,2022-11-09T18:43:28.421777+00:00
176,5392474273,22.15,0.13,sell,False,2022-11-09T18:43:24.231122+00:00
177,5392474138,22.15,0.48,sell,False,2022-11-09T18:43:23.337981+00:00
178,5392473928,22.15,0.47,sell,False,2022-11-09T18:43:22.447354+00:00
179,5392473545,22.15,0.45,sell,False,2022-11-09T18:43:21.539388+00:00
180,5392473399,22.15,0.47,sell,False,2022-11-09T18:43:20.611697+00:00
181,5392473102,22.2,0.1,sell,False,2022-11-09T18:43:18.828596+00:00
182,5392472954,22.2,0.45,sell,False,2022-11-09T18:43:17.942274+00:00
183,5392472062,22.2,3.45,sell,False,2022-11-09T18:43:14.703674+00:00
184,5392471670,22.28,4.0,sell,False,2022-11-09T18:43:13.225237+00:00
185,5392470722,22.28,0.89,sell,False,2022-11-09T18:43:10.018069+00:00
186,5392470530,22.28,4.11,sell,False,2022-11-09T18:43:09.406851+00:00
187,5392392046,21.405,0.02,sell,True,2022-11-09T18:38:27.339578+00:00
188,5392356564,20.615,5.49,sell,True,2022-11-09T18:36:32.010453+00:00
189,5392354001,21.445,3.14,sell,False,2022-11-09T18:36:21.668964+00:00
190,5392354000,21.515,14.49,sell,False,2022-11-09T18:36:21.668964+00:00
191,5391820897,21.545,3.81,sell,False,2022-11-09T18:03:33.952992+00:00
192,5391820896,21.6025,11.88,sell,False,2022-11-09T18:03:33.952992+00:00
193,5391523569,21.7275,3.0,sell,False,2022-11-09T17:44:16.108762+00:00
194,5391355901,21.9,2.0,buy,False,2022-11-09T17:32:48.401677+00:00
195,5391282549,21.72,38.17,sell,False,2022-11-09T17:27:38.767380+00:00
196,5391282548,21.8075,13.24,sell,False,2022-11-09T17:27:38.767380+00:00
197,5391282547,21.81,1.63,sell,False,2022-11-09T17:27:38.767380+00:00
198,5391098602,22.0175,3.48,sell,False,2022-11-09T17:11:30.661956+00:00
199,5390813249,21.84,4.47,sell,False,2022-11-09T16:45:38.996025+00:00
200,5390681417,22.4825,2.0,buy,False,2022-11-09T16:38:27.593198+00:00
201,5390597326,22.4375,29.63,buy,False,2022-11-09T16:32:25.426761+00:00
202,5390597325,22.435,1.6,buy,False,2022-11-09T16:32:25.426761+00:00
203,5390558913,21.7775,0.28,sell,True,2022-11-09T16:30:05.521712+00:00
204,5390526388,21.7975,1.6,sell,True,2022-11-09T16:28:45.782979+00:00
205,5390271573,22.0,0.05,sell,False,2022-11-09T16:12:57.112308+00:00
206,5390253239,22.15,0.05,sell,False,2022-11-09T16:11:44.003353+00:00
207,5390161539,22.3,0.05,sell,False,2022-11-09T16:06:02.947546+00:00
208,5390066950,22.475,0.05,sell,False,2022-11-09T16:01:18.294196+00:00
209,5390045508,23.5075,1.93,buy,False,2022-11-09T16:00:30.275515+00:00
210,5390045507,23.505,5.07,buy,False,2022-11-09T16:00:30.275515+00:00
211,5389889086,23.505,0.44,buy,False,2022-11-09T15:52:13.851966+00:00
212,5389733257,22.4925,0.03,sell,True,2022-11-09T15:44:44.721611+00:00
213,5389716172,22.4925,4.27,sell,False,2022-11-09T15:44:12.437944+00:00
214,5389716171,22.625,0.05,sell,False,2022-11-09T15:44:12.437944+00:00
215,5389456181,22.8225,1.38,sell,True,2022-11-09T15:34:35.679701+00:00
216,5389454762,22.8,0.05,sell,True,2022-11-09T15:34:32.729971+00:00
217,5389438889,22.95,0.05,sell,True,2022-11-09T15:33:55.172659+00:00
218,5389354160,23.09,0.01,sell,False,2022-11-09T15:27:30.069350+00:00
219,5389011776,23.7425,0.66,buy,False,2022-11-09T14:55:24.164028+00:00
220,5389010928,23.7425,0.58,buy,False,2022-11-09T14:55:18.420972+00:00
221,5389010830,23.7425,0.59,buy,False,2022-11-09T14:55:17.882001+00:00
222,5389010210,23.7425,0.55,buy,False,2022-11-09T14:55:14.309281+00:00
223,5389009647,23.7425,0.61,buy,False,2022-11-09T14:55:10.665644+00:00
224,5389009015,23.7425,0.55,buy,False,2022-11-09T14:55:07.426208+00:00
225,5389008820,23.7425,0.44,buy,False,2022-11-09T14:55:06.127278+00:00
226,5389008709,23.7425,0.4,buy,False,2022-11-09T14:55:05.595365+00:00
227,5389007648,23.7425,0.41,buy,False,2022-11-09T14:54:58.393393+00:00
228,5389007350,23.7425,0.41,buy,False,2022-11-09T14:54:56.054253+00:00
229,5389006838,23.7425,0.4,buy,False,2022-11-09T14:54:53.352844+00:00
230,5389005959,23.7425,0.43,buy,False,2022-11-09T14:54:48.400692+00:00
231,5389005794,23.7425,0.52,buy,False,2022-11-09T14:54:47.871779+00:00
232,5389004252,23.7425,0.52,buy,False,2022-11-09T14:54:41.611541+00:00
233,5389003837,23.7425,0.76,buy,False,2022-11-09T14:54:40.978826+00:00
234,5389003300,23.7425,0.47,buy,False,2022-11-09T14:54:39.138352+00:00
235,5389003153,23.7425,0.41,buy,False,2022-11-09T14:54:38.559822+00:00
236,5389003039,23.7425,0.43,buy,False,2022-11-09T14:54:38.018061+00:00
237,5389002861,23.7425,0.43,buy,False,2022-11-09T14:54:37.475893+00:00
238,5389002655,23.7425,0.44,buy,False,2022-11-09T14:54:36.935726+00:00
239,5389002545,23.7425,0.41,buy,False,2022-11-09T14:54:36.396140+00:00
240,5388995237,23.7425,0.44,buy,False,2022-11-09T14:54:06.330476+00:00
241,5388980120,23.7425,0.44,buy,False,2022-11-09T14:52:44.268203+00:00
242,5388979490,23.7425,0.56,buy,False,2022-11-09T14:52:40.970716+00:00
243,5388978951,23.7425,0.44,buy,False,2022-11-09T14:52:38.271807+00:00
244,5388977586,23.7425,1.06,buy,False,2022-11-09T14:52:32.479011+00:00
245,5388975827,23.7425,1.03,buy,False,2022-11-09T14:52:25.047996+00:00
246,5388975735,23.7425,0.81,buy,False,2022-11-09T14:52:24.511948+00:00
247,5388975602,23.7425,0.82,buy,False,2022-11-09T14:52:23.975750+00:00
248,5388975508,23.7425,0.76,buy,False,2022-11-09T14:52:23.418215+00:00
249,5388968338,23.7425,0.41,buy,False,2022-11-09T14:51:51.496109+00:00
250,5388967715,23.7425,0.41,buy,False,2022-11-09T14:51:48.757036+00:00
251,5388967395,23.7425,0.4,buy,False,2022-11-09T14:51:46.844524+00:00
252,5388966237,23.7425,0.85,buy,False,2022-11-09T14:51:41.471969+00:00
253,5388966156,23.7425,0.82,buy,False,2022-11-09T14:51:40.929756+00:00
254,5388966065,23.7425,0.43,buy,False,2022-11-09T14:51:40.390824+00:00
255,5388966005,23.7425,0.41,buy,False,2022-11-09T14:51:39.851079+00:00
256,5388965900,23.7425,0.4,buy,False,2022-11-09T14:51:39.303558+00:00
257,5388953100,23.7425,0.43,buy,False,2022-11-09T14:50:49.273888+00:00
258,5388953043,23.7425,0.41,buy,False,2022-11-09T14:50:48.660814+00:00
259,5388951761,23.7425,0.46,buy,False,2022-11-09T14:50:42.795687+00:00
260,5388951010,23.7425,0.52,buy,False,2022-11-09T14:50:39.761441+00:00
261,5388950263,23.7425,0.41,buy,False,2022-11-09T14:50:37.166389+00:00
262,5388949515,23.7425,0.44,buy,False,2022-11-09T14:50:34.361253+00:00
263,5388948724,23.7425,0.47,buy,False,2022-11-09T14:50:31.345031+00:00
264,5388947738,23.7425,0.55,buy,False,2022-11-09T14:50:28.067176+00:00
265,5388946047,23.7425,0.8,buy,False,2022-11-09T14:50:23.574226+00:00
266,5388941540,23.7425,3.34,buy,False,2022-11-09T14:50:09.784877+00:00
267,5388937787,23.7425,2.63,buy,False,2022-11-09T14:49:58.060524+00:00
268,5388934825,23.7425,3.32,buy,False,2022-11-09T14:49:44.281207+00:00
269,5388930611,23.7425,4.34,buy,False,2022-11-09T14:49:28.196143+00:00
270,5388927305,23.7425,2.66,buy,False,2022-11-09T14:49:16.076287+00:00
271,5388925953,23.7425,0.56,buy,False,2022-11-09T14:49:10.018809+00:00
272,5388925839,23.7425,0.68,buy,False,2022-11-09T14:49:09.477273+00:00
273,5388924917,23.7425,0.65,buy,False,2022-11-09T14:49:05.587427+00:00
274,5388923534,23.7425,0.73,buy,False,2022-11-09T14:49:01.094253+00:00
275,5388920634,23.7425,2.19,buy,False,2022-11-09T14:48:50.877662+00:00
276,5388916994,23.7425,1.98,buy,False,2022-11-09T14:48:41.297952+00:00
277,5388914274,23.7425,1.88,buy,False,2022-11-09T14:48:31.976608+00:00
278,5388911969,23.7425,1.43,buy,False,2022-11-09T14:48:24.516254+00:00
279,5388909769,23.7425,1.26,buy,False,2022-11-09T14:48:17.867667+00:00
280,5388906072,23.7425,1.94,buy,False,2022-11-09T14:48:08.279835+00:00
281,5388903852,23.7425,0.93,buy,False,2022-11-09T14:47:59.845035+00:00
282,5388903690,23.7425,0.52,buy,False,2022-11-09T14:47:59.224606+00:00
283,5388903586,23.7425,0.47,buy,False,2022-11-09T14:47:58.686857+00:00
284,5388902479,23.7425,0.41,buy,False,2022-11-09T14:47:55.991861+00:00
285,5388902221,23.7425,0.44,buy,False,2022-11-09T14:47:55.460047+00:00
286,5388901955,23.7425,0.41,buy,False,2022-11-09T14:47:54.893732+00:00
287,5388901849,23.7425,0.42,buy,False,2022-11-09T14:47:54.286859+00:00
288,5388901758,23.7425,0.52,buy,False,2022-11-09T14:47:53.583634+00:00
289,5388895601,23.7425,0.73,buy,False,2022-11-09T14:47:31.071660+00:00
290,5388894140,23.7425,0.82,buy,False,2022-11-09T14:47:26.274732+00:00
291,5388892995,23.7425,0.8,buy,False,2022-11-09T14:47:21.803327+00:00
292,5388891553,23.7425,1.01,buy,False,2022-11-09T14:47:16.083132+00:00
293,5388889592,23.7425,1.43,buy,False,2022-11-09T14:47:08.596809+00:00
294,5388886529,23.7425,2.1,buy,False,2022-11-09T14:46:58.671280+00:00
295,5388884261,23.7425,1.81,buy,False,2022-11-09T14:46:49.674010+00:00
296,5388881731,23.7425,1.62,buy,False,2022-11-09T14:46:41.309362+00:00
297,5388878177,23.7425,1.71,buy,False,2022-11-09T14:46:32.862096+00:00
298,5388875154,23.7425,1.54,buy,False,2022-11-09T14:46:24.767237+00:00
299,5388872931,23.7425,1.06,buy,False,2022-11-09T14:46:19.075880+00:00
300,5388865992,23.7425,2.91,buy,False,2022-11-09T14:46:06.473406+00:00
301,5388858219,23.7425,4.45,buy,False,2022-11-09T14:45:49.965856+00:00
302,5388850742,23.7425,2.3,buy,False,2022-11-09T14:45:33.697605+00:00
303,5388850047,23.7425,2.25,buy,False,2022-11-09T14:45:33.165871+00:00
304,5388847298,23.7425,1.61,buy,False,2022-11-09T14:45:25.065348+00:00
305,5388846517,23.7425,0.73,buy,False,2022-11-09T14:45:22.739747+00:00
306,5388846399,23.7425,0.78,buy,False,2022-11-09T14:45:22.207181+00:00
307,5388846276,23.7425,0.63,buy,False,2022-11-09T14:45:21.640910+00:00
308,5388846123,23.7425,0.42,buy,False,2022-11-09T14:45:21.060941+00:00
309,5388819367,23.7425,1.34,buy,False,2022-11-09T14:44:14.960003+00:00
310,5388814980,23.7425,2.41,buy,False,2022-11-09T14:44:03.770467+00:00
311,5388812874,23.7425,2.21,buy,False,2022-11-09T14:43:53.583935+00:00
312,5388810694,23.7425,2.04,buy,False,2022-11-09T14:43:43.667591+00:00
313,5388808415,23.7425,1.57,buy,False,2022-11-09T14:43:35.585789+00:00
314,5388805384,23.7425,1.24,buy,False,2022-11-09T14:43:28.999854+00:00
315,5388803748,23.7425,0.98,buy,False,2022-11-09T14:43:23.283637+00:00
316,5388803605,23.7425,1.17,buy,False,2022-11-09T14:43:22.554338+00:00
317,5388803288,23.7425,0.64,buy,False,2022-11-09T14:43:20.285769+00:00
318,5388803222,23.7425,0.63,buy,False,2022-11-09T14:43:19.751487+00:00
319,5388492693,23.165,2.41,sell,False,2022-11-09T14:18:57.933227+00:00
320,5388492692,23.2925,63.38,sell,False,2022-11-09T14:18:57.933227+00:00
321,5388487869,22.985,63.23,sell,False,2022-11-09T14:18:23.685455+00:00
322,5388487868,23.125,0.05,sell,False,2022-11-09T14:18:23.685455+00:00
323,5388487867,23.275,0.05,sell,False,2022-11-09T14:18:23.685455+00:00
324,5388487866,23.45,0.05,sell,False,2022-11-09T14:18:23.685455+00:00
325,5388487865,23.6,0.05,sell,False,2022-11-09T14:18:23.685455+00:00
326,5388485997,23.6875,16.05,sell,False,2022-11-09T14:18:11.978712+00:00
327,5388485996,23.7475,20.39,sell,False,2022-11-09T14:18:11.978712+00:00
328,5388485995,23.775,0.05,sell,False,2022-11-09T14:18:11.978712+00:00
329,5388485994,23.925,0.05,sell,False,2022-11-09T14:18:11.978712+00:00
330,5388485993,24.1,0.05,sell,False,2022-11-09T14:18:11.978712+00:00
331,5387629948,24.1375,1.39,sell,False,2022-11-09T13:07:09.682770+00:00
332,5386178436,25.0075,0.1,buy,False,2022-11-09T11:28:42.143139+00:00
333,5386178435,24.9,0.05,buy,False,2022-11-09T11:28:42.143139+00:00
334,5386178434,24.725,0.05,buy,False,2022-11-09T11:28:42.143139+00:00
335,5384899001,24.1575,0.4,sell,False,2022-11-09T10:09:48.120675+00:00
336,5384858017,24.1575,1.61,sell,False,2022-11-09T10:07:15.702984+00:00
337,5384809610,24.17,7.87,sell,False,2022-11-09T10:03:56.028694+00:00
338,5384774264,24.175,7.51,sell,False,2022-11-09T10:01:40.168103+00:00
339,5382772965,24.18,5.69,sell,False,2022-11-09T07:51:55.449706+00:00
340,5382772964,24.25,0.05,sell,False,2022-11-09T07:51:55.449706+00:00
341,5382772963,24.36,24.63,sell,False,2022-11-09T07:51:55.449706+00:00
342,5382772962,24.43,11.53,sell,False,2022-11-09T07:51:55.449706+00:00
343,5381299220,24.3525,4.55,sell,False,2022-11-09T05:50:24.432782+00:00
344,5381299219,24.355,4.83,sell,False,2022-11-09T05:50:24.432782+00:00
345,5381299218,24.4,0.05,sell,False,2022-11-09T05:50:24.432782+00:00
346,5379512269,24.4825,9.06,sell,False,2022-11-09T03:14:34.474884+00:00
347,5378205633,24.4925,1.2,buy,False,2022-11-09T01:11:26.231335+00:00
348,5378205627,24.4925,27.85,sell,False,2022-11-09T01:11:26.137816+00:00
349,5378205626,24.57,11.89,sell,False,2022-11-09T01:11:26.137816+00:00
350,5378205625,24.575,0.05,sell,False,2022-11-09T01:11:26.137816+00:00
351,5378205624,24.725,0.05,sell,False,2022-11-09T01:11:26.137816+00:00
352,5377929196,24.9,0.05,sell,False,2022-11-09T00:46:41.475157+00:00
353,5377860691,25.2225,0.1,buy,False,2022-11-09T00:39:32.810807+00:00
354,5377860690,25.05,0.05,buy,False,2022-11-09T00:39:32.810807+00:00
355,5377842858,25.0,0.17,sell,False,2022-11-09T00:37:30.479822+00:00
356,5377842813,25.0,0.55,sell,False,2022-11-09T00:37:29.949427+00:00
357,5377816001,24.9,0.05,buy,False,2022-11-09T00:34:54.917882+00:00
358,5377816000,24.725,0.05,buy,False,2022-11-09T00:34:54.917882+00:00
359,5377815999,24.575,0.05,buy,False,2022-11-09T00:34:54.917882+00:00
360,5377702487,24.26,0.88,sell,False,2022-11-09T00:24:41.202309+00:00
361,5377702486,24.4,0.05,sell,False,2022-11-09T00:24:41.202309+00:00
362,5377702485,24.575,0.05,sell,False,2022-11-09T00:24:41.202309+00:00
363,5377685401,24.725,0.05,sell,False,2022-11-09T00:22:39.995104+00:00
364,5377381759,24.9,0.05,sell,False,2022-11-08T23:59:17.631143+00:00
365,5377376084,25.1875,13.96,buy,False,2022-11-08T23:58:49.953055+00:00
366,5377376083,25.05,0.05,buy,False,2022-11-08T23:58:49.953055+00:00
367,5377376082,24.9,0.05,buy,False,2022-11-08T23:58:49.953055+00:00
368,5377376081,24.725,0.05,buy,False,2022-11-08T23:58:49.953055+00:00
369,5377376080,24.575,0.05,buy,False,2022-11-08T23:58:49.953055+00:00
370,5377376079,24.4,0.05,buy,False,2022-11-08T23:58:49.953055+00:00
371,5377198015,24.2725,0.05,sell,False,2022-11-08T23:44:42.023352+00:00
372,5377185293,24.1,5.66,buy,False,2022-11-08T23:43:45.358857+00:00
373,5377183834,24.1,20.01,buy,False,2022-11-08T23:43:37.886194+00:00
374,5377183833,24.1,0.14,buy,False,2022-11-08T23:43:37.886194+00:00
375,5377183832,24.0975,5.66,buy,False,2022-11-08T23:43:37.886194+00:00
376,5377158852,24.1,0.05,buy,False,2022-11-08T23:41:54.471020+00:00
377,5377157966,24.1,0.05,sell,False,2022-11-08T23:41:50.690798+00:00
378,5376738095,24.4,0.05,buy,False,2022-11-08T23:14:07.258938+00:00
379,5376736874,24.2625,0.12,buy,False,2022-11-08T23:14:04.460685+00:00
380,5376732788,24.2625,2.47,buy,False,2022-11-08T23:13:45.464258+00:00
381,5376730073,24.2625,12.36,buy,False,2022-11-08T23:13:29.580070+00:00
382,5376575623,24.2275,9.0,sell,False,2022-11-08T23:01:55.729966+00:00
383,5375981865,24.1475,1.25,buy,False,2022-11-08T22:12:52.607861+00:00
384,5375981857,24.1475,30.3,sell,False,2022-11-08T22:12:52.535621+00:00
385,5375981856,24.2275,12.69,sell,False,2022-11-08T22:12:52.535621+00:00
386,5375955539,24.23,12.88,sell,False,2022-11-08T22:10:58.531965+00:00
387,5375884868,24.23,0.05,sell,False,2022-11-08T22:06:23.936035+00:00
388,5375884713,24.25,0.05,buy,False,2022-11-08T22:06:23.270157+00:00
389,5375883120,24.25,0.05,sell,False,2022-11-08T22:06:17.873758+00:00
390,5375328170,24.2475,0.87,sell,False,2022-11-08T21:33:45.612396+00:00
391,5375328169,24.32,11.52,sell,False,2022-11-08T21:33:45.612396+00:00
392,5375179368,24.2625,0.17,sell,False,2022-11-08T21:24:44.671527+00:00
393,5375179367,24.265,0.83,sell,False,2022-11-08T21:24:44.671527+00:00
394,5375148641,24.26,1.0,sell,False,2022-11-08T21:22:46.000150+00:00
395,5375131892,24.255,1.0,sell,False,2022-11-08T21:21:35.754047+00:00
396,5375118365,24.25,1.0,sell,False,2022-11-08T21:20:40.571726+00:00
397,5374213300,24.5875,2.79,buy,False,2022-11-08T20:30:59.881293+00:00
398,5374213299,24.575,0.05,buy,False,2022-11-08T20:30:59.881293+00:00
399,5374213298,24.4,0.05,buy,False,2022-11-08T20:30:59.881293+00:00
400,5374213297,24.25,0.05,buy,False,2022-11-08T20:30:59.881293+00:00
401,5374213296,24.0,1.0,buy,False,2022-11-08T20:30:59.881293+00:00
402,5372901571,23.7925,2.0,sell,False,2022-11-08T19:44:59.716963+00:00
403,5372825832,23.7425,0.09,sell,False,2022-11-08T19:42:29.095333+00:00
404,5372503862,23.61,0.18,buy,False,2022-11-08T19:35:00.919783+00:00
405,5372503295,23.61,0.41,buy,False,2022-11-08T19:35:00.388463+00:00
406,5372496371,23.61,0.41,buy,False,2022-11-08T19:34:55.322858+00:00
407,5372085106,23.475,6.6,sell,False,2022-11-08T19:29:14.015822+00:00
408,5372085105,23.6,0.05,sell,False,2022-11-08T19:29:14.015822+00:00
409,5372085104,23.7325,0.72,sell,False,2022-11-08T19:29:14.015822+00:00
410,5371178601,24.1575,3.0,sell,False,2022-11-08T19:05:33.372762+00:00
411,5371165390,24.1,0.05,buy,False,2022-11-08T19:05:06.163876+00:00
412,5371165389,23.925,0.05,buy,False,2022-11-08T19:05:06.163876+00:00
413,5371071995,23.7325,0.87,sell,True,2022-11-08T19:01:33.282224+00:00
414,5370664224,23.74,4.84,sell,False,2022-11-08T18:48:51.448923+00:00
415,5370664223,23.775,0.05,sell,False,2022-11-08T18:48:51.448923+00:00
416,5370664222,23.925,0.05,sell,False,2022-11-08T18:48:51.448923+00:00
417,5370379451,23.985,73.86,sell,False,2022-11-08T18:39:44.403556+00:00
418,5370379450,24.03,11.58,sell,False,2022-11-08T18:39:44.403556+00:00
419,5370119011,23.9475,3.99,sell,True,2022-11-08T18:32:07.911978+00:00
420,5370074040,23.9675,68.64,sell,False,2022-11-08T18:30:43.911190+00:00
421,5370074039,24.1,0.05,sell,False,2022-11-08T18:30:43.911190+00:00
422,5370074038,24.25,0.05,sell,False,2022-11-08T18:30:43.911190+00:00
423,5370074037,24.4,0.05,sell,False,2022-11-08T18:30:43.911190+00:00
424,5370074036,24.575,0.05,sell,False,2022-11-08T18:30:43.911190+00:00
425,5370074035,24.725,0.02,sell,False,2022-11-08T18:30:43.911190+00:00
426,5369724768,24.725,0.03,sell,True,2022-11-08T18:22:14.424643+00:00
427,5369441233,24.9,0.05,sell,True,2022-11-08T18:17:31.637386+00:00
428,5368586785,25.05,0.05,sell,False,2022-11-08T17:59:59.177248+00:00
429,5368574477,25.225,0.26,sell,False,2022-11-08T17:59:42.226241+00:00
430,5368573693,25.225,0.39,sell,False,2022-11-08T17:59:40.724589+00:00
431,5368572752,25.225,0.39,sell,False,2022-11-08T17:59:38.897086+00:00
432,5368569870,25.225,0.4,sell,False,2022-11-08T17:59:37.106690+00:00
433,5368568675,25.225,0.39,sell,False,2022-11-08T17:59:35.377774+00:00
434,5368567616,25.225,0.39,sell,False,2022-11-08T17:59:34.044149+00:00
435,5368566373,25.225,0.4,sell,False,2022-11-08T17:59:31.998667+00:00
436,5368565696,25.225,0.39,sell,False,2022-11-08T17:59:30.219848+00:00
437,5368564972,25.225,0.45,sell,False,2022-11-08T17:59:28.446632+00:00
438,5368564366,25.225,0.39,sell,False,2022-11-08T17:59:26.656090+00:00
439,5368563886,25.225,0.4,sell,False,2022-11-08T17:59:25.131785+00:00
440,5368563352,25.225,0.42,sell,False,2022-11-08T17:59:23.337704+00:00
441,5368562643,25.225,0.39,sell,False,2022-11-08T17:59:21.621710+00:00
442,5368561568,25.225,0.41,sell,False,2022-11-08T17:59:19.517692+00:00
443,5368560982,25.225,0.41,sell,False,2022-11-08T17:59:17.617035+00:00
444,5368560417,25.225,0.41,sell,False,2022-11-08T17:59:16.015672+00:00
445,5368559963,25.225,0.4,sell,False,2022-11-08T17:59:14.355568+00:00
446,5368559298,25.225,0.4,sell,False,2022-11-08T17:59:12.236267+00:00
447,5368558046,25.225,0.39,sell,False,2022-11-08T17:59:09.485739+00:00
448,5368557875,25.225,0.39,sell,False,2022-11-08T17:59:08.944588+00:00
449,5368557297,25.225,0.4,sell,False,2022-11-08T17:59:07.477499+00:00
450,5368556759,25.225,0.4,sell,False,2022-11-08T17:59:05.717892+00:00
451,5368555830,25.225,0.4,sell,False,2022-11-08T17:59:03.821566+00:00
452,5368555202,25.225,0.42,sell,False,2022-11-08T17:59:02.083821+00:00
453,5368554157,25.225,0.4,sell,False,2022-11-08T17:59:00.221918+00:00
454,5368552824,25.225,0.4,sell,False,2022-11-08T17:58:58.398658+00:00
455,5368552374,25.225,0.39,sell,False,2022-11-08T17:58:56.615806+00:00
456,5368551954,25.225,0.4,sell,False,2022-11-08T17:58:55.112781+00:00
457,5368551401,25.225,0.39,sell,False,2022-11-08T17:58:53.800170+00:00
458,5368550547,25.225,0.42,sell,False,2022-11-08T17:58:52.158700+00:00
459,5368549697,25.225,0.44,sell,False,2022-11-08T17:58:50.339705+00:00
460,5368548995,25.225,0.39,sell,False,2022-11-08T17:58:47.386804+00:00
461,5368548009,25.225,0.44,sell,False,2022-11-08T17:58:45.511798+00:00
462,5368547419,25.225,0.41,sell,False,2022-11-08T17:58:43.726608+00:00
463,5368546587,25.225,0.42,sell,False,2022-11-08T17:58:41.907974+00:00
464,5368545730,25.225,0.42,sell,False,2022-11-08T17:58:40.128125+00:00
465,5368544797,25.225,0.4,sell,False,2022-11-08T17:58:38.304321+00:00
466,5368544353,25.225,0.4,sell,False,2022-11-08T17:58:36.669142+00:00
467,5368543695,25.225,0.42,sell,False,2022-11-08T17:58:34.705134+00:00
468,5368543170,25.225,0.39,sell,False,2022-11-08T17:58:32.911771+00:00
469,5368542262,25.225,0.44,sell,False,2022-11-08T17:58:31.100894+00:00
470,5368541255,25.225,0.42,sell,False,2022-11-08T17:58:29.303710+00:00
471,5368540331,25.225,0.42,sell,False,2022-11-08T17:58:26.899235+00:00
472,5368539302,25.225,0.41,sell,False,2022-11-08T17:58:25.113805+00:00
473,5368538592,25.225,0.41,sell,False,2022-11-08T17:58:23.316891+00:00
474,5368537905,25.225,0.39,sell,False,2022-11-08T17:58:21.811579+00:00
475,5368537200,25.225,0.39,sell,False,2022-11-08T17:58:20.029343+00:00
476,5368536148,25.225,0.46,sell,False,2022-11-08T17:58:17.026823+00:00
477,5368535987,25.225,0.39,sell,False,2022-11-08T17:58:16.466706+00:00
478,5368535149,25.225,0.43,sell,False,2022-11-08T17:58:14.904662+00:00
479,5368534515,25.225,0.39,sell,False,2022-11-08T17:58:13.266089+00:00
480,5368533847,25.225,0.41,sell,False,2022-11-08T17:58:11.706882+00:00
481,5368533054,25.225,0.43,sell,False,2022-11-08T17:58:09.804723+00:00
482,5368532468,25.225,0.41,sell,False,2022-11-08T17:58:08.079556+00:00
483,5368531853,25.225,0.39,sell,False,2022-11-08T17:58:06.567391+00:00
484,5368530725,25.225,0.39,sell,False,2022-11-08T17:58:03.544593+00:00
485,5368530208,25.225,0.39,sell,False,2022-11-08T17:58:02.301974+00:00
486,5368529723,25.225,0.41,sell,False,2022-11-08T17:58:01.125381+00:00
487,5368528919,25.225,0.41,sell,False,2022-11-08T17:57:58.712029+00:00
488,5368528392,25.225,0.46,sell,False,2022-11-08T17:57:57.664021+00:00
489,5368527930,25.225,0.39,sell,False,2022-11-08T17:57:56.665174+00:00
490,5368527344,25.225,0.42,sell,False,2022-11-08T17:57:54.848816+00:00
491,5368526605,25.225,0.39,sell,False,2022-11-08T17:57:53.601767+00:00
492,5368526145,25.225,0.4,sell,False,2022-11-08T17:57:52.432886+00:00
493,5368525516,25.225,0.41,sell,False,2022-11-08T17:57:50.897719+00:00
494,5368524613,25.225,0.41,sell,False,2022-11-08T17:57:49.413489+00:00
495,5368524030,25.225,0.39,sell,False,2022-11-08T17:57:48.344167+00:00
496,5368523175,25.225,0.44,sell,False,2022-11-08T17:57:46.751891+00:00
497,5368522396,25.225,0.4,sell,False,2022-11-08T17:57:45.558234+00:00
498,5368521804,25.225,0.4,sell,False,2022-11-08T17:57:44.017915+00:00
499,5368521014,25.225,0.54,sell,False,2022-11-08T17:57:41.926810+00:00
500,5368520465,25.225,0.4,sell,False,2022-11-08T17:57:40.704680+00:00
501,5368519871,25.225,0.41,sell,False,2022-11-08T17:57:39.294930+00:00
502,5368519043,25.225,0.39,sell,False,2022-11-08T17:57:37.733184+00:00
503,5368518468,25.225,0.42,sell,False,2022-11-08T17:57:36.242769+00:00
504,5368517573,25.225,0.41,sell,False,2022-11-08T17:57:34.417003+00:00
505,5368516894,25.225,0.41,sell,False,2022-11-08T17:57:33.348734+00:00
506,5368516316,25.225,0.39,sell,False,2022-11-08T17:57:31.779305+00:00
507,5368515501,25.225,0.4,sell,False,2022-11-08T17:57:30.347104+00:00
508,5368514771,25.225,0.39,sell,False,2022-11-08T17:57:28.732772+00:00
509,5368514217,25.225,0.41,sell,False,2022-11-08T17:57:27.423111+00:00
510,5368513452,25.225,0.4,sell,False,2022-11-08T17:57:25.712676+00:00
511,5368512871,25.225,0.41,sell,False,2022-11-08T17:57:24.230242+00:00
512,5368511978,25.225,0.4,sell,False,2022-11-08T17:57:22.726772+00:00
513,5368511495,25.225,0.42,sell,False,2022-11-08T17:57:21.235373+00:00
514,5368510912,25.225,0.41,sell,False,2022-11-08T17:57:19.734277+00:00
515,5368509998,25.225,0.4,sell,False,2022-11-08T17:57:18.244023+00:00
516,5368509349,25.225,0.43,sell,False,2022-11-08T17:57:16.694514+00:00
517,5368508790,25.225,0.43,sell,False,2022-11-08T17:57:15.419834+00:00
518,5368508042,25.225,0.39,sell,False,2022-11-08T17:57:13.722813+00:00
519,5368507219,25.225,0.39,sell,False,2022-11-08T17:57:12.213012+00:00
520,5368506637,25.225,0.41,sell,False,2022-11-08T17:57:10.710881+00:00
521,5368505779,25.225,0.39,sell,False,2022-11-08T17:57:09.222963+00:00
522,5368505203,25.225,0.39,sell,False,2022-11-08T17:57:07.726192+00:00
523,5368504519,25.225,0.39,sell,False,2022-11-08T17:57:06.259407+00:00
524,5368503978,25.225,0.39,sell,False,2022-11-08T17:57:05.312768+00:00
525,5368502807,25.225,0.43,sell,False,2022-11-08T17:57:03.206211+00:00
526,5368501940,25.225,0.62,sell,False,2022-11-08T17:57:00.981376+00:00
527,5368501543,25.225,0.48,sell,False,2022-11-08T17:57:00.442046+00:00
528,5368501052,25.225,0.4,sell,False,2022-11-08T17:56:59.910826+00:00
529,5368499836,25.225,0.4,sell,False,2022-11-08T17:56:57.920367+00:00
530,5368498465,25.225,0.39,sell,False,2022-11-08T17:56:56.039776+00:00
531,5368497356,25.225,0.42,sell,False,2022-11-08T17:56:54.215351+00:00
532,5368495575,25.225,0.4,sell,False,2022-11-08T17:56:50.919731+00:00
533,5368494520,25.225,0.4,sell,False,2022-11-08T17:56:49.157624+00:00
534,5368493893,25.225,0.4,sell,False,2022-11-08T17:56:47.635479+00:00
535,5368492447,25.225,0.4,sell,False,2022-11-08T17:56:45.847255+00:00
536,5368491584,25.225,0.44,sell,False,2022-11-08T17:56:44.043924+00:00
537,5368490404,25.225,0.41,sell,False,2022-11-08T17:56:42.234700+00:00
538,5368489461,25.225,0.44,sell,False,2022-11-08T17:56:40.429689+00:00
539,5368488567,25.225,0.4,sell,False,2022-11-08T17:56:38.765313+00:00
540,5368487780,25.225,0.39,sell,False,2022-11-08T17:56:37.109269+00:00
541,5368486355,25.225,0.42,sell,False,2022-11-08T17:56:35.299838+00:00
542,5368485412,25.225,0.42,sell,False,2022-11-08T17:56:33.568729+00:00
543,5368484008,25.225,0.42,sell,False,2022-11-08T17:56:31.703895+00:00
544,5368483081,25.225,0.39,sell,False,2022-11-08T17:56:30.110259+00:00
545,5368482259,25.225,0.4,sell,False,2022-11-08T17:56:28.444877+00:00
546,5368480722,25.225,0.42,sell,False,2022-11-08T17:56:26.619938+00:00
547,5368479511,25.225,0.39,sell,False,2022-11-08T17:56:24.806197+00:00
548,5368478749,25.225,0.39,sell,False,2022-11-08T17:56:23.342663+00:00
549,5368477768,25.225,0.42,sell,False,2022-11-08T17:56:21.572573+00:00
550,5368476404,25.225,0.4,sell,False,2022-11-08T17:56:19.351845+00:00
551,5368475535,25.225,0.43,sell,False,2022-11-08T17:56:17.630639+00:00
552,5368474359,25.225,0.43,sell,False,2022-11-08T17:56:15.883463+00:00
553,5368472926,25.225,0.39,sell,False,2022-11-08T17:56:14.123146+00:00
554,5368471310,25.225,0.44,sell,False,2022-11-08T17:56:12.519007+00:00
555,5368468708,25.225,0.51,sell,False,2022-11-08T17:56:09.467866+00:00
556,5368468338,25.225,0.41,sell,False,2022-11-08T17:56:08.928788+00:00
557,5368467329,25.225,0.39,sell,False,2022-11-08T17:56:07.420333+00:00
558,5368466090,25.225,0.44,sell,False,2022-11-08T17:56:05.649900+00:00
559,5368464418,25.225,0.39,sell,False,2022-11-08T17:56:04.042859+00:00
560,5368463193,25.225,0.4,sell,False,2022-11-08T17:56:02.322097+00:00
561,5368462045,25.225,0.41,sell,False,2022-11-08T17:56:00.828684+00:00
562,5368460152,25.225,0.41,sell,False,2022-11-08T17:55:59.032303+00:00
563,5368459034,25.225,0.41,sell,False,2022-11-08T17:55:57.528261+00:00
564,5368458130,25.225,0.39,sell,False,2022-11-08T17:55:55.704826+00:00
565,5368457336,25.225,0.43,sell,False,2022-11-08T17:55:54.208705+00:00
566,5368456311,25.225,0.39,sell,False,2022-11-08T17:55:52.445837+00:00
567,5368455389,25.225,0.42,sell,False,2022-11-08T17:55:50.957094+00:00
568,5368454001,25.225,0.4,sell,False,2022-11-08T17:55:49.226666+00:00
569,5368453021,25.225,0.39,sell,False,2022-11-08T17:55:47.658218+00:00
570,5368452029,25.225,0.42,sell,False,2022-11-08T17:55:46.101118+00:00
571,5368450903,25.225,0.39,sell,False,2022-11-08T17:55:44.216684+00:00
572,5368449708,25.225,0.4,sell,False,2022-11-08T17:55:42.560089+00:00
573,5368448879,25.225,0.44,sell,False,2022-11-08T17:55:41.029015+00:00
574,5368447294,25.225,0.41,sell,False,2022-11-08T17:55:38.333470+00:00
575,5368446081,25.225,0.44,sell,False,2022-11-08T17:55:36.817933+00:00
576,5368444039,25.225,0.64,sell,False,2022-11-08T17:55:33.790027+00:00
577,5368443788,25.225,0.42,sell,False,2022-11-08T17:55:33.192757+00:00
578,5368443262,25.225,0.4,sell,False,2022-11-08T17:55:32.334141+00:00
579,5368442033,25.225,0.39,sell,False,2022-11-08T17:55:30.272781+00:00
580,5368441241,25.225,0.39,sell,False,2022-11-08T17:55:29.035666+00:00
581,5368440307,25.225,0.4,sell,False,2022-11-08T17:55:27.744087+00:00
582,5368438966,25.225,0.39,sell,False,2022-11-08T17:55:26.148057+00:00
583,5368437418,25.225,0.42,sell,False,2022-11-08T17:55:24.816176+00:00
584,5368436454,25.225,0.39,sell,False,2022-11-08T17:55:23.331013+00:00
585,5368435503,25.225,0.39,sell,False,2022-11-08T17:55:21.870269+00:00
586,5368434669,25.225,0.4,sell,False,2022-11-08T17:55:20.393879+00:00
587,5368433502,25.225,0.4,sell,False,2022-11-08T17:55:18.827784+00:00
588,5368432188,25.225,0.39,sell,False,2022-11-08T17:55:17.323518+00:00
589,5368430986,25.225,0.39,sell,False,2022-11-08T17:55:15.830878+00:00
590,5368429830,25.225,0.4,sell,False,2022-11-08T17:55:14.435037+00:00
591,5368427879,25.225,0.4,sell,False,2022-11-08T17:55:12.815474+00:00
592,5368426915,25.225,0.39,sell,False,2022-11-08T17:55:11.325801+00:00
593,5368425771,25.225,0.39,sell,False,2022-11-08T17:55:09.925704+00:00
594,5368424526,25.225,0.4,sell,False,2022-11-08T17:55:08.359758+00:00
595,5368423148,25.225,0.39,sell,False,2022-11-08T17:55:06.821811+00:00
596,5368422230,25.225,0.4,sell,False,2022-11-08T17:55:05.332567+00:00
597,5368421320,25.225,0.39,sell,False,2022-11-08T17:55:03.846816+00:00
598,5368419321,25.225,0.39,sell,False,2022-11-08T17:55:02.156803+00:00
599,5368417531,25.225,0.41,sell,False,2022-11-08T17:54:59.982994+00:00
600,5368416202,25.225,0.42,sell,False,2022-11-08T17:54:58.732898+00:00
601,5368414917,25.225,0.39,sell,False,2022-11-08T17:54:57.221338+00:00
602,5368413764,25.225,0.43,sell,False,2022-11-08T17:54:55.828124+00:00
603,5368412160,25.225,0.4,sell,False,2022-11-08T17:54:54.207732+00:00
604,5368411329,25.225,0.42,sell,False,2022-11-08T17:54:52.695847+00:00
605,5368410349,25.225,0.39,sell,False,2022-11-08T17:54:51.223852+00:00
606,5368409167,25.225,0.41,sell,False,2022-11-08T17:54:49.724824+00:00
607,5368408071,25.225,0.4,sell,False,2022-11-08T17:54:48.268041+00:00
608,5368406565,25.225,0.43,sell,False,2022-11-08T17:54:46.725261+00:00
609,5368404955,25.225,0.41,sell,False,2022-11-08T17:54:45.188792+00:00
610,5368403564,25.225,0.4,sell,False,2022-11-08T17:54:43.722752+00:00
611,5368402050,25.225,0.42,sell,False,2022-11-08T17:54:42.215744+00:00
612,5368400913,25.225,0.42,sell,False,2022-11-08T17:54:40.716640+00:00
613,5368399515,25.225,0.42,sell,False,2022-11-08T17:54:39.246588+00:00
614,5368398242,25.225,0.4,sell,False,2022-11-08T17:54:37.695260+00:00
615,5368396260,25.225,0.42,sell,False,2022-11-08T17:54:35.958768+00:00
616,5368394988,25.225,0.45,sell,False,2022-11-08T17:54:34.490602+00:00
617,5368393212,25.225,0.44,sell,False,2022-11-08T17:54:32.382695+00:00
618,5368391537,25.225,0.39,sell,False,2022-11-08T17:54:30.843923+00:00
619,5368389843,25.225,0.42,sell,False,2022-11-08T17:54:28.911930+00:00
620,5368388412,25.225,0.41,sell,False,2022-11-08T17:54:27.536337+00:00
621,5368386352,25.225,0.4,sell,False,2022-11-08T17:54:26.030973+00:00
622,5368384528,25.225,0.39,sell,False,2022-11-08T17:54:24.809900+00:00
623,5368381621,25.225,0.58,sell,False,2022-11-08T17:54:22.629577+00:00
624,5368380576,25.225,0.39,sell,False,2022-11-08T17:54:22.094627+00:00
625,5368378592,25.225,0.39,sell,False,2022-11-08T17:54:20.661780+00:00
626,5368376549,25.225,0.45,sell,False,2022-11-08T17:54:19.411429+00:00
627,5368375137,25.225,0.39,sell,False,2022-11-08T17:54:18.140318+00:00
628,5368373919,25.225,0.39,sell,False,2022-11-08T17:54:16.723465+00:00
629,5368372758,25.225,0.4,sell,False,2022-11-08T17:54:15.526997+00:00
630,5368371680,25.225,0.41,sell,False,2022-11-08T17:54:14.311111+00:00
631,5368370769,25.225,0.41,sell,False,2022-11-08T17:54:13.116705+00:00
632,5368369602,25.225,0.39,sell,False,2022-11-08T17:54:11.687184+00:00
633,5368368561,25.225,0.45,sell,False,2022-11-08T17:54:10.540220+00:00
634,5368366766,25.225,0.39,sell,False,2022-11-08T17:54:09.173361+00:00
635,5368365446,25.225,0.43,sell,False,2022-11-08T17:54:07.901406+00:00
636,5368363889,25.225,0.4,sell,False,2022-11-08T17:54:06.858723+00:00
637,5368362504,25.225,0.39,sell,False,2022-11-08T17:54:05.656388+00:00
638,5368360164,25.225,0.39,sell,False,2022-11-08T17:54:03.598633+00:00
639,5368359241,25.225,0.39,sell,False,2022-11-08T17:54:02.480299+00:00
640,5368357947,25.225,0.46,sell,False,2022-11-08T17:54:01.216365+00:00
641,5368355739,25.225,0.49,sell,False,2022-11-08T17:53:59.039267+00:00
642,5368355005,25.225,0.42,sell,False,2022-11-08T17:53:58.492716+00:00
643,5368353515,25.225,0.39,sell,False,2022-11-08T17:53:57.234853+00:00
644,5368351712,25.225,0.4,sell,False,2022-11-08T17:53:56.021284+00:00
645,5368350024,25.225,0.42,sell,False,2022-11-08T17:53:54.875368+00:00
646,5368347376,25.225,0.51,sell,False,2022-11-08T17:53:53.419971+00:00
647,5368345596,25.225,0.4,sell,False,2022-11-08T17:53:51.834903+00:00
648,5368343790,25.225,0.42,sell,False,2022-11-08T17:53:50.639131+00:00
649,5368342228,25.225,0.44,sell,False,2022-11-08T17:53:49.120590+00:00
650,5368340638,25.225,0.39,sell,False,2022-11-08T17:53:47.709784+00:00
651,5368339092,25.225,0.39,sell,False,2022-11-08T17:53:46.254606+00:00
652,5368336824,25.225,0.4,sell,False,2022-11-08T17:53:44.420743+00:00
653,5368335545,25.225,0.42,sell,False,2022-11-08T17:53:43.394049+00:00
654,5368334403,25.225,0.4,sell,False,2022-11-08T17:53:41.909017+00:00
655,5368333303,25.225,0.41,sell,False,2022-11-08T17:53:40.707184+00:00
656,5368332349,25.225,0.45,sell,False,2022-11-08T17:53:39.487810+00:00
657,5368331534,25.225,0.41,sell,False,2022-11-08T17:53:38.352634+00:00
658,5368330417,25.225,0.43,sell,False,2022-11-08T17:53:37.135147+00:00
659,5368329751,25.225,0.48,sell,False,2022-11-08T17:53:35.915765+00:00
660,5368328678,25.225,0.39,sell,False,2022-11-08T17:53:34.699797+00:00
661,5368327994,25.225,0.41,sell,False,2022-11-08T17:53:33.519592+00:00
662,5368327419,25.225,0.48,sell,False,2022-11-08T17:53:32.300828+00:00
663,5368326659,25.225,0.4,sell,False,2022-11-08T17:53:31.107093+00:00
664,5368325801,25.225,0.41,sell,False,2022-11-08T17:53:29.945144+00:00
665,5368324957,25.225,0.41,sell,False,2022-11-08T17:53:28.755980+00:00
666,5368324121,25.225,0.39,sell,False,2022-11-08T17:53:27.708051+00:00
667,5368323062,25.225,0.39,sell,False,2022-11-08T17:53:26.614372+00:00
668,5368322288,25.225,0.42,sell,False,2022-11-08T17:53:25.467172+00:00
669,5368320058,25.225,0.44,sell,False,2022-11-08T17:53:22.854089+00:00
670,5368319611,25.225,0.65,sell,False,2022-11-08T17:53:22.303519+00:00
671,5368319031,25.225,0.43,sell,False,2022-11-08T17:53:21.671542+00:00
672,5368316983,25.225,0.42,sell,False,2022-11-08T17:53:20.310649+00:00
673,5368315643,25.225,0.39,sell,False,2022-11-08T17:53:19.131863+00:00
674,5368315071,25.225,0.42,sell,False,2022-11-08T17:53:18.004682+00:00
675,5368314122,25.225,0.41,sell,False,2022-11-08T17:53:16.732944+00:00
676,5368313492,25.225,0.42,sell,False,2022-11-08T17:53:15.555049+00:00
677,5368312484,25.225,0.39,sell,False,2022-11-08T17:53:14.398820+00:00
678,5368311438,25.225,0.39,sell,False,2022-11-08T17:53:13.402750+00:00
679,5368310718,25.225,0.41,sell,False,2022-11-08T17:53:12.214251+00:00
680,5368310125,25.225,0.39,sell,False,2022-11-08T17:53:11.031762+00:00
681,5368309438,25.225,0.45,sell,False,2022-11-08T17:53:09.824390+00:00
682,5368308636,25.225,0.4,sell,False,2022-11-08T17:53:08.610092+00:00
683,5368307801,25.225,0.4,sell,False,2022-11-08T17:53:07.438898+00:00
684,5368307118,25.225,0.42,sell,False,2022-11-08T17:53:06.233302+00:00
685,5368306118,25.225,0.42,sell,False,2022-11-08T17:53:05.057750+00:00
686,5368304905,25.225,0.43,sell,False,2022-11-08T17:53:03.876987+00:00
687,5368303215,25.225,0.44,sell,False,2022-11-08T17:53:02.630580+00:00
688,5368301999,25.225,0.4,sell,False,2022-11-08T17:53:01.411529+00:00
689,5368300724,25.225,0.39,sell,False,2022-11-08T17:53:00.238264+00:00
690,5368299535,25.225,0.39,sell,False,2022-11-08T17:52:59.068598+00:00
691,5368298990,25.225,0.44,sell,False,2022-11-08T17:52:58.440166+00:00
692,5368297587,25.225,0.39,sell,False,2022-11-08T17:52:56.952851+00:00
693,5368296096,25.225,0.4,sell,False,2022-11-08T17:52:55.731055+00:00
694,5368295041,25.225,0.41,sell,False,2022-11-08T17:52:54.541145+00:00
695,5368293027,25.225,0.74,sell,False,2022-11-08T17:52:51.203325+00:00
696,5368292432,25.225,0.59,sell,False,2022-11-08T17:52:50.643620+00:00
697,5368291723,25.225,0.39,sell,False,2022-11-08T17:52:50.094696+00:00
698,5368288058,25.225,0.4,sell,False,2022-11-08T17:52:47.611233+00:00
699,5368286886,25.225,0.39,sell,False,2022-11-08T17:52:46.704309+00:00
700,5368286380,25.225,0.4,sell,False,2022-11-08T17:52:45.606769+00:00
701,5368285893,25.225,0.44,sell,False,2022-11-08T17:52:44.730898+00:00
702,5368284746,25.225,0.43,sell,False,2022-11-08T17:52:43.522201+00:00
703,5368282425,25.225,0.41,sell,False,2022-11-08T17:52:42.254485+00:00
704,5368281966,25.225,0.39,sell,False,2022-11-08T17:52:41.338061+00:00
705,5368281555,25.225,0.4,sell,False,2022-11-08T17:52:40.363076+00:00
706,5368281123,25.225,0.41,sell,False,2022-11-08T17:52:39.507165+00:00
707,5368280831,25.225,0.4,sell,False,2022-11-08T17:52:38.905649+00:00
708,5368280017,25.225,0.41,sell,False,2022-11-08T17:52:37.719593+00:00
709,5368279450,25.225,0.45,sell,False,2022-11-08T17:52:36.523001+00:00
710,5368278518,25.225,0.42,sell,False,2022-11-08T17:52:35.315626+00:00
711,5368277916,25.225,0.46,sell,False,2022-11-08T17:52:34.112253+00:00
712,5368277242,25.225,0.4,sell,False,2022-11-08T17:52:32.921369+00:00
713,5368276628,25.225,0.47,sell,False,2022-11-08T17:52:31.699067+00:00
714,5368275830,25.225,0.44,sell,False,2022-11-08T17:52:30.656911+00:00
715,5368275003,25.225,0.48,sell,False,2022-11-08T17:52:29.313636+00:00
716,5368274366,25.225,0.39,sell,False,2022-11-08T17:52:28.053621+00:00
717,5368273591,25.225,0.42,sell,False,2022-11-08T17:52:26.935619+00:00
718,5368272715,25.225,0.39,sell,False,2022-11-08T17:52:25.997713+00:00
719,5368271728,25.225,0.44,sell,False,2022-11-08T17:52:25.084655+00:00
720,5368271311,25.225,0.44,sell,False,2022-11-08T17:52:24.529345+00:00
721,5368270739,25.225,0.43,sell,False,2022-11-08T17:52:23.866497+00:00
722,5368270268,25.225,0.39,sell,False,2022-11-08T17:52:23.312903+00:00
723,5368269557,25.225,0.41,sell,False,2022-11-08T17:52:21.820196+00:00
724,5368268702,25.225,0.43,sell,False,2022-11-08T17:52:20.366138+00:00
725,5368267988,25.225,0.43,sell,False,2022-11-08T17:52:18.824885+00:00
726,5368267188,25.225,0.41,sell,False,2022-11-08T17:52:17.337986+00:00
727,5368266184,25.225,0.39,sell,False,2022-11-08T17:52:15.906787+00:00
728,5368265408,25.225,0.39,sell,False,2022-11-08T17:52:14.616981+00:00
729,5368264604,25.225,0.44,sell,False,2022-11-08T17:52:13.114448+00:00
730,5368263380,25.225,0.4,sell,False,2022-11-08T17:52:11.679793+00:00
731,5368262574,25.225,0.43,sell,False,2022-11-08T17:52:10.127600+00:00
732,5368261794,25.225,0.4,sell,False,2022-11-08T17:52:08.624643+00:00
733,5368260915,25.225,0.42,sell,False,2022-11-08T17:52:07.108704+00:00
734,5368259551,25.225,0.42,sell,False,2022-11-08T17:52:05.622822+00:00
735,5368258747,25.225,0.41,sell,False,2022-11-08T17:52:04.430372+00:00
736,5368257643,25.225,0.45,sell,False,2022-11-08T17:52:02.968764+00:00
737,5368256754,25.225,0.41,sell,False,2022-11-08T17:52:01.401098+00:00
738,5368255254,25.225,0.43,sell,False,2022-11-08T17:51:59.925469+00:00
739,5368254221,25.225,0.4,sell,False,2022-11-08T17:51:58.423785+00:00
740,5368252929,25.225,0.39,sell,False,2022-11-08T17:51:56.909611+00:00
741,5368251298,25.225,0.4,sell,False,2022-11-08T17:51:55.410342+00:00
742,5368249863,25.225,0.57,sell,False,2022-11-08T17:51:54.163598+00:00
743,5368248802,25.225,0.4,sell,False,2022-11-08T17:51:52.839937+00:00
744,5368247131,25.225,0.39,sell,False,2022-11-08T17:51:51.232870+00:00
745,5368246201,25.225,0.41,sell,False,2022-11-08T17:51:49.765959+00:00
746,5368244608,25.225,0.46,sell,False,2022-11-08T17:51:47.081934+00:00
747,5368244340,25.225,0.39,sell,False,2022-11-08T17:51:46.549086+00:00
748,5368243103,25.225,0.39,sell,False,2022-11-08T17:51:45.628093+00:00
749,5368242266,25.225,0.39,sell,False,2022-11-08T17:51:43.812456+00:00
750,5368241919,25.225,0.45,sell,False,2022-11-08T17:51:42.735395+00:00
751,5368241176,25.225,0.39,sell,False,2022-11-08T17:51:41.005659+00:00
752,5368240666,25.225,0.4,sell,False,2022-11-08T17:51:39.372097+00:00
753,5368239526,25.225,0.42,sell,False,2022-11-08T17:51:37.408451+00:00
754,5368238764,25.225,0.4,sell,False,2022-11-08T17:51:35.606776+00:00
755,5368238217,25.225,0.39,sell,False,2022-11-08T17:51:33.850465+00:00
756,5368237301,25.225,0.43,sell,False,2022-11-08T17:51:31.999043+00:00
757,5368236449,25.225,0.41,sell,False,2022-11-08T17:51:30.222967+00:00
758,5368235671,25.225,0.39,sell,False,2022-11-08T17:51:28.708152+00:00
759,5368235043,25.225,0.41,sell,False,2022-11-08T17:51:26.652422+00:00
760,5368234122,25.225,0.41,sell,False,2022-11-08T17:51:24.551742+00:00
761,5368232906,25.225,0.41,sell,False,2022-11-08T17:51:22.703752+00:00
762,5368232344,25.225,0.41,sell,False,2022-11-08T17:51:21.366181+00:00
763,5368231429,25.225,0.39,sell,False,2022-11-08T17:51:19.768202+00:00
764,5368230465,25.225,0.39,sell,False,2022-11-08T17:51:17.907928+00:00
765,5368229346,25.225,0.4,sell,False,2022-11-08T17:51:16.098455+00:00
766,5368228270,25.225,0.39,sell,False,2022-11-08T17:51:14.372253+00:00
767,5368227423,25.225,0.41,sell,False,2022-11-08T17:51:12.504487+00:00
768,5368226880,25.225,0.39,sell,False,2022-11-08T17:51:10.702795+00:00
769,5368226426,25.225,0.39,sell,False,2022-11-08T17:51:08.936713+00:00
770,5368225796,25.225,0.43,sell,False,2022-11-08T17:51:06.800108+00:00
771,5368225408,25.225,0.39,sell,False,2022-11-08T17:51:04.989722+00:00
772,5368224950,25.225,0.39,sell,False,2022-11-08T17:51:03.203004+00:00
773,5368224072,25.225,0.39,sell,False,2022-11-08T17:51:01.664236+00:00
774,5368222278,25.225,0.59,sell,False,2022-11-08T17:50:56.757215+00:00
775,5368222143,25.225,0.44,sell,False,2022-11-08T17:50:56.217762+00:00
776,5368221906,25.225,0.4,sell,False,2022-11-08T17:50:55.685693+00:00
777,5368221323,25.225,0.43,sell,False,2022-11-08T17:50:54.064926+00:00
778,5368220256,25.225,0.4,sell,False,2022-11-08T17:50:51.498012+00:00
779,5368219512,25.225,0.39,sell,False,2022-11-08T17:50:49.795430+00:00
780,5368218984,25.225,0.4,sell,False,2022-11-08T17:50:48.553089+00:00
781,5368218658,25.225,0.39,sell,False,2022-11-08T17:50:47.387190+00:00
782,5368218055,25.225,0.41,sell,False,2022-11-08T17:50:45.545681+00:00
783,5368217383,25.225,0.39,sell,False,2022-11-08T17:50:43.706026+00:00
784,5368216886,25.225,0.39,sell,False,2022-11-08T17:50:41.923692+00:00
785,5368216332,25.225,0.39,sell,False,2022-11-08T17:50:40.105842+00:00
786,5368215715,25.225,0.39,sell,False,2022-11-08T17:50:38.355756+00:00
787,5368214703,25.225,0.39,sell,False,2022-11-08T17:50:36.503299+00:00
788,5368214220,25.225,0.44,sell,False,2022-11-08T17:50:34.902064+00:00
789,5368213761,25.225,0.39,sell,False,2022-11-08T17:50:32.937254+00:00
790,5368212941,25.225,0.4,sell,False,2022-11-08T17:50:31.025834+00:00
791,5368212371,25.225,0.4,sell,False,2022-11-08T17:50:29.049892+00:00
792,5368211883,25.225,0.39,sell,False,2022-11-08T17:50:27.252470+00:00
793,5368211202,25.225,0.4,sell,False,2022-11-08T17:50:25.405140+00:00
794,5368210518,25.225,0.39,sell,False,2022-11-08T17:50:23.014654+00:00
795,5368210072,25.225,0.39,sell,False,2022-11-08T17:50:20.923595+00:00
796,5368209548,25.225,0.39,sell,False,2022-11-08T17:50:19.432114+00:00
797,5368209085,25.225,0.43,sell,False,2022-11-08T17:50:17.596058+00:00
798,5368208540,25.225,0.42,sell,False,2022-11-08T17:50:15.805682+00:00
799,5368207989,25.225,0.4,sell,False,2022-11-08T17:50:14.061829+00:00
800,5368207579,25.225,0.39,sell,False,2022-11-08T17:50:12.504771+00:00
801,5368206650,25.225,0.45,sell,False,2022-11-08T17:50:10.687583+00:00
802,5368206042,25.225,0.4,sell,False,2022-11-08T17:50:08.910978+00:00
803,5368205384,25.225,0.41,sell,False,2022-11-08T17:50:07.100441+00:00
804,5368205012,25.225,0.39,sell,False,2022-11-08T17:50:05.605567+00:00
805,5368204558,25.225,0.42,sell,False,2022-11-08T17:50:03.827548+00:00
806,5368203954,25.225,0.43,sell,False,2022-11-08T17:50:02.014986+00:00
807,5368203350,25.225,0.42,sell,False,2022-11-08T17:50:00.200119+00:00
808,5368202981,25.225,0.42,sell,False,2022-11-08T17:49:58.399002+00:00
809,5368202480,25.225,0.39,sell,False,2022-11-08T17:49:56.686330+00:00
810,5368202082,25.225,0.41,sell,False,2022-11-08T17:49:55.090129+00:00
811,5368201651,25.225,0.4,sell,False,2022-11-08T17:49:53.323973+00:00
812,5368200939,25.225,0.43,sell,False,2022-11-08T17:49:51.550839+00:00
813,5368200370,25.225,0.4,sell,False,2022-11-08T17:49:49.720759+00:00
814,5368200012,25.225,0.4,sell,False,2022-11-08T17:49:48.205054+00:00
815,5368199197,25.225,0.44,sell,False,2022-11-08T17:49:46.410464+00:00
816,5368198810,25.225,0.39,sell,False,2022-11-08T17:49:44.625164+00:00
817,5368198364,25.225,0.39,sell,False,2022-11-08T17:49:43.113690+00:00
818,5368197524,25.225,0.46,sell,False,2022-11-08T17:49:40.015191+00:00
819,5368197407,25.225,0.41,sell,False,2022-11-08T17:49:39.484971+00:00
820,5368196994,25.225,0.4,sell,False,2022-11-08T17:49:37.746192+00:00
821,5368196604,25.225,0.41,sell,False,2022-11-08T17:49:36.192841+00:00
822,5368196231,25.225,0.4,sell,False,2022-11-08T17:49:34.459584+00:00
823,5368195684,25.225,0.42,sell,False,2022-11-08T17:49:32.591959+00:00
824,5368195104,25.225,0.39,sell,False,2022-11-08T17:49:31.064347+00:00
825,5368194639,25.225,0.4,sell,False,2022-11-08T17:49:29.311147+00:00
826,5368194038,25.225,0.43,sell,False,2022-11-08T17:49:27.508645+00:00
827,5368193531,25.225,0.39,sell,False,2022-11-08T17:49:25.742431+00:00
828,5368193045,25.225,0.39,sell,False,2022-11-08T17:49:24.212788+00:00
829,5368191194,25.225,0.88,sell,False,2022-11-08T17:49:17.660489+00:00
830,5368190981,25.225,0.58,sell,False,2022-11-08T17:49:16.991325+00:00
831,5368190757,25.225,0.51,sell,False,2022-11-08T17:49:16.452844+00:00
832,5368190652,25.225,0.4,sell,False,2022-11-08T17:49:15.912103+00:00
833,5368189757,25.225,0.42,sell,False,2022-11-08T17:49:14.032069+00:00
834,5368188827,25.225,0.39,sell,False,2022-11-08T17:49:12.187778+00:00
835,5368188440,25.225,0.39,sell,False,2022-11-08T17:49:10.717091+00:00
836,5368187744,25.225,0.41,sell,False,2022-11-08T17:49:08.942455+00:00
837,5368187190,25.225,0.39,sell,False,2022-11-08T17:49:07.410398+00:00
838,5368186410,25.225,0.4,sell,False,2022-11-08T17:49:05.613912+00:00
839,5368185250,25.225,0.39,sell,False,2022-11-08T17:49:03.841690+00:00
840,5368184301,25.225,0.4,sell,False,2022-11-08T17:49:02.286119+00:00
841,5368183597,25.225,0.39,sell,False,2022-11-08T17:49:00.538634+00:00
842,5368183075,25.225,0.39,sell,False,2022-11-08T17:48:59.036397+00:00
843,5368182546,25.225,0.39,sell,False,2022-11-08T17:48:57.320854+00:00
844,5368182180,25.225,0.39,sell,False,2022-11-08T17:48:55.671947+00:00
845,5368181565,25.225,0.4,sell,False,2022-11-08T17:48:53.606215+00:00
846,5368181147,25.225,0.42,sell,False,2022-11-08T17:48:52.103312+00:00
847,5368180538,25.225,0.42,sell,False,2022-11-08T17:48:50.321949+00:00
848,5368180114,25.225,0.39,sell,False,2022-11-08T17:48:48.635706+00:00
849,5368179660,25.225,0.42,sell,False,2022-11-08T17:48:47.040674+00:00
850,5368179121,25.225,0.41,sell,False,2022-11-08T17:48:45.195360+00:00
851,5368177923,25.225,0.4,sell,False,2022-11-08T17:48:43.709387+00:00
852,5368177445,25.225,0.39,sell,False,2022-11-08T17:48:41.923075+00:00
853,5368177032,25.225,0.39,sell,False,2022-11-08T17:48:40.403287+00:00
854,5368176568,25.225,0.4,sell,False,2022-11-08T17:48:38.934204+00:00
855,5368175970,25.225,0.42,sell,False,2022-11-08T17:48:37.397824+00:00
856,5368175471,25.225,0.39,sell,False,2022-11-08T17:48:35.604800+00:00
857,5368174244,25.225,0.44,sell,False,2022-11-08T17:48:32.545374+00:00
858,5368173897,25.225,0.42,sell,False,2022-11-08T17:48:32.011157+00:00
859,5368172817,25.225,0.4,sell,False,2022-11-08T17:48:30.492341+00:00
860,5368172301,25.225,0.39,sell,False,2022-11-08T17:48:28.716801+00:00
861,5368171769,25.225,0.4,sell,False,2022-11-08T17:48:27.269610+00:00
862,5368171288,25.225,0.39,sell,False,2022-11-08T17:48:25.684115+00:00
863,5368170679,25.225,0.43,sell,False,2022-11-08T17:48:23.909354+00:00
864,5368169913,25.225,0.45,sell,False,2022-11-08T17:48:22.117493+00:00
865,5368169397,25.225,0.43,sell,False,2022-11-08T17:48:20.325852+00:00
866,5368168557,25.225,0.44,sell,False,2022-11-08T17:48:18.522730+00:00
867,5368167940,25.225,0.39,sell,False,2022-11-08T17:48:16.852239+00:00
868,5368167341,25.225,0.4,sell,False,2022-11-08T17:48:15.223368+00:00
869,5368166480,25.225,0.4,sell,False,2022-11-08T17:48:13.237804+00:00
870,5368166095,25.225,0.41,sell,False,2022-11-08T17:48:12.239594+00:00
871,5368165083,25.225,0.42,sell,False,2022-11-08T17:48:10.412749+00:00
872,5368164406,25.225,0.39,sell,False,2022-11-08T17:48:08.298353+00:00
873,5368163480,25.225,0.42,sell,False,2022-11-08T17:48:06.601033+00:00
874,5368162972,25.225,0.42,sell,False,2022-11-08T17:48:05.777256+00:00
875,5368161505,25.225,0.42,sell,False,2022-11-08T17:48:03.806921+00:00
876,5368159427,25.225,0.41,sell,False,2022-11-08T17:48:02.100162+00:00
877,5368157858,25.225,0.4,sell,False,2022-11-08T17:48:00.218755+00:00
878,5368157147,25.225,0.42,sell,False,2022-11-08T17:47:58.401653+00:00
879,5368156122,25.225,0.41,sell,False,2022-11-08T17:47:56.678254+00:00
880,5368155112,25.225,0.43,sell,False,2022-11-08T17:47:54.859079+00:00
881,5368154063,25.225,0.41,sell,False,2022-11-08T17:47:53.137974+00:00
882,5368152869,25.225,0.41,sell,False,2022-11-08T17:47:51.230915+00:00
883,5368152101,25.225,0.41,sell,False,2022-11-08T17:47:49.650773+00:00
884,5368150949,25.225,0.42,sell,False,2022-11-08T17:47:47.603208+00:00
885,5368149980,25.225,0.4,sell,False,2022-11-08T17:47:46.102744+00:00
886,5368148177,25.225,0.4,sell,False,2022-11-08T17:47:44.388283+00:00
887,5368147138,25.225,0.41,sell,False,2022-11-08T17:47:43.020073+00:00
888,5368144944,25.225,0.43,sell,False,2022-11-08T17:47:41.090468+00:00
889,5368144105,25.225,0.39,sell,False,2022-11-08T17:47:39.205726+00:00
890,5368143432,25.225,0.41,sell,False,2022-11-08T17:47:37.410797+00:00
891,5368142312,25.225,0.42,sell,False,2022-11-08T17:47:35.316589+00:00
892,5368141687,25.225,0.39,sell,False,2022-11-08T17:47:33.281614+00:00
893,5368140874,25.225,0.41,sell,False,2022-11-08T17:47:32.347710+00:00
894,5368138986,25.225,0.4,sell,False,2022-11-08T17:47:30.303135+00:00
895,5368137213,25.225,0.43,sell,False,2022-11-08T17:47:28.117702+00:00
896,5368135364,25.225,0.42,sell,False,2022-11-08T17:47:25.706978+00:00
897,5368134298,25.225,0.5,sell,False,2022-11-08T17:47:23.959463+00:00
898,5368133289,25.225,0.44,sell,False,2022-11-08T17:47:20.901443+00:00
899,5368132879,25.225,0.39,sell,False,2022-11-08T17:47:20.368334+00:00
900,5368131988,25.225,0.39,sell,False,2022-11-08T17:47:18.272382+00:00
901,5368131411,25.225,0.41,sell,False,2022-11-08T17:47:16.407942+00:00
902,5368130549,25.225,0.41,sell,False,2022-11-08T17:47:14.328169+00:00
903,5368130039,25.225,0.39,sell,False,2022-11-08T17:47:12.508703+00:00
904,5368129162,25.225,0.39,sell,False,2022-11-08T17:47:10.419044+00:00
905,5368128755,25.225,0.39,sell,False,2022-11-08T17:47:08.680793+00:00
906,5368128252,25.225,0.4,sell,False,2022-11-08T17:47:07.119112+00:00
907,5368127337,25.225,0.42,sell,False,2022-11-08T17:47:04.428688+00:00
908,5368126699,25.225,0.39,sell,False,2022-11-08T17:47:02.331922+00:00
909,5368126181,25.225,0.44,sell,False,2022-11-08T17:47:00.239680+00:00
910,5368125555,25.225,0.42,sell,False,2022-11-08T17:46:58.724147+00:00
911,5368124716,25.225,0.43,sell,False,2022-11-08T17:46:56.679269+00:00
912,5368124127,25.225,0.39,sell,False,2022-11-08T17:46:54.795339+00:00
913,5368123669,25.225,0.41,sell,False,2022-11-08T17:46:52.998254+00:00
914,5368122949,25.225,0.39,sell,False,2022-11-08T17:46:51.281298+00:00
915,5368122352,25.225,0.42,sell,False,2022-11-08T17:46:49.431548+00:00
916,5368121795,25.225,0.39,sell,False,2022-11-08T17:46:47.693724+00:00
917,5368121216,25.225,0.4,sell,False,2022-11-08T17:46:45.849820+00:00
918,5368120709,25.225,0.39,sell,False,2022-11-08T17:46:44.288092+00:00
919,5368120230,25.225,0.43,sell,False,2022-11-08T17:46:42.214815+00:00
920,5368119796,25.225,0.39,sell,False,2022-11-08T17:46:40.409116+00:00
921,5368119018,25.225,0.41,sell,False,2022-11-08T17:46:38.628279+00:00
922,5368118364,25.225,0.42,sell,False,2022-11-08T17:46:36.831152+00:00
923,5368118030,25.225,0.39,sell,False,2022-11-08T17:46:35.335131+00:00
924,5368117482,25.225,0.39,sell,False,2022-11-08T17:46:33.839813+00:00
925,5368116515,25.225,0.46,sell,False,2022-11-08T17:46:30.965062+00:00
926,5368115857,25.225,0.41,sell,False,2022-11-08T17:46:29.350860+00:00
927,5368114888,25.225,0.44,sell,False,2022-11-08T17:46:27.507740+00:00
928,5368114497,25.225,0.41,sell,False,2022-11-08T17:46:25.720047+00:00
929,5368114020,25.225,0.4,sell,False,2022-11-08T17:46:24.027109+00:00
930,5368113544,25.225,0.41,sell,False,2022-11-08T17:46:22.484980+00:00
931,5368112781,25.225,0.42,sell,False,2022-11-08T17:46:20.599788+00:00
932,5368112353,25.225,0.39,sell,False,2022-11-08T17:46:18.793219+00:00
933,5368111860,25.225,0.39,sell,False,2022-11-08T17:46:17.317845+00:00
934,5368111410,25.225,0.39,sell,False,2022-11-08T17:46:15.509277+00:00
935,5368111015,25.225,0.4,sell,False,2022-11-08T17:46:14.065771+00:00
936,5368110170,25.225,0.4,sell,False,2022-11-08T17:46:12.533112+00:00
937,5368109511,25.225,0.43,sell,False,2022-11-08T17:46:10.446618+00:00
938,5368109038,25.225,0.39,sell,False,2022-11-08T17:46:08.702377+00:00
939,5368108351,25.225,0.41,sell,False,2022-11-08T17:46:06.904717+00:00
940,5368107765,25.225,0.41,sell,False,2022-11-08T17:46:05.330211+00:00
941,5368107183,25.225,0.39,sell,False,2022-11-08T17:46:03.608364+00:00
942,5368106827,25.225,0.41,sell,False,2022-11-08T17:46:02.023579+00:00
943,5368106073,25.225,0.4,sell,False,2022-11-08T17:45:59.901201+00:00
944,5368105676,25.225,0.39,sell,False,2022-11-08T17:45:58.420320+00:00
945,5368105080,25.225,0.45,sell,False,2022-11-08T17:45:56.602204+00:00
946,5368104568,25.225,0.4,sell,False,2022-11-08T17:45:54.829896+00:00
947,5368104072,25.225,0.39,sell,False,2022-11-08T17:45:53.319716+00:00
948,5368103226,25.225,0.39,sell,False,2022-11-08T17:45:51.806592+00:00
949,5368102515,25.225,0.43,sell,False,2022-11-08T17:45:50.265511+00:00
950,5368101499,25.225,0.39,sell,False,2022-11-08T17:45:48.561754+00:00
951,5368101074,25.225,0.39,sell,False,2022-11-08T17:45:47.288567+00:00
952,5368100461,25.225,0.39,sell,False,2022-11-08T17:45:45.396017+00:00
953,5368099624,25.225,0.39,sell,False,2022-11-08T17:45:43.712309+00:00
954,5368098916,25.225,0.4,sell,False,2022-11-08T17:45:41.951791+00:00
955,5368098441,25.225,0.39,sell,False,2022-11-08T17:45:40.420160+00:00
956,5368097802,25.225,0.42,sell,False,2022-11-08T17:45:38.610568+00:00
957,5368097024,25.225,0.4,sell,False,2022-11-08T17:45:36.816836+00:00
958,5368096703,25.225,0.39,sell,False,2022-11-08T17:45:35.843197+00:00
959,5368096043,25.225,0.46,sell,False,2022-11-08T17:45:34.233605+00:00
960,5368095563,25.225,0.39,sell,False,2022-11-08T17:45:32.720273+00:00
961,5368094618,25.225,0.4,sell,False,2022-11-08T17:45:30.235865+00:00
962,5368093932,25.225,0.4,sell,False,2022-11-08T17:45:28.446821+00:00
963,5368093280,25.225,0.4,sell,False,2022-11-08T17:45:26.677007+00:00
964,5368092716,25.225,0.43,sell,False,2022-11-08T17:45:24.808778+00:00
965,5368092273,25.225,0.4,sell,False,2022-11-08T17:45:23.047344+00:00
966,5368091673,25.225,0.42,sell,False,2022-11-08T17:45:21.282587+00:00
967,5368091019,25.225,0.4,sell,False,2022-11-08T17:45:19.611603+00:00
968,5368089545,25.225,0.41,sell,False,2022-11-08T17:45:17.625769+00:00
969,5368088741,25.225,0.39,sell,False,2022-11-08T17:45:15.559996+00:00
970,5368088449,25.225,0.39,sell,False,2022-11-08T17:45:14.666011+00:00
971,5368087834,25.225,0.4,sell,False,2022-11-08T17:45:12.826691+00:00
972,5368087262,25.225,0.4,sell,False,2022-11-08T17:45:11.018951+00:00
973,5368086774,25.225,0.4,sell,False,2022-11-08T17:45:09.223688+00:00
974,5368085673,25.225,0.43,sell,False,2022-11-08T17:45:06.507337+00:00
975,5368085422,25.225,0.39,sell,False,2022-11-08T17:45:05.621738+00:00
976,5368084562,25.225,0.4,sell,False,2022-11-08T17:45:03.515011+00:00
977,5368083258,25.225,0.45,sell,False,2022-11-08T17:45:00.620848+00:00
978,5368082562,25.225,0.41,sell,False,2022-11-08T17:44:58.724047+00:00
979,5368082074,25.225,0.4,sell,False,2022-11-08T17:44:56.998484+00:00
980,5368081332,25.225,0.39,sell,False,2022-11-08T17:44:55.201196+00:00
981,5368079663,25.225,0.48,sell,False,2022-11-08T17:44:52.073963+00:00
982,5368079472,25.225,0.43,sell,False,2022-11-08T17:44:51.534900+00:00
983,5368078525,25.225,0.42,sell,False,2022-11-08T17:44:49.408679+00:00
984,5368077753,25.225,0.39,sell,False,2022-11-08T17:44:47.965040+00:00
985,5368076811,25.225,0.39,sell,False,2022-11-08T17:44:45.810402+00:00
986,5368076027,25.225,0.44,sell,False,2022-11-08T17:44:44.041620+00:00
987,5368074659,25.225,0.39,sell,False,2022-11-08T17:44:42.272630+00:00
988,5368074133,25.225,0.39,sell,False,2022-11-08T17:44:41.339685+00:00
989,5368073497,25.225,0.43,sell,False,2022-11-08T17:44:39.510798+00:00
990,5368073000,25.225,0.41,sell,False,2022-11-08T17:44:37.704603+00:00
991,5368072505,25.225,0.41,sell,False,2022-11-08T17:44:35.917752+00:00
992,5368071878,25.225,0.41,sell,False,2022-11-08T17:44:34.229993+00:00
993,5368071129,25.225,0.39,sell,False,2022-11-08T17:44:32.617435+00:00
994,5368070521,25.225,0.41,sell,False,2022-11-08T17:44:30.801632+00:00
995,5368070063,25.225,0.47,sell,False,2022-11-08T17:44:28.970561+00:00
996,5368069509,25.225,0.4,sell,False,2022-11-08T17:44:27.581800+00:00
997,5368068893,25.225,0.39,sell,False,2022-11-08T17:44:25.697043+00:00
998,5368068231,25.225,0.4,sell,False,2022-11-08T17:44:23.925107+00:00
999,5368067050,25.225,0.42,sell,False,2022-11-08T17:44:22.113710+00:00
1000,5368066114,25.225,0.4,sell,False,2022-11-08T17:44:20.024125+00:00
1001,5368065549,25.225,0.41,sell,False,2022-11-08T17:44:18.374962+00:00
1002,5368065158,25.225,0.39,sell,False,2022-11-08T17:44:17.153073+00:00
1003,5368064295,25.225,0.42,sell,False,2022-11-08T17:44:15.326808+00:00
1004,5368063509,25.225,0.44,sell,False,2022-11-08T17:44:13.165631+00:00
1005,5368062308,25.225,0.39,sell,False,2022-11-08T17:44:11.074140+00:00
1006,5368061406,25.225,0.41,sell,False,2022-11-08T17:44:09.224788+00:00
1007,5368060741,25.225,0.39,sell,False,2022-11-08T17:44:07.213615+00:00
1008,5368059796,25.225,0.39,sell,False,2022-11-08T17:44:05.088996+00:00
1009,5368059054,25.225,0.4,sell,False,2022-11-08T17:44:03.507932+00:00
1010,5368058398,25.225,0.4,sell,False,2022-11-08T17:44:01.713800+00:00
1011,5368057515,25.225,0.44,sell,False,2022-11-08T17:43:59.623512+00:00
1012,5368057065,25.225,0.4,sell,False,2022-11-08T17:43:57.511646+00:00
1013,5368056276,25.225,0.39,sell,False,2022-11-08T17:43:55.640564+00:00
1014,5368055339,25.225,0.41,sell,False,2022-11-08T17:43:52.704367+00:00
1015,5368054472,25.225,0.39,sell,False,2022-11-08T17:43:50.600838+00:00
1016,5368054067,25.225,0.49,sell,False,2022-11-08T17:43:49.547033+00:00
1017,5368053167,25.225,0.4,sell,False,2022-11-08T17:43:48.404119+00:00
1018,5368052429,25.225,0.4,sell,False,2022-11-08T17:43:46.472648+00:00
1019,5368051296,25.225,0.44,sell,False,2022-11-08T17:43:43.059109+00:00
1020,5368050988,25.225,0.39,sell,False,2022-11-08T17:43:42.516753+00:00
1021,5368050438,25.225,0.39,sell,False,2022-11-08T17:43:40.713192+00:00
1022,5368049819,25.225,0.39,sell,False,2022-11-08T17:43:39.215222+00:00
1023,5368049144,25.225,0.41,sell,False,2022-11-08T17:43:37.184296+00:00
1024,5368048265,25.225,0.4,sell,False,2022-11-08T17:43:35.023588+00:00
1025,5368047315,25.225,0.39,sell,False,2022-11-08T17:43:32.984049+00:00
1026,5368045947,25.225,0.39,sell,False,2022-11-08T17:43:30.623554+00:00
1027,5368044321,25.225,0.41,sell,False,2022-11-08T17:43:28.736025+00:00
1028,5368043446,25.225,0.39,sell,False,2022-11-08T17:43:26.667858+00:00
1029,5368041999,25.225,0.39,sell,False,2022-11-08T17:43:24.800111+00:00
1030,5368040408,25.225,0.54,sell,False,2022-11-08T17:43:19.914358+00:00
1031,5368040282,25.225,0.39,sell,False,2022-11-08T17:43:19.371235+00:00
1032,5368040134,25.225,0.39,sell,False,2022-11-08T17:43:18.823834+00:00
1033,5368039407,25.225,0.39,sell,False,2022-11-08T17:43:16.701043+00:00
1034,5368039061,25.225,0.4,sell,False,2022-11-08T17:43:15.243537+00:00
1035,5368038254,25.225,0.39,sell,False,2022-11-08T17:43:12.805735+00:00
1036,5368037768,25.225,0.4,sell,False,2022-11-08T17:43:11.017108+00:00
1037,5368037295,25.225,0.4,sell,False,2022-11-08T17:43:09.225242+00:00
1038,5368036600,25.225,0.39,sell,False,2022-11-08T17:43:06.915318+00:00
1039,5368035280,25.225,0.39,sell,False,2022-11-08T17:43:04.003092+00:00
1040,5368034395,25.225,0.39,sell,False,2022-11-08T17:43:02.911171+00:00
1041,5368033676,25.225,0.39,sell,False,2022-11-08T17:43:01.142122+00:00
1042,5368033279,25.225,0.39,sell,False,2022-11-08T17:42:59.126068+00:00
1043,5368032773,25.225,0.39,sell,False,2022-11-08T17:42:57.245514+00:00
1044,5368032226,25.225,0.39,sell,False,2022-11-08T17:42:55.407838+00:00
1045,5368031695,25.225,0.4,sell,False,2022-11-08T17:42:53.360664+00:00
1046,5368031252,25.225,0.39,sell,False,2022-11-08T17:42:51.560275+00:00
1047,5368030307,25.225,0.4,sell,False,2022-11-08T17:42:49.429894+00:00
1048,5368029917,25.225,0.4,sell,False,2022-11-08T17:42:47.599308+00:00
1049,5368029506,25.225,0.39,sell,False,2022-11-08T17:42:45.800946+00:00
1050,5368028898,25.225,0.39,sell,False,2022-11-08T17:42:44.018197+00:00
1051,5368028014,25.225,0.4,sell,False,2022-11-08T17:42:42.269923+00:00
1052,5368027252,25.225,0.39,sell,False,2022-11-08T17:42:39.897734+00:00
1053,5368025807,25.225,0.43,sell,False,2022-11-08T17:42:37.095973+00:00
1054,5368025441,25.225,0.4,sell,False,2022-11-08T17:42:35.442705+00:00
1055,5368024829,25.225,0.43,sell,False,2022-11-08T17:42:33.499365+00:00
1056,5368024349,25.225,0.41,sell,False,2022-11-08T17:42:31.738157+00:00
1057,5368023785,25.225,0.39,sell,False,2022-11-08T17:42:30.072881+00:00
1058,5368023355,25.225,0.44,sell,False,2022-11-08T17:42:28.145635+00:00
1059,5368022921,25.225,0.4,sell,False,2022-11-08T17:42:26.315823+00:00
1060,5368022539,25.225,0.44,sell,False,2022-11-08T17:42:24.509182+00:00
1061,5368021876,25.225,0.41,sell,False,2022-11-08T17:42:22.706834+00:00
1062,5368021264,25.225,0.4,sell,False,2022-11-08T17:42:20.912616+00:00
1063,5368020841,25.225,0.43,sell,False,2022-11-08T17:42:19.134162+00:00
1064,5368020412,25.225,0.41,sell,False,2022-11-08T17:42:17.361798+00:00
1065,5368019948,25.225,0.42,sell,False,2022-11-08T17:42:15.548888+00:00
1066,5368019231,25.225,0.44,sell,False,2022-11-08T17:42:13.716344+00:00
1067,5368018510,25.225,0.39,sell,False,2022-11-08T17:42:11.913982+00:00
1068,5368017919,25.225,0.39,sell,False,2022-11-08T17:42:10.091416+00:00
1069,5368017504,25.225,0.4,sell,False,2022-11-08T17:42:08.739298+00:00
1070,5368016877,25.225,0.4,sell,False,2022-11-08T17:42:06.818033+00:00
1071,5368016318,25.225,0.43,sell,False,2022-11-08T17:42:05.518043+00:00
1072,5368015771,25.225,0.39,sell,False,2022-11-08T17:42:04.116679+00:00
1073,5368014624,25.225,0.4,sell,False,2022-11-08T17:42:01.762087+00:00
1074,5368014044,25.225,0.44,sell,False,2022-11-08T17:41:59.905181+00:00
1075,5368012907,25.225,0.79,sell,False,2022-11-08T17:41:57.786118+00:00
1076,5368012321,25.225,0.39,sell,False,2022-11-08T17:41:56.014686+00:00
1077,5368011710,25.225,0.4,sell,False,2022-11-08T17:41:53.904248+00:00
1078,5368010952,25.225,0.39,sell,False,2022-11-08T17:41:51.916989+00:00
1079,5368010322,25.225,0.4,sell,False,2022-11-08T17:41:49.708279+00:00
1080,5368009750,25.225,0.39,sell,False,2022-11-08T17:41:47.658959+00:00
1081,5368009130,25.225,0.39,sell,False,2022-11-08T17:41:45.807236+00:00
1082,5368008315,25.225,0.39,sell,False,2022-11-08T17:41:43.711664+00:00
1083,5368007795,25.225,0.42,sell,False,2022-11-08T17:41:41.592807+00:00
1084,5368007302,25.225,0.4,sell,False,2022-11-08T17:41:39.523167+00:00
1085,5368006506,25.225,0.39,sell,False,2022-11-08T17:41:37.417167+00:00
1086,5368005893,25.225,0.44,sell,False,2022-11-08T17:41:35.318825+00:00
1087,5368005258,25.225,0.4,sell,False,2022-11-08T17:41:33.214649+00:00
1088,5368004742,25.225,0.39,sell,False,2022-11-08T17:41:31.143066+00:00
1089,5368004004,25.225,0.42,sell,False,2022-11-08T17:41:29.040319+00:00
1090,5368002777,25.225,0.4,sell,False,2022-11-08T17:41:26.951445+00:00
1091,5368002094,25.225,0.4,sell,False,2022-11-08T17:41:24.803728+00:00
1092,5368001580,25.225,0.42,sell,False,2022-11-08T17:41:22.701764+00:00
1093,5368000900,25.225,0.39,sell,False,2022-11-08T17:41:20.617648+00:00
1094,5368000383,25.225,0.39,sell,False,2022-11-08T17:41:18.830728+00:00
1095,5367999910,25.225,0.4,sell,False,2022-11-08T17:41:16.705640+00:00
1096,5367999305,25.225,0.42,sell,False,2022-11-08T17:41:14.604557+00:00
1097,5367998745,25.225,0.39,sell,False,2022-11-08T17:41:12.509413+00:00
1098,5367998009,25.225,0.42,sell,False,2022-11-08T17:41:10.411271+00:00
1099,5367996936,25.225,0.41,sell,False,2022-11-08T17:41:08.299786+00:00
1100,5367995284,25.225,0.48,sell,False,2022-11-08T17:41:04.054726+00:00
1101,5367995085,25.225,0.42,sell,False,2022-11-08T17:41:03.519224+00:00
1102,5367994190,25.225,0.42,sell,False,2022-11-08T17:41:01.439208+00:00
1103,5367993656,25.225,0.39,sell,False,2022-11-08T17:40:59.342872+00:00
1104,5367993099,25.225,0.41,sell,False,2022-11-08T17:40:57.823317+00:00
1105,5367992225,25.225,0.43,sell,False,2022-11-08T17:40:54.483972+00:00
1106,5367992040,25.225,0.43,sell,False,2022-11-08T17:40:53.945666+00:00
1107,5367990809,25.225,0.41,sell,False,2022-11-08T17:40:50.579753+00:00
1108,5367990642,25.225,0.39,sell,False,2022-11-08T17:40:50.021231+00:00
1109,5367990121,25.225,0.39,sell,False,2022-11-08T17:40:48.070423+00:00
1110,5367989117,25.225,0.4,sell,False,2022-11-08T17:40:44.864882+00:00
1111,5367989016,25.225,0.39,sell,False,2022-11-08T17:40:44.330668+00:00
1112,5367988473,25.225,0.39,sell,False,2022-11-08T17:40:42.275752+00:00
1113,5367987621,25.225,0.42,sell,False,2022-11-08T17:40:40.530767+00:00
1114,5367987066,25.225,0.39,sell,False,2022-11-08T17:40:38.320670+00:00
1115,5367986518,25.225,0.39,sell,False,2022-11-08T17:40:36.507314+00:00
1116,5367986016,25.225,0.39,sell,False,2022-11-08T17:40:34.555215+00:00
1117,5367985019,25.225,0.46,sell,False,2022-11-08T17:40:31.089228+00:00
1118,5367984918,25.225,0.39,sell,False,2022-11-08T17:40:30.561866+00:00
1119,5367984254,25.225,0.45,sell,False,2022-11-08T17:40:27.142932+00:00
1120,5367984117,25.225,0.42,sell,False,2022-11-08T17:40:26.613633+00:00
1121,5367983485,25.225,0.39,sell,False,2022-11-08T17:40:24.623501+00:00
1122,5367982269,25.225,0.43,sell,False,2022-11-08T17:40:21.137667+00:00
1123,5367981964,25.225,0.4,sell,False,2022-11-08T17:40:20.597706+00:00
1124,5367981222,25.225,0.41,sell,False,2022-11-08T17:40:18.535565+00:00
1125,5367980785,25.225,0.42,sell,False,2022-11-08T17:40:16.402974+00:00
1126,5367980216,25.225,0.41,sell,False,2022-11-08T17:40:14.320218+00:00
1127,5367979687,25.225,0.4,sell,False,2022-11-08T17:40:12.224693+00:00
1128,5367979048,25.225,0.39,sell,False,2022-11-08T17:40:10.158292+00:00
1129,5367978582,25.225,0.39,sell,False,2022-11-08T17:40:08.134302+00:00
1130,5367978094,25.225,0.4,sell,False,2022-11-08T17:40:06.497158+00:00
1131,5367977401,25.225,0.4,sell,False,2022-11-08T17:40:04.412198+00:00
1132,5367976915,25.225,0.39,sell,False,2022-11-08T17:40:02.358104+00:00
1133,5367975801,25.225,0.46,sell,False,2022-11-08T17:39:58.693993+00:00
1134,5367975685,25.225,0.39,sell,False,2022-11-08T17:39:58.133646+00:00
1135,5367974922,25.225,0.39,sell,False,2022-11-08T17:39:56.041700+00:00
1136,5367974032,25.225,0.41,sell,False,2022-11-08T17:39:53.944731+00:00
1137,5367973510,25.225,0.39,sell,False,2022-11-08T17:39:51.840021+00:00
1138,5367972856,25.225,0.4,sell,False,2022-11-08T17:39:49.704164+00:00
1139,5367972298,25.225,0.39,sell,False,2022-11-08T17:39:47.753329+00:00
1140,5367971002,25.225,0.4,sell,False,2022-11-08T17:39:45.644871+00:00
1141,5367969929,25.225,0.39,sell,False,2022-11-08T17:39:43.410551+00:00
1142,5367969176,25.225,0.39,sell,False,2022-11-08T17:39:41.409296+00:00
1143,5367968247,25.225,0.5,sell,False,2022-11-08T17:39:37.695471+00:00
1144,5367968081,25.225,0.39,sell,False,2022-11-08T17:39:37.117804+00:00
1145,5367967257,25.225,0.4,sell,False,2022-11-08T17:39:34.421873+00:00
1146,5367966679,25.225,0.43,sell,False,2022-11-08T17:39:32.394773+00:00
1147,5367965270,25.225,0.43,sell,False,2022-11-08T17:39:28.414130+00:00
1148,5367964394,25.225,0.39,sell,False,2022-11-08T17:39:26.626003+00:00
1149,5367962966,25.225,0.4,sell,False,2022-11-08T17:39:24.850976+00:00
1150,5367962534,25.225,0.42,sell,False,2022-11-08T17:39:23.096592+00:00
1151,5367961950,25.225,0.41,sell,False,2022-11-08T17:39:21.295070+00:00
1152,5367961528,25.225,0.39,sell,False,2022-11-08T17:39:19.484554+00:00
1153,5367961256,25.225,0.39,sell,False,2022-11-08T17:39:17.979879+00:00
1154,5367960622,25.225,0.39,sell,False,2022-11-08T17:39:16.100891+00:00
1155,5367960287,25.225,0.42,sell,False,2022-11-08T17:39:14.298139+00:00
1156,5367959992,25.225,0.42,sell,False,2022-11-08T17:39:12.567069+00:00
1157,5367959443,25.225,0.4,sell,False,2022-11-08T17:39:10.697220+00:00
1158,5367959092,25.225,0.4,sell,False,2022-11-08T17:39:09.199904+00:00
1159,5367958741,25.225,0.41,sell,False,2022-11-08T17:39:07.429445+00:00
1160,5367958245,25.225,0.39,sell,False,2022-11-08T17:39:05.685162+00:00
1161,5367957770,25.225,0.4,sell,False,2022-11-08T17:39:04.140001+00:00
1162,5367957409,25.225,0.39,sell,False,2022-11-08T17:39:02.361400+00:00
1163,5367956860,25.225,0.4,sell,False,2022-11-08T17:39:00.504388+00:00
1164,5367956593,25.225,0.43,sell,False,2022-11-08T17:38:59.319989+00:00
1165,5367955099,25.225,0.42,sell,False,2022-11-08T17:38:53.606752+00:00
1166,5367954494,25.225,0.44,sell,False,2022-11-08T17:38:51.807518+00:00
1167,5367953802,25.225,0.39,sell,False,2022-11-08T17:38:50.056149+00:00
1168,5367953115,25.225,0.41,sell,False,2022-11-08T17:38:48.516267+00:00
1169,5367952536,25.225,0.41,sell,False,2022-11-08T17:38:46.764110+00:00
1170,5367952182,25.225,0.41,sell,False,2022-11-08T17:38:45.239404+00:00
1171,5367951314,25.225,0.39,sell,False,2022-11-08T17:38:42.905064+00:00
1172,5367950788,25.225,0.39,sell,False,2022-11-08T17:38:41.532557+00:00
1173,5367950196,25.225,0.44,sell,False,2022-11-08T17:38:40.100962+00:00
1174,5367949704,25.225,0.4,sell,False,2022-11-08T17:38:38.068938+00:00
1175,5367949348,25.225,0.43,sell,False,2022-11-08T17:38:36.539140+00:00
1176,5367948751,25.225,0.39,sell,False,2022-11-08T17:38:35.016897+00:00
1177,5367948248,25.225,0.39,sell,False,2022-11-08T17:38:33.353170+00:00
1178,5367947800,25.225,0.41,sell,False,2022-11-08T17:38:31.698109+00:00
1179,5367947167,25.225,0.41,sell,False,2022-11-08T17:38:29.899786+00:00
1180,5367946773,25.225,0.39,sell,False,2022-11-08T17:38:28.693206+00:00
1181,5367946363,25.225,0.4,sell,False,2022-11-08T17:38:27.207370+00:00
1182,5367945713,25.225,0.42,sell,False,2022-11-08T17:38:25.419025+00:00
1183,5367945371,25.225,0.42,sell,False,2022-11-08T17:38:23.910960+00:00
1184,5367944939,25.225,0.43,sell,False,2022-11-08T17:38:21.821720+00:00
1185,5367944584,25.225,0.43,sell,False,2022-11-08T17:38:20.305921+00:00
1186,5367944219,25.225,0.4,sell,False,2022-11-08T17:38:18.813753+00:00
1187,5367943812,25.225,0.4,sell,False,2022-11-08T17:38:17.326087+00:00
1188,5367943483,25.225,0.41,sell,False,2022-11-08T17:38:15.819538+00:00
1189,5367943180,25.225,0.42,sell,False,2022-11-08T17:38:14.315593+00:00
1190,5367942739,25.225,0.42,sell,False,2022-11-08T17:38:12.831652+00:00
1191,5367942436,25.225,0.4,sell,False,2022-11-08T17:38:11.358627+00:00
1192,5367941998,25.225,0.4,sell,False,2022-11-08T17:38:09.987835+00:00
1193,5367941441,25.225,0.4,sell,False,2022-11-08T17:38:08.611697+00:00
1194,5367940974,25.225,0.53,sell,False,2022-11-08T17:38:07.344387+00:00
1195,5367940511,25.225,0.45,sell,False,2022-11-08T17:38:05.014087+00:00
1196,5367940050,25.225,0.39,sell,False,2022-11-08T17:38:03.510679+00:00
1197,5367939742,25.225,0.42,sell,False,2022-11-08T17:38:02.018644+00:00
1198,5367939368,25.225,0.39,sell,False,2022-11-08T17:38:00.594141+00:00
1199,5367939167,25.225,0.39,sell,False,2022-11-08T17:37:59.062647+00:00
1200,5367938862,25.225,0.4,sell,False,2022-11-08T17:37:57.813991+00:00
1201,5367938275,25.225,0.39,sell,False,2022-11-08T17:37:56.311352+00:00
1202,5367937581,25.225,0.4,sell,False,2022-11-08T17:37:54.798748+00:00
1203,5367937355,25.225,0.4,sell,False,2022-11-08T17:37:53.310271+00:00
1204,5367936067,25.225,0.48,sell,False,2022-11-08T17:37:50.613295+00:00
1205,5367935957,25.225,0.39,sell,False,2022-11-08T17:37:50.017545+00:00
1206,5367935719,25.225,0.4,sell,False,2022-11-08T17:37:48.819281+00:00
1207,5367935202,25.225,0.44,sell,False,2022-11-08T17:37:47.014141+00:00
1208,5367934956,25.225,0.39,sell,False,2022-11-08T17:37:45.823622+00:00
1209,5367934700,25.225,0.42,sell,False,2022-11-08T17:37:44.325091+00:00
1210,5367933992,25.225,0.45,sell,False,2022-11-08T17:37:41.524736+00:00
1211,5367933904,25.225,0.39,sell,False,2022-11-08T17:37:40.997132+00:00
1212,5367933656,25.225,0.45,sell,False,2022-11-08T17:37:39.589962+00:00
1213,5367933081,25.225,0.4,sell,False,2022-11-08T17:37:38.024854+00:00
1214,5367932448,25.225,0.45,sell,False,2022-11-08T17:37:35.282302+00:00
1215,5367932193,25.225,0.42,sell,False,2022-11-08T17:37:34.743786+00:00
1216,5367931602,25.225,0.39,sell,False,2022-11-08T17:37:33.217357+00:00
1217,5367931269,25.225,0.4,sell,False,2022-11-08T17:37:31.759913+00:00
1218,5367930669,25.225,0.39,sell,False,2022-11-08T17:37:30.245658+00:00
1219,5367930225,25.225,0.4,sell,False,2022-11-08T17:37:28.712436+00:00
1220,5367929278,25.225,0.41,sell,False,2022-11-08T17:37:26.308733+00:00
1221,5367928881,25.225,0.45,sell,False,2022-11-08T17:37:24.809707+00:00
1222,5367928196,25.225,0.54,sell,False,2022-11-08T17:37:22.438459+00:00
1223,5367928072,25.225,0.44,sell,False,2022-11-08T17:37:21.849167+00:00
1224,5367927683,25.225,0.43,sell,False,2022-11-08T17:37:20.923052+00:00
1225,5367927537,25.225,0.43,sell,False,2022-11-08T17:37:20.277270+00:00
1226,5367926592,25.225,0.41,sell,False,2022-11-08T17:37:18.183779+00:00
1227,5367926427,25.225,0.4,sell,False,2022-11-08T17:37:17.623342+00:00
1228,5367925697,25.225,0.43,sell,False,2022-11-08T17:37:15.824809+00:00
1229,5367925144,25.225,0.43,sell,False,2022-11-08T17:37:14.027603+00:00
1230,5367924391,25.225,0.39,sell,False,2022-11-08T17:37:11.972837+00:00
1231,5367923229,25.225,0.44,sell,False,2022-11-08T17:37:09.137826+00:00
1232,5367923002,25.225,0.39,sell,False,2022-11-08T17:37:08.607959+00:00
1233,5367922076,25.225,0.4,sell,False,2022-11-08T17:37:07.014286+00:00
1234,5367921022,25.225,0.4,sell,False,2022-11-08T17:37:05.605508+00:00
1235,5367920596,25.225,0.41,sell,False,2022-11-08T17:37:03.826117+00:00
1236,5367920072,25.225,0.44,sell,False,2022-11-08T17:37:01.991586+00:00
1237,5367919484,25.225,0.42,sell,False,2022-11-08T17:37:00.275578+00:00
1238,5367918535,25.225,0.4,sell,False,2022-11-08T17:36:58.380472+00:00
1239,5367918058,25.225,0.39,sell,False,2022-11-08T17:36:56.586683+00:00
1240,5367917507,25.225,0.39,sell,False,2022-11-08T17:36:55.115140+00:00
1241,5367916691,25.225,0.45,sell,False,2022-11-08T17:36:52.054544+00:00
1242,5367916615,25.225,0.41,sell,False,2022-11-08T17:36:51.519515+00:00
1243,5367915933,25.225,0.39,sell,False,2022-11-08T17:36:49.831183+00:00
1244,5367915635,25.225,0.41,sell,False,2022-11-08T17:36:48.237103+00:00
1245,5367914116,25.225,0.66,sell,False,2022-11-08T17:36:43.386046+00:00
1246,5367914008,25.225,0.49,sell,False,2022-11-08T17:36:42.819634+00:00
1247,5367913804,25.225,0.4,sell,False,2022-11-08T17:36:42.195949+00:00
1248,5367913125,25.225,0.43,sell,False,2022-11-08T17:36:40.141477+00:00
1249,5367912305,25.225,0.39,sell,False,2022-11-08T17:36:38.385467+00:00
1250,5367911928,25.225,0.39,sell,False,2022-11-08T17:36:36.819294+00:00
1251,5367911415,25.225,0.43,sell,False,2022-11-08T17:36:35.297302+00:00
1252,5367911122,25.225,0.39,sell,False,2022-11-08T17:36:33.697896+00:00
1253,5367910693,25.225,0.42,sell,False,2022-11-08T17:36:32.063735+00:00
1254,5367910200,25.225,0.44,sell,False,2022-11-08T17:36:30.214695+00:00
1255,5367909635,25.225,0.39,sell,False,2022-11-08T17:36:28.411339+00:00
1256,5367909208,25.225,0.41,sell,False,2022-11-08T17:36:26.600494+00:00
1257,5367908743,25.225,0.39,sell,False,2022-11-08T17:36:24.518683+00:00
1258,5367908185,25.225,0.4,sell,False,2022-11-08T17:36:22.419046+00:00
1259,5367907612,25.225,0.44,sell,False,2022-11-08T17:36:20.307910+00:00
1260,5367906875,25.225,0.39,sell,False,2022-11-08T17:36:18.816569+00:00
1261,5367906497,25.225,0.42,sell,False,2022-11-08T17:36:17.019424+00:00
1262,5367906041,25.225,0.41,sell,False,2022-11-08T17:36:15.262151+00:00
1263,5367905708,25.225,0.4,sell,False,2022-11-08T17:36:13.759295+00:00
1264,5367905180,25.225,0.42,sell,False,2022-11-08T17:36:11.987730+00:00
1265,5367904581,25.225,0.43,sell,False,2022-11-08T17:36:09.800974+00:00
1266,5367903663,25.225,0.44,sell,False,2022-11-08T17:36:08.024303+00:00
1267,5367902992,25.225,0.46,sell,False,2022-11-08T17:36:06.371112+00:00
1268,5367902580,25.225,0.39,sell,False,2022-11-08T17:36:04.553290+00:00
1269,5367901922,25.225,0.41,sell,False,2022-11-08T17:36:02.936155+00:00
1270,5367901333,25.225,0.39,sell,False,2022-11-08T17:36:00.582656+00:00
1271,5367900887,25.225,0.39,sell,False,2022-11-08T17:35:59.039193+00:00
1272,5367900388,25.225,0.44,sell,False,2022-11-08T17:35:57.505576+00:00
1273,5367899684,25.225,0.4,sell,False,2022-11-08T17:35:55.726937+00:00
1274,5367899134,25.225,0.42,sell,False,2022-11-08T17:35:54.462544+00:00
1275,5367898732,25.225,0.4,sell,False,2022-11-08T17:35:53.028651+00:00
1276,5367898226,25.225,0.4,sell,False,2022-11-08T17:35:51.547341+00:00
1277,5367897843,25.225,0.39,sell,False,2022-11-08T17:35:49.996605+00:00
1278,5367897298,25.225,0.39,sell,False,2022-11-08T17:35:48.514787+00:00
1279,5367896663,25.225,0.39,sell,False,2022-11-08T17:35:47.048946+00:00
1280,5367896244,25.225,0.41,sell,False,2022-11-08T17:35:45.829486+00:00
1281,5367895821,25.225,0.39,sell,False,2022-11-08T17:35:44.705906+00:00
1282,5367895093,25.225,0.41,sell,False,2022-11-08T17:35:42.892047+00:00
1283,5367894216,25.225,0.4,sell,False,2022-11-08T17:35:41.434345+00:00
1284,5367894025,25.225,0.45,sell,False,2022-11-08T17:35:40.902518+00:00
1285,5367893476,25.225,0.39,sell,False,2022-11-08T17:35:39.346794+00:00
1286,5367892853,25.225,0.4,sell,False,2022-11-08T17:35:37.730265+00:00
1287,5367892113,25.225,0.42,sell,False,2022-11-08T17:35:36.193785+00:00
1288,5367891697,25.225,0.41,sell,False,2022-11-08T17:35:34.714934+00:00
1289,5367890994,25.225,0.42,sell,False,2022-11-08T17:35:32.895302+00:00
1290,5367890344,25.225,0.41,sell,False,2022-11-08T17:35:31.222892+00:00
1291,5367889731,25.225,0.39,sell,False,2022-11-08T17:35:29.635645+00:00
1292,5367889295,25.225,0.39,sell,False,2022-11-08T17:35:27.822907+00:00
1293,5367889015,25.225,0.43,sell,False,2022-11-08T17:35:26.343669+00:00
1294,5367888482,25.225,0.4,sell,False,2022-11-08T17:35:24.500077+00:00
1295,5367887922,25.225,0.43,sell,False,2022-11-08T17:35:22.834757+00:00
1296,5367887115,25.225,0.39,sell,False,2022-11-08T17:35:21.032740+00:00
1297,5367886716,25.225,0.41,sell,False,2022-11-08T17:35:19.423965+00:00
1298,5367886056,25.225,0.42,sell,False,2022-11-08T17:35:17.013401+00:00
1299,5367885426,25.225,0.39,sell,False,2022-11-08T17:35:15.828176+00:00
1300,5367884921,25.225,0.41,sell,False,2022-11-08T17:35:14.453780+00:00
1301,5367883861,25.225,0.39,sell,False,2022-11-08T17:35:12.366177+00:00
1302,5367882901,25.225,0.4,sell,False,2022-11-08T17:35:10.801195+00:00
1303,5367881972,25.225,0.4,sell,False,2022-11-08T17:35:09.209444+00:00
1304,5367880928,25.225,0.39,sell,False,2022-11-08T17:35:07.333378+00:00
1305,5367879956,25.225,0.39,sell,False,2022-11-08T17:35:06.242808+00:00
1306,5367877931,25.225,0.46,sell,False,2022-11-08T17:35:03.462931+00:00
1307,5367877559,25.225,0.41,sell,False,2022-11-08T17:35:02.925662+00:00
1308,5367876555,25.225,0.39,sell,False,2022-11-08T17:35:00.810276+00:00
1309,5367875918,25.225,0.43,sell,False,2022-11-08T17:34:59.297708+00:00
1310,5367875425,25.225,0.42,sell,False,2022-11-08T17:34:57.526134+00:00
1311,5367874795,25.225,0.42,sell,False,2022-11-08T17:34:55.726958+00:00
1312,5367874135,25.225,0.39,sell,False,2022-11-08T17:34:54.033021+00:00
1313,5367873528,25.225,0.39,sell,False,2022-11-08T17:34:52.232176+00:00
1314,5367873068,25.225,0.4,sell,False,2022-11-08T17:34:50.850710+00:00
1315,5367872859,25.225,0.4,sell,False,2022-11-08T17:34:50.302224+00:00
1316,5367872205,25.225,0.44,sell,False,2022-11-08T17:34:48.417373+00:00
1317,5367871645,25.225,0.4,sell,False,2022-11-08T17:34:46.720762+00:00
1318,5367870778,25.225,0.41,sell,False,2022-11-08T17:34:44.643909+00:00
1319,5367870088,25.225,0.4,sell,False,2022-11-08T17:34:42.650798+00:00
1320,5367869308,25.225,0.47,sell,False,2022-11-08T17:34:40.765073+00:00
1321,5367868884,25.225,0.39,sell,False,2022-11-08T17:34:39.967136+00:00
1322,5367868124,25.225,0.4,sell,False,2022-11-08T17:34:37.711814+00:00
1323,5367867149,25.225,0.41,sell,False,2022-11-08T17:34:35.914505+00:00
1324,5367865988,25.225,0.4,sell,False,2022-11-08T17:34:33.531131+00:00
1325,5367862595,25.225,0.5,sell,False,2022-11-08T17:34:29.442077+00:00
1326,5367862323,25.225,0.4,sell,False,2022-11-08T17:34:28.901730+00:00
1327,5367859437,25.225,0.45,sell,False,2022-11-08T17:34:25.038745+00:00
1328,5367859169,25.225,0.39,sell,False,2022-11-08T17:34:24.498628+00:00
1329,5367858013,25.225,0.42,sell,False,2022-11-08T17:34:22.107239+00:00
1330,5367856593,25.225,0.39,sell,False,2022-11-08T17:34:19.901611+00:00
1331,5367855005,25.225,0.41,sell,False,2022-11-08T17:34:17.133377+00:00
1332,5367854153,25.225,0.42,sell,False,2022-11-08T17:34:15.268041+00:00
1333,5367853307,25.225,0.39,sell,False,2022-11-08T17:34:12.862032+00:00
1334,5367852549,25.225,0.39,sell,False,2022-11-08T17:34:10.545321+00:00
1335,5367851904,25.225,0.39,sell,False,2022-11-08T17:34:08.327376+00:00
1336,5367851003,25.225,0.39,sell,False,2022-11-08T17:34:05.962336+00:00
1337,5367850147,25.225,0.4,sell,False,2022-11-08T17:34:03.804813+00:00
1338,5367849318,25.225,0.39,sell,False,2022-11-08T17:34:01.515126+00:00
1339,5367848373,25.225,0.39,sell,False,2022-11-08T17:33:59.179825+00:00
1340,5367847605,25.225,0.4,sell,False,2022-11-08T17:33:56.836255+00:00
1341,5367846242,25.225,0.39,sell,False,2022-11-08T17:33:54.229319+00:00
1342,5367845311,25.225,0.39,sell,False,2022-11-08T17:33:51.823573+00:00
1343,5367843977,25.225,0.43,sell,False,2022-11-08T17:33:49.705695+00:00
1344,5367843396,25.225,0.39,sell,False,2022-11-08T17:33:47.746632+00:00
1345,5367842453,25.225,0.42,sell,False,2022-11-08T17:33:45.845107+00:00
1346,5367841479,25.225,0.39,sell,False,2022-11-08T17:33:43.770638+00:00
1347,5367840571,25.225,0.41,sell,False,2022-11-08T17:33:41.943215+00:00
1348,5367839854,25.225,0.39,sell,False,2022-11-08T17:33:40.077086+00:00
1349,5367838742,25.225,0.43,sell,False,2022-11-08T17:33:38.051418+00:00
1350,5367837567,25.225,0.39,sell,False,2022-11-08T17:33:35.975000+00:00
1351,5367836832,25.225,0.4,sell,False,2022-11-08T17:33:34.127270+00:00
1352,5367836001,25.225,0.4,sell,False,2022-11-08T17:33:32.072094+00:00
1353,5367835294,25.225,0.43,sell,False,2022-11-08T17:33:30.585784+00:00
1354,5367833846,25.225,0.39,sell,False,2022-11-08T17:33:28.483772+00:00
1355,5367832766,25.225,0.4,sell,False,2022-11-08T17:33:26.612960+00:00
1356,5367830546,25.225,0.39,sell,False,2022-11-08T17:33:23.994585+00:00
1357,5367829813,25.225,0.39,sell,False,2022-11-08T17:33:22.298785+00:00
1358,5367828057,25.225,0.41,sell,False,2022-11-08T17:33:20.306187+00:00
1359,5367827373,25.225,0.42,sell,False,2022-11-08T17:33:18.498255+00:00
1360,5367826367,25.225,0.4,sell,False,2022-11-08T17:33:16.485819+00:00
1361,5367825536,25.225,0.41,sell,False,2022-11-08T17:33:14.930026+00:00
1362,5367824639,25.225,0.41,sell,False,2022-11-08T17:33:12.530265+00:00
1363,5367824210,25.225,0.42,sell,False,2022-11-08T17:33:10.971458+00:00
1364,5367823018,25.225,0.4,sell,False,2022-11-08T17:33:08.125084+00:00
1365,5367822073,25.225,0.42,sell,False,2022-11-08T17:33:06.207701+00:00
1366,5367821627,25.225,0.41,sell,False,2022-11-08T17:33:04.425587+00:00
1367,5367820931,25.225,0.39,sell,False,2022-11-08T17:33:02.639247+00:00
1368,5367820286,25.225,0.39,sell,False,2022-11-08T17:33:01.153728+00:00
1369,5367819860,25.225,0.39,sell,False,2022-11-08T17:32:59.390677+00:00
1370,5367819516,25.225,0.39,sell,False,2022-11-08T17:32:57.809396+00:00
1371,5367818925,25.225,0.4,sell,False,2022-11-08T17:32:56.021039+00:00
1372,5367818032,25.225,0.44,sell,False,2022-11-08T17:32:53.906461+00:00
1373,5367817580,25.225,0.44,sell,False,2022-11-08T17:32:52.173845+00:00
1374,5367816912,25.225,0.39,sell,False,2022-11-08T17:32:50.311377+00:00
1375,5367816311,25.225,0.52,sell,False,2022-11-08T17:32:48.853556+00:00
1376,5367815572,25.225,0.42,sell,False,2022-11-08T17:32:47.024818+00:00
1377,5367814889,25.225,0.41,sell,False,2022-11-08T17:32:45.197954+00:00
1378,5367814356,25.225,0.4,sell,False,2022-11-08T17:32:43.518049+00:00
1379,5367813787,25.225,0.43,sell,False,2022-11-08T17:32:41.612044+00:00
1380,5367812993,25.225,0.4,sell,False,2022-11-08T17:32:39.818581+00:00
1381,5367812438,25.225,0.41,sell,False,2022-11-08T17:32:38.047033+00:00
1382,5367811750,25.225,0.39,sell,False,2022-11-08T17:32:36.226312+00:00
1383,5367811134,25.225,0.41,sell,False,2022-11-08T17:32:34.443874+00:00
1384,5367810552,25.225,0.39,sell,False,2022-11-08T17:32:32.815279+00:00
1385,5367807687,25.225,0.58,sell,False,2022-11-08T17:32:28.424475+00:00
1386,5367807151,25.225,0.42,sell,False,2022-11-08T17:32:27.841172+00:00
1387,5367806725,25.225,0.39,sell,False,2022-11-08T17:32:27.264761+00:00
1388,5367804968,25.225,0.4,sell,False,2022-11-08T17:32:25.483150+00:00
1389,5367804267,25.225,0.41,sell,False,2022-11-08T17:32:23.599288+00:00
1390,5367803332,25.225,0.44,sell,False,2022-11-08T17:32:20.584889+00:00
