,id,price,size,side,liquidation,time
0,5400780009,74.125,0.25,buy,False,2022-11-10T08:38:00.792742+00:00
1,5400600688,74.125,6.965,buy,False,2022-11-10T08:14:46.464218+00:00
2,5400595527,74.125,10.0,buy,False,2022-11-10T08:13:59.115849+00:00
3,5400580452,72.0,0.51,sell,False,2022-11-10T08:12:04.159667+00:00
4,5400575186,77.175,3.47,sell,False,2022-11-10T08:11:29.185848+00:00
5,5400575185,77.2,1.0,sell,False,2022-11-10T08:11:29.185848+00:00
6,5400575184,77.225,5.0,sell,False,2022-11-10T08:11:29.185848+00:00
7,5400575183,92.625,0.94,sell,False,2022-11-10T08:11:29.185848+00:00
8,5400378442,92.625,0.06,sell,False,2022-11-10T07:48:42.291822+00:00
9,5400378441,92.625,0.285,sell,False,2022-11-10T07:48:42.291822+00:00
10,5400328351,92.625,0.68,sell,False,2022-11-10T07:41:48.068116+00:00
11,5400048911,92.625,0.035,sell,False,2022-11-10T07:08:45.705585+00:00
12,5399381007,77.2,0.415,sell,False,2022-11-10T05:49:02.610809+00:00
13,5399247033,128.25,0.12,buy,False,2022-11-10T05:25:53.051307+00:00
14,5399163601,128.25,3.0,buy,False,2022-11-10T05:17:33.858226+00:00
15,5398915135,128.25,19.96,buy,False,2022-11-10T04:45:37.723613+00:00
16,5398914807,128.0,50.0,buy,False,2022-11-10T04:45:33.078721+00:00
17,5398914317,126.525,0.575,buy,False,2022-11-10T04:45:28.130667+00:00
18,5398899143,119.2,16.8,buy,False,2022-11-10T04:42:01.953742+00:00
19,5398897231,113.4,17.2,buy,False,2022-11-10T04:41:43.520567+00:00
20,5398897087,105.325,27.08,buy,False,2022-11-10T04:41:41.220748+00:00
21,5398896849,104.0,0.8,buy,False,2022-11-10T04:41:38.909706+00:00
22,5398896776,103.55,0.6,buy,False,2022-11-10T04:41:37.021968+00:00
23,5398896477,102.0,20.0,buy,False,2022-11-10T04:41:33.385260+00:00
24,5398896287,101.975,2.895,buy,False,2022-11-10T04:41:31.234292+00:00
25,5398895998,101.95,0.06,buy,False,2022-11-10T04:41:28.444407+00:00
26,5398895718,97.975,3.215,buy,False,2022-11-10T04:41:25.422239+00:00
27,5398883844,97.975,5.785,buy,False,2022-11-10T04:38:30.714000+00:00
28,5398883843,97.95,1.215,buy,False,2022-11-10T04:38:30.714000+00:00
29,5398468389,77.175,0.48,sell,False,2022-11-10T03:28:58.955001+00:00
30,5397997148,77.175,12.75,sell,False,2022-11-10T02:16:54.887147+00:00
31,5396428168,77.175,1.41,sell,False,2022-11-09T23:31:56.522303+00:00
32,5396088426,98.85,0.045,buy,False,2022-11-09T23:08:14.009680+00:00
33,5396088425,98.85,0.065,buy,False,2022-11-09T23:08:14.009680+00:00
34,5395913527,88.0,1.59,buy,False,2022-11-09T22:53:04.981298+00:00
35,5395776936,88.0,20.0,sell,False,2022-11-09T22:40:43.760713+00:00
36,5395546562,77.175,8.025,sell,False,2022-11-09T22:20:40.803673+00:00
37,5395390000,77.175,1.0,sell,False,2022-11-09T22:08:14.767780+00:00
38,5394633899,77.175,2.895,sell,False,2022-11-09T21:25:26.542580+00:00
39,5394573193,77.175,4.02,sell,False,2022-11-09T21:22:12.669133+00:00
40,5393854790,77.175,5.0,sell,False,2022-11-09T20:40:11.595628+00:00
41,5393800661,77.175,0.29,sell,False,2022-11-09T20:35:51.933602+00:00
42,5393800660,77.2,0.17,sell,False,2022-11-09T20:35:51.933602+00:00
43,5393773140,77.2,0.79,sell,False,2022-11-09T20:34:08.944798+00:00
44,5393768132,77.2,0.255,sell,False,2022-11-09T20:33:54.278160+00:00
45,5393753289,78.425,0.205,buy,False,2022-11-09T20:32:44.172137+00:00
46,5393487679,98.025,0.17,sell,False,2022-11-09T20:03:59.028258+00:00
47,5393484363,98.025,0.4,sell,False,2022-11-09T20:03:42.081396+00:00
48,5393484312,94.15,0.28,buy,False,2022-11-09T20:03:41.876654+00:00
49,5393484311,91.0,0.22,buy,False,2022-11-09T20:03:41.876654+00:00
50,5393484310,90.0,0.275,buy,False,2022-11-09T20:03:41.876654+00:00
51,5393484309,90.0,10.0,buy,False,2022-11-09T20:03:41.876654+00:00
52,5393452434,89.0,3.195,buy,False,2022-11-09T20:01:08.582873+00:00
53,5393452433,87.25,6.46,buy,False,2022-11-09T20:01:08.582873+00:00
54,5393452432,87.0,0.285,buy,False,2022-11-09T20:01:08.582873+00:00
55,5393452431,86.975,1.075,buy,False,2022-11-09T20:01:08.582873+00:00
56,5393452430,85.0,0.29,buy,False,2022-11-09T20:01:08.582873+00:00
57,5393452429,84.0,0.235,buy,False,2022-11-09T20:01:08.582873+00:00
58,5393452428,82.7,0.63,buy,False,2022-11-09T20:01:08.582873+00:00
59,5393082758,78.175,2.02,sell,False,2022-11-09T19:27:00.476165+00:00
60,5392942150,78.25,2.815,sell,False,2022-11-09T19:14:56.813973+00:00
61,5391616143,78.6,11.78,sell,False,2022-11-09T17:51:26.572782+00:00
62,5391005380,78.55,0.53,sell,False,2022-11-09T17:03:56.999953+00:00
63,5390483558,78.375,2.16,sell,False,2022-11-09T16:26:14.135761+00:00
64,5389384335,79.55,0.345,buy,False,2022-11-09T15:30:36.598346+00:00
65,5388036338,79.475,0.115,sell,False,2022-11-09T13:34:16.877324+00:00
66,5386865479,79.975,0.04,sell,False,2022-11-09T12:18:55.622233+00:00
67,5386731317,80.0,1.065,sell,False,2022-11-09T12:10:57.467602+00:00
68,5385931806,79.475,31.475,sell,False,2022-11-09T11:10:01.013946+00:00
69,5385931805,80.025,91.56,sell,False,2022-11-09T11:10:01.013946+00:00
70,5385606036,79.475,1.0,sell,False,2022-11-09T10:44:39.423814+00:00
71,5384652192,80.05,10.0,sell,False,2022-11-09T09:55:26.462432+00:00
72,5380743934,80.45,38.205,buy,False,2022-11-09T05:09:41.529472+00:00
73,5380743933,80.45,0.645,buy,False,2022-11-09T05:09:41.529472+00:00
74,5380743833,80.45,37.56,buy,False,2022-11-09T05:09:40.993754+00:00
75,5380743832,80.45,0.07,buy,False,2022-11-09T05:09:40.993754+00:00
76,5380743743,80.45,43.33,buy,False,2022-11-09T05:09:40.375930+00:00
77,5380741817,80.45,44.835,buy,False,2022-11-09T05:09:32.188009+00:00
78,5380731420,80.45,25.35,sell,False,2022-11-09T05:08:54.690898+00:00
79,5380187527,80.45,1.395,sell,False,2022-11-09T04:17:35.160638+00:00
80,5380187526,80.475,0.12,sell,False,2022-11-09T04:17:35.160638+00:00
81,5378745324,81.375,0.12,buy,False,2022-11-09T02:04:42.922015+00:00
82,5378617621,80.45,1.96,sell,False,2022-11-09T01:53:40.289675+00:00
83,5377369017,80.55,20.395,sell,False,2022-11-08T23:58:06.714054+00:00
84,5377214170,80.125,12.565,sell,False,2022-11-08T23:45:34.623081+00:00
85,5377214169,80.15,0.96,sell,False,2022-11-08T23:45:34.623081+00:00
86,5376919967,81.375,0.945,buy,False,2022-11-08T23:27:06.992350+00:00
87,5376913186,80.35,1.94,sell,False,2022-11-08T23:26:35.728223+00:00
88,5376640113,80.1,1.415,sell,False,2022-11-08T23:05:48.791772+00:00
89,5375808426,79.925,0.84,sell,False,2022-11-08T22:01:36.460182+00:00
90,5375236525,80.2,0.31,sell,False,2022-11-08T21:27:50.162448+00:00
91,5375223815,80.2,0.005,sell,False,2022-11-08T21:27:05.033143+00:00
92,5375223569,80.2,0.005,sell,False,2022-11-08T21:27:03.508848+00:00
93,5375223180,80.2,0.005,sell,False,2022-11-08T21:27:01.960002+00:00
94,5375222745,80.2,0.005,sell,False,2022-11-08T21:27:00.464602+00:00
95,5375222503,80.2,0.005,sell,False,2022-11-08T21:26:58.914104+00:00
96,5375222285,80.2,0.005,sell,False,2022-11-08T21:26:57.428558+00:00
97,5375221960,80.2,0.005,sell,False,2022-11-08T21:26:55.830296+00:00
98,5375221303,80.2,0.005,sell,False,2022-11-08T21:26:54.391230+00:00
99,5375220972,80.2,0.005,sell,False,2022-11-08T21:26:52.835092+00:00
100,5375220707,80.2,0.005,sell,False,2022-11-08T21:26:51.341343+00:00
101,5375220426,80.2,0.005,sell,False,2022-11-08T21:26:49.813978+00:00
102,5375219857,80.2,0.005,sell,False,2022-11-08T21:26:48.301323+00:00
103,5375219552,80.2,0.005,sell,False,2022-11-08T21:26:46.745037+00:00
104,5375218929,80.2,0.005,sell,False,2022-11-08T21:26:45.271927+00:00
105,5375218451,80.2,0.005,sell,False,2022-11-08T21:26:43.707141+00:00
106,5375217988,80.2,0.005,sell,False,2022-11-08T21:26:42.232623+00:00
107,5375217589,80.2,0.005,sell,False,2022-11-08T21:26:40.715928+00:00
108,5375217138,80.2,0.005,sell,False,2022-11-08T21:26:39.023999+00:00
109,5375216763,80.2,0.005,sell,False,2022-11-08T21:26:37.623366+00:00
110,5375216428,80.2,0.005,sell,False,2022-11-08T21:26:36.227098+00:00
111,5375215986,80.2,0.005,sell,False,2022-11-08T21:26:34.577656+00:00
112,5375215691,80.2,0.005,sell,False,2022-11-08T21:26:33.128187+00:00
113,5375215317,80.2,0.005,sell,False,2022-11-08T21:26:31.542088+00:00
114,5375214797,80.2,0.005,sell,False,2022-11-08T21:26:30.112332+00:00
115,5375214345,80.2,0.005,sell,False,2022-11-08T21:26:28.498884+00:00
116,5375214054,80.2,0.005,sell,False,2022-11-08T21:26:27.010122+00:00
117,5375213494,80.2,0.005,sell,False,2022-11-08T21:26:25.467638+00:00
118,5375213092,80.2,0.005,sell,False,2022-11-08T21:26:24.006618+00:00
119,5375212406,80.2,0.005,sell,False,2022-11-08T21:26:21.934558+00:00
120,5375211972,80.2,0.005,sell,False,2022-11-08T21:26:20.386104+00:00
121,5375211663,80.2,0.005,sell,False,2022-11-08T21:26:18.946279+00:00
122,5375210663,80.2,0.005,sell,False,2022-11-08T21:26:17.348220+00:00
123,5375210296,80.2,0.005,sell,False,2022-11-08T21:26:15.867217+00:00
124,5375209918,80.2,0.005,sell,False,2022-11-08T21:26:14.302146+00:00
125,5375209539,80.2,0.005,sell,False,2022-11-08T21:26:12.810686+00:00
126,5375209101,80.2,0.005,sell,False,2022-11-08T21:26:11.266378+00:00
127,5375208766,80.2,0.005,sell,False,2022-11-08T21:26:09.766774+00:00
128,5375208426,80.2,0.005,sell,False,2022-11-08T21:26:08.221870+00:00
129,5375207995,80.2,0.005,sell,False,2022-11-08T21:26:06.726452+00:00
130,5375207618,80.2,0.005,sell,False,2022-11-08T21:26:04.701601+00:00
131,5375207040,80.2,0.005,sell,False,2022-11-08T21:26:03.155060+00:00
132,5375206675,80.2,0.005,sell,False,2022-11-08T21:26:01.816646+00:00
133,5375206267,80.2,0.005,sell,False,2022-11-08T21:26:00.134937+00:00
134,5375205933,80.2,0.005,sell,False,2022-11-08T21:25:58.658967+00:00
135,5375205660,80.2,0.005,sell,False,2022-11-08T21:25:57.063068+00:00
136,5373484764,80.15,1.985,sell,False,2022-11-08T20:03:52.351379+00:00
137,5373484763,80.25,32.78,sell,False,2022-11-08T20:03:52.351379+00:00
138,5373003607,79.875,1.935,sell,False,2022-11-08T19:47:24.247751+00:00
139,5372082729,79.125,1.0,buy,False,2022-11-08T19:29:11.903700+00:00
140,5371456355,80.15,0.245,sell,False,2022-11-08T19:14:33.148225+00:00
141,5371456354,80.175,0.115,sell,False,2022-11-08T19:14:33.148225+00:00
142,5371003313,77.2,0.945,sell,False,2022-11-08T18:59:47.348242+00:00
143,5370936645,79.25,0.285,buy,False,2022-11-08T18:57:24.350049+00:00
144,5370936489,79.25,0.3,buy,False,2022-11-08T18:57:24.150783+00:00
145,5370936341,79.25,1.3,buy,False,2022-11-08T18:57:23.936337+00:00
146,5370199450,79.825,10.0,sell,False,2022-11-08T18:33:58.509249+00:00
147,5369757730,81.0,0.435,buy,False,2022-11-08T18:22:43.446035+00:00
148,5367801324,82.9,2.095,buy,False,2022-11-08T17:32:14.586080+00:00
149,5367450051,82.7,0.37,sell,False,2022-11-08T17:21:09.768795+00:00
150,5367184576,83.0,0.3,buy,False,2022-11-08T17:11:29.532721+00:00
151,5367103267,82.925,0.965,buy,False,2022-11-08T17:07:21.305141+00:00
152,5366532202,82.6,1.47,sell,False,2022-11-08T16:44:47.301218+00:00
153,5366505284,82.65,0.97,buy,False,2022-11-08T16:43:44.655877+00:00
154,5366264831,82.35,0.975,buy,False,2022-11-08T16:34:54.671671+00:00
155,5366046705,82.25,0.21,buy,False,2022-11-08T16:30:06.006308+00:00
156,5365839205,82.05,0.98,buy,False,2022-11-08T16:23:15.259991+00:00
157,5365830799,82.0,5.655,buy,False,2022-11-08T16:23:01.695684+00:00
158,5365132402,81.3,2.0,sell,False,2022-11-08T16:08:16.899671+00:00
159,5364559983,81.775,0.98,buy,False,2022-11-08T15:47:49.131162+00:00
160,5364448451,81.475,0.985,buy,False,2022-11-08T15:39:01.972224+00:00
161,5364420918,81.2,0.99,buy,False,2022-11-08T15:36:48.537980+00:00
162,5364220185,80.825,0.125,sell,False,2022-11-08T15:24:29.456186+00:00
163,5364218364,80.9,0.99,buy,False,2022-11-08T15:24:20.971821+00:00
164,5364169485,80.625,0.995,buy,False,2022-11-08T15:21:06.276699+00:00
165,5363937162,80.325,1.0,buy,False,2022-11-08T15:06:05.532649+00:00
166,5363878462,80.05,1.0,buy,False,2022-11-08T15:02:09.983017+00:00
167,5363807238,79.5,1.995,buy,False,2022-11-08T14:57:25.238606+00:00
168,5363358623,79.75,1.005,buy,False,2022-11-08T14:36:42.447157+00:00
169,5363322552,79.425,0.365,sell,False,2022-11-08T14:35:31.311749+00:00
170,5363318720,79.45,1.01,buy,False,2022-11-08T14:35:14.962229+00:00
171,5363314935,79.175,1.015,buy,False,2022-11-08T14:35:01.457611+00:00
172,5363298875,78.875,1.015,buy,False,2022-11-08T14:33:55.846901+00:00
173,5363274541,78.6,1.02,buy,False,2022-11-08T14:32:15.530209+00:00
174,5363249537,78.3,1.025,buy,False,2022-11-08T14:30:24.735291+00:00
175,5363247800,78.25,11.24,buy,False,2022-11-08T14:30:19.619685+00:00
176,5363166099,77.825,4.26,sell,False,2022-11-08T14:24:45.956049+00:00
177,5363052598,77.85,1.32,buy,False,2022-11-08T14:17:54.544957+00:00
178,5362017556,77.85,0.39,sell,False,2022-11-08T12:32:37.457586+00:00
179,5361558373,78.05,2.4,buy,False,2022-11-08T11:33:13.721877+00:00
180,5360481036,78.05,0.5,buy,False,2022-11-08T09:39:45.957135+00:00
181,5360480988,78.05,0.5,buy,False,2022-11-08T09:39:45.730446+00:00
182,5360480814,78.05,1.0,buy,False,2022-11-08T09:39:45.521307+00:00
183,5360480700,78.05,2.0,buy,False,2022-11-08T09:39:45.306135+00:00
184,5360480632,78.05,4.0,buy,False,2022-11-08T09:39:45.103351+00:00
185,5360395075,77.7,3.83,sell,False,2022-11-08T09:31:09.293956+00:00
186,5360395062,77.95,4.0,buy,False,2022-11-08T09:31:09.230233+00:00
187,5360395015,77.95,8.0,buy,False,2022-11-08T09:31:08.999378+00:00
188,5360394977,77.95,16.5,buy,False,2022-11-08T09:31:08.792733+00:00
189,5360366766,78.0,24.0,buy,False,2022-11-08T09:28:39.328799+00:00
190,5360366765,78.0,9.0,buy,False,2022-11-08T09:28:39.328758+00:00
191,5360365475,77.9,33.88,buy,False,2022-11-08T09:28:29.847864+00:00
192,5360363757,77.975,1.055,buy,False,2022-11-08T09:28:19.473439+00:00
193,5360348426,77.95,2.5,buy,False,2022-11-08T09:27:04.473552+00:00
194,5360292492,77.625,6.62,buy,False,2022-11-08T09:20:23.334363+00:00
195,5360292480,77.625,25.0,buy,False,2022-11-08T09:20:23.267742+00:00
196,5359629992,76.725,10.95,sell,False,2022-11-08T08:17:12.965509+00:00
197,5357527548,77.25,0.205,sell,False,2022-11-08T05:43:23.435298+00:00
198,5357370327,77.275,1.0,sell,False,2022-11-08T05:35:59.365859+00:00
199,5354350955,77.55,1.0,sell,False,2022-11-08T03:34:38.162866+00:00
200,5354030211,77.525,1.0,sell,False,2022-11-08T03:21:13.545881+00:00
201,5352891586,77.975,2.575,buy,False,2022-11-08T02:09:20.212651+00:00
202,5351712245,77.775,25.0,buy,False,2022-11-07T23:47:27.171251+00:00
203,5349995193,77.25,0.05,sell,False,2022-11-07T21:11:01.179501+00:00
204,5349990798,77.25,12.77,sell,False,2022-11-07T21:10:16.591475+00:00
205,5349954449,77.825,12.82,buy,False,2022-11-07T21:04:56.112471+00:00
206,5349409781,77.375,0.64,sell,False,2022-11-07T19:49:58.975594+00:00
207,5348511253,77.275,1.055,sell,False,2022-11-07T17:43:47.131806+00:00
208,5348502791,77.15,0.495,sell,False,2022-11-07T17:42:08.863105+00:00
209,5348482548,77.175,0.5,sell,False,2022-11-07T17:38:24.020920+00:00
210,5348445479,77.5,14.0,buy,False,2022-11-07T17:31:56.481055+00:00
211,5348443652,77.525,22.025,buy,False,2022-11-07T17:31:40.086274+00:00
212,5348442980,77.525,33.24,buy,False,2022-11-07T17:31:35.054582+00:00
213,5348441605,77.5,38.8,buy,False,2022-11-07T17:31:23.724344+00:00
214,5348439293,77.45,21.66,buy,False,2022-11-07T17:31:07.331351+00:00
215,5348437033,77.325,33.92,buy,False,2022-11-07T17:30:44.915909+00:00
216,5348435818,77.4,40.27,buy,False,2022-11-07T17:30:34.009979+00:00
217,5348434235,77.475,29.635,buy,False,2022-11-07T17:30:23.213450+00:00
218,5348432739,77.5,21.63,buy,False,2022-11-07T17:30:08.178301+00:00
219,5348431390,77.475,37.785,buy,False,2022-11-07T17:29:57.260686+00:00
220,5348430205,77.5,26.595,buy,False,2022-11-07T17:29:46.358737+00:00
221,5348429255,77.525,25.58,buy,False,2022-11-07T17:29:35.228153+00:00
222,5348427973,77.5,21.775,buy,False,2022-11-07T17:29:21.743041+00:00
223,5348426592,77.475,33.3,buy,False,2022-11-07T17:29:06.902155+00:00
224,5348423927,77.425,28.995,buy,False,2022-11-07T17:28:46.526602+00:00
225,5348421270,77.45,27.86,buy,False,2022-11-07T17:28:30.159614+00:00
226,5348420326,77.5,37.085,buy,False,2022-11-07T17:28:18.677094+00:00
227,5348416877,77.5,37.675,buy,False,2022-11-07T17:27:36.958358+00:00
228,5348416529,77.5,27.8,buy,False,2022-11-07T17:27:32.992126+00:00
229,5348273251,77.875,0.04,buy,False,2022-11-07T17:07:21.716126+00:00
230,5347494099,78.025,1.03,buy,False,2022-11-07T15:52:18.643599+00:00
231,5347267460,76.35,0.625,sell,False,2022-11-07T15:31:38.011636+00:00
232,5346878836,77.525,1.0,buy,False,2022-11-07T14:53:55.046035+00:00
233,5346866336,77.775,100.0,buy,False,2022-11-07T14:52:31.139983+00:00
234,5346866335,77.775,100.0,buy,False,2022-11-07T14:52:31.137710+00:00
235,5346866334,77.775,100.0,buy,False,2022-11-07T14:52:31.131411+00:00
236,5346866333,77.775,100.0,buy,False,2022-11-07T14:52:31.130933+00:00
237,5346866332,77.775,140.0,buy,False,2022-11-07T14:52:31.130110+00:00
238,5346781082,77.95,14.745,buy,False,2022-11-07T14:44:05.157744+00:00
239,5346781033,77.95,41.985,buy,False,2022-11-07T14:44:04.618461+00:00
240,5346780927,77.95,52.27,buy,False,2022-11-07T14:44:04.067647+00:00
241,5346601810,77.725,1.03,buy,False,2022-11-07T14:31:23.805779+00:00
242,5346594491,77.45,1.035,buy,False,2022-11-07T14:30:53.953464+00:00
243,5346586869,77.15,1.04,buy,False,2022-11-07T14:30:28.208192+00:00
244,5346578570,76.85,1.045,buy,False,2022-11-07T14:30:03.887129+00:00
245,5346567182,76.575,1.045,buy,False,2022-11-07T14:28:27.181957+00:00
246,5346564741,76.275,1.05,buy,False,2022-11-07T14:28:00.370619+00:00
247,5346564740,76.25,0.585,buy,False,2022-11-07T14:28:00.370619+00:00
248,5345617422,75.775,0.02,sell,False,2022-11-07T12:25:43.612434+00:00
249,5345180071,75.75,0.565,sell,False,2022-11-07T11:25:37.183878+00:00
250,5345057681,76.0,1.055,buy,False,2022-11-07T11:04:01.580925+00:00
251,5344135681,75.7,1.06,buy,False,2022-11-07T09:01:16.844613+00:00
252,5343911130,75.55,0.79,buy,False,2022-11-07T08:33:10.026095+00:00
253,5343907484,75.525,1.075,buy,False,2022-11-07T08:33:00.913614+00:00
254,5343809532,74.925,0.38,sell,False,2022-11-07T08:22:02.247609+00:00
255,5343809531,74.95,0.265,sell,False,2022-11-07T08:22:02.247609+00:00
256,5343051404,74.825,1.08,sell,False,2022-11-07T07:23:45.915723+00:00
257,5343013321,75.325,0.265,buy,False,2022-11-07T07:18:15.486122+00:00
258,5342717967,74.875,0.01,sell,False,2022-11-07T06:50:30.347050+00:00
259,5342568893,74.875,4.14,sell,False,2022-11-07T06:25:40.050351+00:00
260,5342514894,74.875,6.48,sell,False,2022-11-07T06:18:38.159893+00:00
261,5341389587,74.875,11.54,sell,False,2022-11-07T03:31:20.753298+00:00
262,5338016197,74.875,0.245,sell,False,2022-11-06T20:50:16.325684+00:00
263,5337222348,74.875,0.465,sell,False,2022-11-06T18:40:13.559983+00:00
264,5337113003,74.875,0.34,sell,False,2022-11-06T18:26:38.938689+00:00
265,5337113002,74.875,0.13,sell,False,2022-11-06T18:26:38.938689+00:00
266,5335670494,74.875,1.985,sell,False,2022-11-06T15:53:20.046034+00:00
267,5335670493,74.9,0.51,sell,False,2022-11-06T15:53:20.046034+00:00
268,5332711740,75.525,0.505,buy,False,2022-11-06T07:42:28.930673+00:00
269,5322982256,74.875,0.16,sell,False,2022-11-05T06:07:54.517160+00:00
270,5322603894,74.875,0.29,sell,False,2022-11-05T05:02:22.985856+00:00
271,5319877897,74.8,0.39,sell,False,2022-11-04T23:07:41.200957+00:00
272,5319877896,74.825,0.1,sell,False,2022-11-04T23:07:41.200957+00:00
273,5318592561,75.425,1.065,buy,False,2022-11-04T19:46:44.691934+00:00
274,5318507613,75.325,0.1,buy,False,2022-11-04T19:35:56.640504+00:00
275,5318455804,75.125,1.065,buy,False,2022-11-04T19:28:25.524434+00:00
276,5318200662,74.85,1.07,buy,False,2022-11-04T18:56:11.840310+00:00
277,5318150942,74.575,0.4,buy,False,2022-11-04T18:48:38.659327+00:00
278,5318133343,74.55,1.075,buy,False,2022-11-04T18:46:48.664497+00:00
279,5318006983,74.25,1.08,buy,False,2022-11-04T18:33:03.382627+00:00
280,5317875602,73.975,1.085,buy,False,2022-11-04T18:18:36.746252+00:00
281,5317862722,73.675,1.09,buy,False,2022-11-04T18:16:42.281096+00:00
282,5317711792,73.4,1.09,buy,False,2022-11-04T17:53:09.740581+00:00
283,5317706672,73.35,22.88,buy,False,2022-11-04T17:52:19.263619+00:00
284,5317658426,73.0,32.315,buy,False,2022-11-04T17:46:21.724345+00:00
285,5317631201,73.075,29.3,buy,False,2022-11-04T17:42:11.979829+00:00
286,5317630536,73.05,40.535,buy,False,2022-11-04T17:42:05.855936+00:00
287,5317612034,73.2,35.115,buy,False,2022-11-04T17:39:11.529386+00:00
288,5317611028,73.1,1.095,buy,False,2022-11-04T17:39:01.586330+00:00
289,5317602235,72.9,23.0,buy,False,2022-11-04T17:38:02.839001+00:00
290,5317602234,72.9,9.595,buy,False,2022-11-04T17:38:02.838048+00:00
291,5317598625,72.825,1.1,buy,False,2022-11-04T17:37:30.114573+00:00
292,5317589268,72.65,22.155,buy,False,2022-11-04T17:36:13.119015+00:00
293,5317589267,72.65,2.0,buy,False,2022-11-04T17:36:13.116725+00:00
294,5317581012,72.6,6.0,buy,False,2022-11-04T17:34:59.175049+00:00
295,5317581011,72.6,2.0,buy,False,2022-11-04T17:34:59.170561+00:00
296,5317577070,72.575,11.0,buy,False,2022-11-04T17:34:18.389321+00:00
297,5317577068,72.575,17.41,buy,False,2022-11-04T17:34:18.387245+00:00
298,5317573253,72.575,34.025,buy,False,2022-11-04T17:33:48.137674+00:00
299,5317565927,72.6,31.03,buy,False,2022-11-04T17:32:39.605703+00:00
300,5317565876,72.6,3.0,buy,False,2022-11-04T17:32:38.666226+00:00
301,5317565875,72.6,2.0,buy,False,2022-11-04T17:32:38.663720+00:00
302,5317560920,72.65,40.885,buy,False,2022-11-04T17:31:46.852712+00:00
303,5317556618,72.575,29.585,buy,False,2022-11-04T17:31:14.553887+00:00
304,5317539092,72.55,24.995,buy,False,2022-11-04T17:28:30.199547+00:00
305,5317531382,72.6,1.0,buy,False,2022-11-04T17:27:23.853749+00:00
306,5317531317,72.6,21.18,buy,False,2022-11-04T17:27:23.816428+00:00
307,5317531298,72.6,1.0,buy,False,2022-11-04T17:27:23.808640+00:00
308,5317507423,72.7,23.85,buy,False,2022-11-04T17:23:09.188838+00:00
309,5317507376,72.7,2.0,buy,False,2022-11-04T17:23:08.613332+00:00
310,5317507375,72.7,1.0,buy,False,2022-11-04T17:23:08.610785+00:00
311,5317501954,72.525,13.385,buy,False,2022-11-04T17:22:11.739033+00:00
312,5317501953,72.525,1.0,buy,False,2022-11-04T17:22:11.738424+00:00
313,5317501773,72.525,10.0,buy,False,2022-11-04T17:22:08.839988+00:00
314,5317472766,72.575,38.265,buy,False,2022-11-04T17:17:45.820493+00:00
315,5317465502,72.525,1.105,buy,False,2022-11-04T17:16:36.271947+00:00
316,5317464642,72.375,0.01,sell,False,2022-11-04T17:16:25.096284+00:00
317,5317464504,72.25,0.03,sell,False,2022-11-04T17:16:22.914074+00:00
318,5317464503,72.25,1.07,sell,False,2022-11-04T17:16:22.914074+00:00
319,5317463440,72.55,4.405,sell,False,2022-11-04T17:16:13.421368+00:00
320,5317452702,72.725,40.56,buy,False,2022-11-04T17:14:49.351316+00:00
321,5317451323,72.7,22.415,buy,False,2022-11-04T17:14:40.552652+00:00
322,5317451312,72.7,2.0,buy,False,2022-11-04T17:14:40.525825+00:00
323,5317450949,72.675,3.0,buy,False,2022-11-04T17:14:35.383649+00:00
324,5317450948,72.675,2.0,buy,False,2022-11-04T17:14:35.380976+00:00
325,5317446354,72.7,2.0,buy,False,2022-11-04T17:13:47.942556+00:00
326,5317446351,72.7,7.0,buy,False,2022-11-04T17:13:47.941255+00:00
327,5317412732,72.85,0.515,buy,False,2022-11-04T17:10:29.693598+00:00
328,5317374725,73.05,19.425,buy,False,2022-11-04T17:07:25.824468+00:00
329,5317374173,73.05,4.0,buy,False,2022-11-04T17:07:18.626862+00:00
330,5317374172,73.05,6.0,buy,False,2022-11-04T17:07:18.626387+00:00
331,5317374171,73.05,5.0,buy,False,2022-11-04T17:07:18.625504+00:00
332,5317374170,73.05,5.0,buy,False,2022-11-04T17:07:18.624733+00:00
333,5317370407,73.05,2.0,buy,False,2022-11-04T17:06:46.608860+00:00
334,5317370406,73.05,3.0,buy,False,2022-11-04T17:06:46.608806+00:00
335,5317370405,73.05,3.0,buy,False,2022-11-04T17:06:46.608579+00:00
336,5317364848,73.0,5.0,buy,False,2022-11-04T17:06:04.403379+00:00
337,5317364847,73.0,6.0,buy,False,2022-11-04T17:06:04.398670+00:00
338,5317364843,73.0,6.0,buy,False,2022-11-04T17:06:04.397442+00:00
339,5317364842,73.0,6.985,buy,False,2022-11-04T17:06:04.396464+00:00
340,5317364841,73.0,5.0,buy,False,2022-11-04T17:06:04.395724+00:00
341,5317339789,72.65,6.65,buy,False,2022-11-04T17:03:45.006778+00:00
342,5317339682,72.65,18.0,buy,False,2022-11-04T17:03:44.988902+00:00
343,5317304397,72.85,3.0,buy,False,2022-11-04T16:59:38.561299+00:00
344,5317304388,72.85,3.0,buy,False,2022-11-04T16:59:38.532730+00:00
345,5317300258,72.875,28.86,buy,False,2022-11-04T16:58:51.880908+00:00
346,5317297312,72.875,24.58,buy,False,2022-11-04T16:58:29.646130+00:00
347,5317293800,72.85,3.0,buy,False,2022-11-04T16:58:02.199340+00:00
348,5317293798,72.85,23.195,buy,False,2022-11-04T16:58:02.198512+00:00
349,5317293797,72.85,3.0,buy,False,2022-11-04T16:58:02.198451+00:00
350,5317293249,72.85,27.675,buy,False,2022-11-04T16:57:54.443287+00:00
351,5317242209,73.05,22.775,buy,False,2022-11-04T16:50:43.805564+00:00
352,5317237212,73.025,3.0,buy,False,2022-11-04T16:50:14.093344+00:00
353,5317237207,73.025,2.0,buy,False,2022-11-04T16:50:14.093037+00:00
354,5317237206,73.025,30.795,buy,False,2022-11-04T16:50:14.092156+00:00
355,5317234270,73.05,27.375,sell,False,2022-11-04T16:49:55.147846+00:00
356,5317201949,73.125,28.825,buy,False,2022-11-04T16:46:00.543788+00:00
357,5317198676,73.15,29.425,buy,False,2022-11-04T16:45:27.541976+00:00
358,5317190484,73.15,3.635,buy,False,2022-11-04T16:44:09.515908+00:00
359,5317190483,73.15,19.0,buy,False,2022-11-04T16:44:09.514321+00:00
360,5317190482,73.15,13.0,buy,False,2022-11-04T16:44:09.513498+00:00
361,5317137336,73.2,28.23,buy,False,2022-11-04T16:37:53.866928+00:00
362,5317137012,73.175,26.35,buy,False,2022-11-04T16:37:49.509363+00:00
363,5317131483,73.3,35.36,buy,False,2022-11-04T16:37:00.817441+00:00
364,5317104883,73.35,15.155,buy,False,2022-11-04T16:34:49.531878+00:00
365,5317104868,73.35,4.0,buy,False,2022-11-04T16:34:49.512523+00:00
366,5317104858,73.35,4.0,buy,False,2022-11-04T16:34:49.510668+00:00
367,5317103449,73.325,27.76,buy,False,2022-11-04T16:34:45.204023+00:00
368,5317096917,73.25,30.26,buy,False,2022-11-04T16:34:00.488496+00:00
369,5317096916,73.25,4.0,buy,False,2022-11-04T16:34:00.487702+00:00
370,5317096915,73.25,4.0,buy,False,2022-11-04T16:34:00.485008+00:00
371,5317044186,73.25,1.095,buy,False,2022-11-04T16:28:06.970668+00:00
372,5316959823,72.9,20.865,buy,False,2022-11-04T16:19:48.715054+00:00
373,5316927791,73.025,32.265,buy,False,2022-11-04T16:17:26.537044+00:00
374,5316924753,72.975,1.1,buy,False,2022-11-04T16:17:14.575734+00:00
375,5316807720,72.675,1.105,buy,False,2022-11-04T16:08:24.314715+00:00
376,5316745524,72.4,1.105,sell,False,2022-11-04T16:05:25.073357+00:00
377,5316726412,72.625,1.1,sell,False,2022-11-04T16:04:32.521282+00:00
378,5316523851,72.875,1.1,buy,False,2022-11-04T15:52:47.567794+00:00
379,5316510955,72.875,16.445,sell,False,2022-11-04T15:52:13.474577+00:00
380,5315812843,73.925,13.525,sell,False,2022-11-04T14:53:43.288900+00:00
381,5315654475,75.15,1.065,buy,False,2022-11-04T14:41:38.567384+00:00
382,5315651017,75.125,1.03,buy,False,2022-11-04T14:41:25.831250+00:00
383,5315638977,74.85,1.07,buy,False,2022-11-04T14:41:05.376941+00:00
384,5315626191,74.575,1.075,buy,False,2022-11-04T14:40:10.659547+00:00
385,5315451139,74.3,1.08,buy,False,2022-11-04T14:28:29.533391+00:00
386,5315444977,73.9,1.735,sell,False,2022-11-04T14:28:06.807831+00:00
387,5315444976,73.9,1.03,sell,False,2022-11-04T14:28:06.807831+00:00
388,5315324359,74.0,14.28,buy,False,2022-11-04T14:23:39.757382+00:00
389,5315324358,74.0,1.085,buy,False,2022-11-04T14:23:39.757382+00:00
390,5315142315,73.725,1.09,buy,False,2022-11-04T14:15:28.535341+00:00
391,5315135079,73.45,1.09,buy,False,2022-11-04T14:15:08.641490+00:00
392,5315046349,73.15,1.095,buy,False,2022-11-04T14:11:51.950472+00:00
393,5315042033,72.875,1.1,buy,False,2022-11-04T14:11:33.185693+00:00
394,5314994183,72.575,1.105,buy,False,2022-11-04T14:06:22.472764+00:00
395,5314939023,72.3,1.11,buy,False,2022-11-04T14:00:39.296893+00:00
396,5314905016,72.025,1.115,buy,False,2022-11-04T13:56:37.994837+00:00
397,5314899378,71.775,1.06,buy,False,2022-11-04T13:56:11.448925+00:00
398,5314899040,71.725,1.12,buy,False,2022-11-04T13:56:10.279282+00:00
399,5314835012,71.45,1.12,buy,False,2022-11-04T13:50:11.440609+00:00
400,5314829787,71.15,0.01,sell,False,2022-11-04T13:49:53.920766+00:00
401,5314829370,71.15,1.115,buy,False,2022-11-04T13:49:52.436478+00:00
402,5314826155,71.45,5.595,sell,False,2022-11-04T13:49:44.928501+00:00
403,5314710530,72.275,1.11,buy,False,2022-11-04T13:39:14.923582+00:00
404,5314710026,72.0,1.115,buy,False,2022-11-04T13:39:11.147324+00:00
405,5314709697,71.775,1.12,sell,False,2022-11-04T13:39:10.080852+00:00
406,5314709400,71.425,1.125,buy,False,2022-11-04T13:39:09.666492+00:00
407,5314709101,71.375,0.005,sell,False,2022-11-04T13:39:07.326020+00:00
408,5314708108,71.15,1.12,sell,False,2022-11-04T13:38:57.829854+00:00
409,5314705169,71.6,3.345,sell,False,2022-11-04T13:38:39.066076+00:00
410,5314693990,72.125,1.11,buy,False,2022-11-04T13:37:39.531332+00:00
411,5314687795,71.85,1.115,buy,False,2022-11-04T13:37:06.895895+00:00
412,5314686021,71.675,0.01,buy,False,2022-11-04T13:36:57.659334+00:00
413,5314681233,71.575,1.11,sell,False,2022-11-04T13:36:30.208388+00:00
414,5314676042,71.675,1.06,sell,False,2022-11-04T13:36:02.715732+00:00
415,5314673514,72.15,22.145,sell,False,2022-11-04T13:35:46.121687+00:00
416,5314563349,75.075,1.07,buy,False,2022-11-04T13:28:00.310973+00:00
417,5314561548,74.8,1.07,buy,False,2022-11-04T13:27:52.238484+00:00
418,5314530056,74.525,1.075,buy,False,2022-11-04T13:25:13.144413+00:00
419,5314530055,74.5,1.02,buy,False,2022-11-04T13:25:13.144413+00:00
420,5314402679,73.825,1.02,sell,False,2022-11-04T13:15:18.519397+00:00
421,5314298891,74.25,1.08,buy,False,2022-11-04T13:06:03.683065+00:00
422,5314298890,74.0,0.59,buy,False,2022-11-04T13:06:03.683065+00:00
423,5314298684,73.975,0.245,buy,False,2022-11-04T13:06:02.656923+00:00
424,5314298683,73.975,0.59,buy,False,2022-11-04T13:06:02.656471+00:00
425,5314293130,73.975,0.25,buy,False,2022-11-04T13:05:46.364313+00:00
426,5314278326,73.7,1.09,buy,False,2022-11-04T13:04:51.235461+00:00
427,5314235026,73.4,1.09,buy,False,2022-11-04T13:02:30.999300+00:00
428,5314234091,73.375,1.025,buy,False,2022-11-04T13:02:30.084764+00:00
429,5313939960,72.225,1.025,sell,False,2022-11-04T12:42:13.526462+00:00
430,5313822435,73.125,1.095,buy,False,2022-11-04T12:37:19.644593+00:00
431,5313809247,72.85,1.1,buy,False,2022-11-04T12:36:52.475325+00:00
432,5313797760,72.575,1.105,buy,False,2022-11-04T12:36:33.775933+00:00
433,5313790082,72.3,1.11,buy,False,2022-11-04T12:36:25.778728+00:00
434,5313790081,72.275,1.015,buy,False,2022-11-04T12:36:25.778728+00:00
435,5313464228,71.45,32.05,buy,False,2022-11-04T12:24:39.207457+00:00
436,5313024873,71.45,15.5,buy,False,2022-11-04T11:32:16.671266+00:00
437,5312778678,71.2,0.155,sell,False,2022-11-04T11:04:14.688360+00:00
438,5312776627,72.275,0.16,buy,False,2022-11-04T11:03:58.640149+00:00
439,5312314542,71.175,0.415,sell,False,2022-11-04T10:05:40.544700+00:00
440,5312294925,72.275,0.41,buy,False,2022-11-04T10:03:07.101743+00:00
441,5311721741,71.1,1.015,sell,False,2022-11-04T08:49:24.366669+00:00
442,5311695759,72.175,5.905,buy,False,2022-11-04T08:46:09.031635+00:00
443,5311695758,72.025,1.115,buy,False,2022-11-04T08:46:09.031635+00:00
444,5311695757,71.75,1.115,buy,False,2022-11-04T08:46:09.031635+00:00
445,5311695756,71.45,0.855,buy,False,2022-11-04T08:46:09.031635+00:00
446,5311695755,71.425,1.01,buy,False,2022-11-04T08:46:09.031635+00:00
447,5311467534,70.525,1.01,sell,False,2022-11-04T08:17:57.150483+00:00
448,5311460057,71.45,0.265,buy,False,2022-11-04T08:17:10.680837+00:00
449,5311460056,71.175,1.125,buy,False,2022-11-04T08:17:10.680837+00:00
450,5311460055,70.9,1.13,buy,False,2022-11-04T08:17:10.680837+00:00
451,5311460054,70.875,1.005,buy,False,2022-11-04T08:17:10.680837+00:00
452,5311424104,70.625,1.135,buy,False,2022-11-04T08:14:10.383367+00:00
453,5311367763,70.35,1.14,buy,False,2022-11-04T08:07:15.717432+00:00
454,5311307435,70.075,1.145,buy,False,2022-11-04T08:01:14.783419+00:00
455,5311306731,69.55,0.02,sell,False,2022-11-04T08:01:12.230466+00:00
456,5311303528,69.8,0.795,sell,False,2022-11-04T08:00:55.962473+00:00
457,5311303527,69.8,0.335,sell,False,2022-11-04T08:00:55.962473+00:00
458,5311299315,70.075,8.245,sell,False,2022-11-04T08:00:34.302766+00:00
459,5311299178,70.075,42.11,sell,False,2022-11-04T08:00:33.582849+00:00
460,5311294850,71.0,1.465,sell,False,2022-11-04T08:00:15.841475+00:00
461,5311118512,71.0,0.35,sell,False,2022-11-04T07:35:36.833612+00:00
462,5311118511,71.025,0.055,sell,False,2022-11-04T07:35:36.833612+00:00
463,5311118510,71.025,0.295,sell,False,2022-11-04T07:35:36.833612+00:00
464,5311118495,71.025,0.655,sell,False,2022-11-04T07:35:36.641747+00:00
465,5311103516,75.975,0.7,buy,False,2022-11-04T07:33:16.584726+00:00
466,5311087845,75.925,0.605,buy,False,2022-11-04T07:31:26.381518+00:00
467,5311087844,75.9,0.05,buy,False,2022-11-04T07:31:26.381518+00:00
468,5311087843,74.425,0.045,buy,False,2022-11-04T07:31:26.381518+00:00
469,5310819226,71.025,0.05,sell,False,2022-11-04T06:55:02.649677+00:00
470,5310814809,72.6,0.15,sell,False,2022-11-04T06:54:28.547537+00:00
471,5310719173,74.65,0.005,sell,False,2022-11-04T06:42:39.883622+00:00
472,5310719169,74.65,0.005,sell,False,2022-11-04T06:42:39.761421+00:00
473,5310719150,74.65,0.005,sell,False,2022-11-04T06:42:39.444189+00:00
474,5310719140,74.65,0.005,sell,False,2022-11-04T06:42:39.388806+00:00
475,5310719100,74.65,0.005,sell,False,2022-11-04T06:42:38.892915+00:00
476,5310719096,74.65,0.005,sell,False,2022-11-04T06:42:38.842725+00:00
477,5310719061,74.65,0.005,sell,False,2022-11-04T06:42:38.452584+00:00
478,5310719059,74.65,0.005,sell,False,2022-11-04T06:42:38.450366+00:00
479,5310718567,74.65,0.005,sell,False,2022-11-04T06:42:33.821441+00:00
480,5310718566,74.65,0.005,sell,False,2022-11-04T06:42:33.818998+00:00
481,5310718330,74.65,0.005,sell,False,2022-11-04T06:42:30.860869+00:00
482,5310718311,74.65,0.005,sell,False,2022-11-04T06:42:30.747598+00:00
483,5310718021,74.65,0.005,sell,False,2022-11-04T06:42:28.474495+00:00
484,5310718015,74.65,0.005,sell,False,2022-11-04T06:42:28.422025+00:00
485,5310710268,76.075,0.04,buy,False,2022-11-04T06:41:26.058853+00:00
486,5310707318,76.0,1.06,sell,False,2022-11-04T06:41:04.904949+00:00
487,5310707124,76.0,1.06,sell,False,2022-11-04T06:41:04.454633+00:00
488,5310705600,76.0,1.065,sell,False,2022-11-04T06:40:53.638315+00:00
489,5310705555,76.0,1.07,sell,False,2022-11-04T06:40:53.219743+00:00
490,5310705520,76.0,1.07,sell,False,2022-11-04T06:40:52.765450+00:00
491,5310705464,76.0,1.075,sell,False,2022-11-04T06:40:52.362509+00:00
492,5310705424,76.0,1.08,sell,False,2022-11-04T06:40:51.849961+00:00
493,5310704331,75.875,0.025,sell,False,2022-11-04T06:40:44.327476+00:00
494,5310704324,75.875,0.025,sell,False,2022-11-04T06:40:44.299729+00:00
495,5310704255,74.0,1.085,buy,False,2022-11-04T06:40:43.776594+00:00
496,5310704254,73.75,0.04,buy,False,2022-11-04T06:40:43.776594+00:00
497,5310704253,73.75,1.085,buy,False,2022-11-04T06:40:43.776594+00:00
498,5310704252,73.5,1.09,buy,False,2022-11-04T06:40:43.776594+00:00
499,5310704251,73.225,1.095,buy,False,2022-11-04T06:40:43.776594+00:00
500,5310704250,72.975,0.025,buy,False,2022-11-04T06:40:43.776594+00:00
501,5310354298,72.975,1.025,buy,False,2022-11-04T06:07:22.271563+00:00
502,5310354297,72.95,0.975,buy,False,2022-11-04T06:07:22.271563+00:00
503,5310316735,72.05,0.5,sell,False,2022-11-04T06:04:23.420658+00:00
504,5310316716,72.05,0.5,sell,False,2022-11-04T06:04:23.190193+00:00
505,5310316703,72.05,0.5,sell,False,2022-11-04T06:04:22.992575+00:00
506,5310316694,72.05,1.5,sell,False,2022-11-04T06:04:22.766793+00:00
507,5310316684,72.05,3.0,sell,False,2022-11-04T06:04:22.565030+00:00
508,5310316670,72.05,5.5,sell,False,2022-11-04T06:04:22.365954+00:00
509,5310316167,72.05,11.0,sell,False,2022-11-04T06:04:17.144961+00:00
510,5310316135,72.05,22.0,sell,False,2022-11-04T06:04:16.912782+00:00
511,5310316020,71.925,14.0,sell,False,2022-11-04T06:04:16.491857+00:00
512,5310315987,71.925,58.0,sell,False,2022-11-04T06:04:16.298421+00:00
513,5310314138,72.075,28.895,sell,False,2022-11-04T06:04:05.959226+00:00
514,5310312225,71.925,65.06,sell,False,2022-11-04T06:03:51.626294+00:00
515,5310312222,71.925,80.44,sell,False,2022-11-04T06:03:51.574742+00:00
516,5310312092,72.05,22.61,sell,False,2022-11-04T06:03:49.586084+00:00
517,5310311643,72.05,35.1,sell,False,2022-11-04T06:03:44.124736+00:00
518,5310310298,71.925,64.04,sell,False,2022-11-04T06:03:31.783446+00:00
519,5310309532,70.55,46.065,sell,False,2022-11-04T06:03:24.875583+00:00
520,5310309531,70.575,0.975,sell,False,2022-11-04T06:03:24.875583+00:00
521,5310309530,71.25,0.005,sell,False,2022-11-04T06:03:24.875583+00:00
522,5310309257,72.05,41.63,sell,False,2022-11-04T06:03:22.374267+00:00
523,5310308667,72.05,34.655,sell,False,2022-11-04T06:03:16.851295+00:00
524,5310306543,71.925,58.0,sell,False,2022-11-04T06:03:03.850298+00:00
525,5310301435,71.85,266.665,buy,False,2022-11-04T06:02:33.087109+00:00
526,5310301241,71.75,0.005,sell,False,2022-11-04T06:02:31.996031+00:00
527,5310295031,71.775,266.665,buy,False,2022-11-04T06:02:09.387844+00:00
528,5310294626,72.05,28.86,sell,False,2022-11-04T06:02:05.862339+00:00
529,5310294393,71.925,0.5,sell,False,2022-11-04T06:02:03.117986+00:00
530,5310294363,71.925,5.5,sell,False,2022-11-04T06:02:02.888139+00:00
531,5310294333,71.925,11.0,sell,False,2022-11-04T06:02:02.673593+00:00
532,5310291417,71.575,26.5,sell,False,2022-11-04T06:01:45.395729+00:00
533,5310291382,71.5,133.33,buy,False,2022-11-04T06:01:45.092320+00:00
534,5310287966,71.5,266.665,buy,False,2022-11-04T06:01:28.891311+00:00
535,5310287816,72.05,31.33,sell,False,2022-11-04T06:01:27.644879+00:00
536,5310287199,71.75,1.5,sell,False,2022-11-04T06:01:24.846085+00:00
537,5310287177,71.75,3.0,sell,False,2022-11-04T06:01:24.645530+00:00
538,5310287158,71.75,6.0,sell,False,2022-11-04T06:01:24.429635+00:00
539,5310286215,71.225,12.5,sell,False,2022-11-04T06:01:16.190281+00:00
540,5310286183,71.05,24.5,sell,False,2022-11-04T06:01:15.976314+00:00
541,5310286146,71.05,49.0,sell,False,2022-11-04T06:01:15.775185+00:00
542,5310285535,70.875,1.0,sell,False,2022-11-04T06:01:12.917328+00:00
543,5310285489,70.875,1.0,sell,False,2022-11-04T06:01:12.719881+00:00
544,5310285319,70.875,2.5,sell,False,2022-11-04T06:01:12.512147+00:00
545,5310285306,70.875,4.5,sell,False,2022-11-04T06:01:12.300807+00:00
546,5310283405,71.225,266.625,buy,False,2022-11-04T06:00:58.884857+00:00
547,5310283385,71.225,0.04,buy,False,2022-11-04T06:00:58.559801+00:00
548,5310279693,72.975,0.05,buy,False,2022-11-04T06:00:42.744505+00:00
549,5310279692,72.725,1.105,buy,False,2022-11-04T06:00:42.744505+00:00
550,5310279687,71.875,1.5,sell,False,2022-11-04T06:00:42.679500+00:00
551,5310279662,71.875,3.5,sell,False,2022-11-04T06:00:42.481166+00:00
552,5310279638,71.875,6.5,sell,False,2022-11-04T06:00:42.276380+00:00
553,5310279581,71.875,27.5,sell,False,2022-11-04T06:00:42.061356+00:00
554,5310279551,71.2,55.0,sell,False,2022-11-04T06:00:41.852182+00:00
555,5310279513,71.6,0.96,buy,False,2022-11-04T06:00:41.490304+00:00
556,5310279512,70.875,199.77,sell,False,2022-11-04T06:00:41.481276+00:00
557,5310276358,71.05,0.96,sell,False,2022-11-04T06:00:21.759831+00:00
558,5310275780,71.4,92.0,sell,False,2022-11-04T06:00:17.430942+00:00
559,5310275731,71.725,88.575,sell,False,2022-11-04T06:00:17.223692+00:00
560,5310275673,71.9,91.445,sell,False,2022-11-04T06:00:16.816418+00:00
561,5310275623,71.075,266.665,buy,False,2022-11-04T06:00:16.528164+00:00
562,5309919045,71.2,10.95,buy,False,2022-11-04T05:20:12.436048+00:00
563,5309848691,70.625,0.385,buy,False,2022-11-04T05:08:37.332529+00:00
564,5309848690,70.6,0.615,buy,False,2022-11-04T05:08:37.332529+00:00
565,5308381927,70.225,0.215,buy,False,2022-11-04T01:45:10.282617+00:00
566,5307941884,70.125,0.14,buy,False,2022-11-04T00:55:33.404496+00:00
567,5307726456,69.2,0.93,sell,False,2022-11-04T00:32:48.813824+00:00
568,5307726455,69.225,0.07,sell,False,2022-11-04T00:32:48.813824+00:00
569,5307410137,72.7,0.065,buy,False,2022-11-04T00:02:08.198914+00:00
570,5307410136,72.45,0.105,buy,False,2022-11-04T00:02:08.198914+00:00
571,5307385090,69.2,1.035,sell,False,2022-11-03T23:59:30.973886+00:00
572,5307385089,69.225,0.965,sell,False,2022-11-03T23:59:30.973886+00:00
573,5307213982,70.025,1.055,buy,False,2022-11-03T23:28:50.977941+00:00
574,5306756393,70.15,0.01,buy,False,2022-11-03T22:34:18.384235+00:00
575,5306455219,68.975,0.97,buy,False,2022-11-03T21:59:55.506832+00:00
576,5306435526,69.225,1.44,sell,False,2022-11-03T21:53:41.982435+00:00
577,5306432886,70.0,1.425,sell,False,2022-11-03T21:52:45.662676+00:00
578,5306412509,71.1,1.405,sell,False,2022-11-03T21:48:48.206497+00:00
579,5306402242,71.125,0.97,sell,False,2022-11-03T21:45:33.682369+00:00
580,5306383244,72.45,1.0,buy,False,2022-11-03T21:40:37.354167+00:00
581,5306312833,72.1,1.385,sell,False,2022-11-03T21:24:14.993442+00:00
582,5306187141,72.2,1.11,buy,False,2022-11-03T20:57:33.034288+00:00
583,5306187081,71.95,1.075,buy,False,2022-11-03T20:57:32.233180+00:00
584,5306180937,71.95,0.04,buy,False,2022-11-03T20:56:36.821122+00:00
585,5306180936,71.925,0.96,buy,False,2022-11-03T20:56:36.821122+00:00
586,5306128874,70.45,0.96,sell,False,2022-11-03T20:47:14.563441+00:00
587,5306099574,71.675,1.12,buy,False,2022-11-03T20:43:37.823735+00:00
588,5306096648,71.425,1.125,buy,False,2022-11-03T20:43:12.337807+00:00
589,5306096107,71.15,1.125,buy,False,2022-11-03T20:43:07.793443+00:00
590,5306086137,70.9,1.13,buy,False,2022-11-03T20:41:16.931806+00:00
591,5306085656,70.65,1.135,buy,False,2022-11-03T20:41:08.952403+00:00
592,5306083594,70.425,0.435,buy,False,2022-11-03T20:40:41.446299+00:00
593,5306083593,70.375,1.14,buy,False,2022-11-03T20:40:41.437018+00:00
594,5306066849,70.125,1.145,buy,False,2022-11-03T20:36:59.870898+00:00
595,5306066211,69.875,1.145,buy,False,2022-11-03T20:36:49.048036+00:00
596,5306065752,69.6,1.15,buy,False,2022-11-03T20:36:44.053682+00:00
597,5306065197,69.35,1.155,buy,False,2022-11-03T20:36:38.465051+00:00
598,5306062185,69.1,1.16,buy,False,2022-11-03T20:36:00.072422+00:00
599,5306057740,68.825,1.165,buy,False,2022-11-03T20:35:05.321424+00:00
600,5306056274,68.575,1.17,buy,False,2022-11-03T20:34:45.458465+00:00
601,5306055172,68.325,0.885,buy,False,2022-11-03T20:34:28.617974+00:00
602,5306052542,68.325,0.29,buy,False,2022-11-03T20:33:52.797716+00:00
603,5306042003,68.05,1.18,buy,False,2022-11-03T20:31:51.815265+00:00
604,5306040930,67.8,1.18,buy,False,2022-11-03T20:31:37.140330+00:00
605,5306036399,67.55,1.185,buy,False,2022-11-03T20:30:50.191103+00:00
606,5306036381,67.525,1.0,buy,False,2022-11-03T20:30:49.750896+00:00
607,5306017904,67.55,0.02,buy,False,2022-11-03T20:26:39.805303+00:00
608,5305997830,66.975,0.155,sell,False,2022-11-03T20:22:24.516699+00:00
609,5305997451,67.675,0.15,sell,False,2022-11-03T20:22:18.605353+00:00
610,5305992593,68.375,0.15,sell,False,2022-11-03T20:21:13.231718+00:00
611,5305990097,68.35,10.0,buy,False,2022-11-03T20:20:48.950395+00:00
612,5305985422,67.275,1.19,buy,False,2022-11-03T20:19:47.588046+00:00
613,5305985380,67.025,1.08,buy,False,2022-11-03T20:19:46.700632+00:00
614,5305985379,67.025,0.115,buy,False,2022-11-03T20:19:46.697535+00:00
615,5305985341,66.775,1.2,buy,False,2022-11-03T20:19:46.136813+00:00
616,5305985322,72.525,0.12,buy,False,2022-11-03T20:19:45.681051+00:00
617,5305985317,66.5,1.205,buy,False,2022-11-03T20:19:45.626845+00:00
618,5305985252,72.35,0.12,buy,False,2022-11-03T20:19:44.942610+00:00
619,5305985251,66.25,1.21,buy,False,2022-11-03T20:19:44.941560+00:00
620,5305984267,66.05,1.215,sell,False,2022-11-03T20:19:32.850029+00:00
621,5305984220,66.05,1.22,sell,False,2022-11-03T20:19:32.347545+00:00
622,5305984178,66.05,1.225,sell,False,2022-11-03T20:19:31.956405+00:00
623,5305984072,66.05,1.23,sell,False,2022-11-03T20:19:31.427492+00:00
624,5305983978,66.05,1.235,sell,False,2022-11-03T20:19:30.960299+00:00
625,5305983433,66.05,0.09,sell,False,2022-11-03T20:19:27.136025+00:00
626,5305982197,71.425,0.175,buy,False,2022-11-03T20:19:03.322868+00:00
627,5305982196,64.575,1.145,buy,False,2022-11-03T20:19:03.315812+00:00
628,5305980841,68.3,0.065,sell,False,2022-11-03T20:18:46.135242+00:00
629,5305980583,68.925,6.89,sell,False,2022-11-03T20:18:44.821900+00:00
630,5305980582,68.925,17.0,sell,False,2022-11-03T20:18:44.820077+00:00
631,5305980530,68.925,1.0,sell,False,2022-11-03T20:18:44.061679+00:00
632,5305979356,70.0,0.14,sell,False,2022-11-03T20:18:25.226447+00:00
633,5305979355,70.0,0.145,sell,False,2022-11-03T20:18:25.226447+00:00
634,5305979158,70.0,14.14,sell,False,2022-11-03T20:18:21.536650+00:00
635,5305979157,70.15,0.2,sell,False,2022-11-03T20:18:21.536650+00:00
636,5305979156,70.175,0.085,sell,False,2022-11-03T20:18:21.536650+00:00
637,5305978871,70.175,11.555,sell,False,2022-11-03T20:18:15.402560+00:00
638,5305978870,70.3,0.07,sell,False,2022-11-03T20:18:15.402560+00:00
639,5305978869,70.3,0.015,sell,False,2022-11-03T20:18:15.402560+00:00
640,5305978861,70.3,0.05,sell,False,2022-11-03T20:18:15.376333+00:00
641,5305978860,70.65,0.085,sell,False,2022-11-03T20:18:15.376333+00:00
642,5305978177,71.275,0.255,sell,False,2022-11-03T20:18:06.766424+00:00
643,5305978170,71.425,0.195,sell,False,2022-11-03T20:18:06.516969+00:00
644,5305978169,71.425,5.0,sell,False,2022-11-03T20:18:06.516358+00:00
645,5305978168,71.425,0.255,sell,False,2022-11-03T20:18:06.514125+00:00
646,5305977550,72.0,0.065,sell,False,2022-11-03T20:17:58.736705+00:00
647,5305977549,72.0,0.135,sell,False,2022-11-03T20:17:58.736705+00:00
648,5305977466,72.475,0.9,sell,False,2022-11-03T20:17:58.503398+00:00
649,5305977465,72.475,0.085,sell,False,2022-11-03T20:17:58.502496+00:00
650,5305977464,72.7,0.115,sell,False,2022-11-03T20:17:58.502496+00:00
651,5305977282,72.675,2.55,sell,False,2022-11-03T20:17:56.103047+00:00
652,5305973432,75.125,4.64,sell,False,2022-11-03T20:17:20.869938+00:00
653,5305973365,75.125,6.0,sell,False,2022-11-03T20:17:20.396112+00:00
654,5305971408,76.725,1.0,buy,False,2022-11-03T20:17:07.120122+00:00
655,5305971406,76.725,0.045,buy,False,2022-11-03T20:17:07.091548+00:00
656,5305971388,76.425,1.05,buy,False,2022-11-03T20:17:06.594660+00:00
657,5305971364,76.125,1.055,buy,False,2022-11-03T20:17:06.056242+00:00
658,5305971341,75.85,1.055,buy,False,2022-11-03T20:17:05.524883+00:00
659,5305970874,75.55,1.06,buy,False,2022-11-03T20:16:58.793487+00:00
660,5305970853,75.25,1.065,buy,False,2022-11-03T20:16:58.302973+00:00
661,5305970839,81.525,0.105,buy,False,2022-11-03T20:16:57.969039+00:00
662,5305970838,74.95,1.07,buy,False,2022-11-03T20:16:57.950502+00:00
663,5305970827,74.65,1.075,buy,False,2022-11-03T20:16:57.513626+00:00
664,5305970809,74.35,1.08,buy,False,2022-11-03T20:16:57.108410+00:00
665,5305970672,74.05,0.02,buy,False,2022-11-03T20:16:54.930869+00:00
666,5305969995,74.05,1.065,buy,False,2022-11-03T20:16:44.415705+00:00
667,5305969654,73.875,1.195,sell,False,2022-11-03T20:16:39.506371+00:00
668,5305968378,74.3,0.065,sell,False,2022-11-03T20:16:24.451209+00:00
669,5305968250,74.65,0.565,sell,False,2022-11-03T20:16:23.576574+00:00
670,5305968231,75.1,0.56,sell,False,2022-11-03T20:16:23.284327+00:00
671,5305968211,75.0,0.665,sell,False,2022-11-03T20:16:23.036329+00:00
672,5305968210,75.0,0.465,sell,False,2022-11-03T20:16:23.036329+00:00
673,5305968209,75.0,0.2,sell,False,2022-11-03T20:16:23.033638+00:00
674,5305968208,75.0,0.8,sell,False,2022-11-03T20:16:23.033638+00:00
675,5305968027,76.3,0.265,sell,False,2022-11-03T20:16:21.494050+00:00
676,5305965901,77.55,0.99,sell,False,2022-11-03T20:15:56.313778+00:00
677,5305965461,78.95,16.3,sell,False,2022-11-03T20:15:55.686957+00:00
678,5305963371,81.575,0.985,buy,False,2022-11-03T20:15:28.109046+00:00
679,5305963037,81.8,0.785,buy,False,2022-11-03T20:15:23.692277+00:00
680,5305962946,81.25,0.985,buy,False,2022-11-03T20:15:22.232491+00:00
681,5305962917,80.95,0.99,buy,False,2022-11-03T20:15:21.334344+00:00
682,5305962848,80.65,0.995,buy,False,2022-11-03T20:15:20.276948+00:00
683,5305962815,80.35,1.0,buy,False,2022-11-03T20:15:19.863693+00:00
684,5305962777,80.025,1.0,buy,False,2022-11-03T20:15:19.462597+00:00
685,5305962286,80.025,0.245,buy,False,2022-11-03T20:15:14.267322+00:00
686,5305962285,79.725,1.005,buy,False,2022-11-03T20:15:14.267322+00:00
687,5305962103,79.425,0.79,buy,False,2022-11-03T20:15:11.823372+00:00
688,5305962095,79.425,0.22,buy,False,2022-11-03T20:15:11.627090+00:00
689,5305962094,79.125,0.79,buy,False,2022-11-03T20:15:11.627090+00:00
690,5305962093,79.125,0.225,buy,False,2022-11-03T20:15:11.601181+00:00
691,5305962092,78.8,0.79,buy,False,2022-11-03T20:15:11.601181+00:00
692,5305962091,78.8,0.23,buy,False,2022-11-03T20:15:11.599660+00:00
693,5305962090,78.5,1.02,buy,False,2022-11-03T20:15:11.599660+00:00
694,5305954663,78.2,1.025,buy,False,2022-11-03T20:13:40.006472+00:00
695,5305953849,77.875,1.03,buy,False,2022-11-03T20:13:28.037816+00:00
696,5305927767,77.575,1.035,buy,False,2022-11-03T20:08:29.398931+00:00
697,5305925646,77.275,1.04,buy,False,2022-11-03T20:08:05.694280+00:00
698,5305892915,76.975,1.04,buy,False,2022-11-03T20:02:18.805889+00:00
699,5305892914,76.95,0.995,buy,False,2022-11-03T20:02:18.805889+00:00
700,5305883969,76.375,0.94,sell,False,2022-11-03T20:00:51.358811+00:00
701,5305883968,76.4,0.105,sell,False,2022-11-03T20:00:51.358811+00:00
702,5305881522,76.675,0.095,buy,False,2022-11-03T20:00:36.918582+00:00
703,5305820686,76.675,1.045,sell,False,2022-11-03T19:47:45.395024+00:00
704,5305817072,76.775,1.45,sell,False,2022-11-03T19:46:59.894420+00:00
705,5305815766,76.775,10.0,sell,False,2022-11-03T19:46:43.198720+00:00
706,5305293516,76.95,2.0,buy,False,2022-11-03T18:15:09.432640+00:00
707,5305293512,76.95,7.015,buy,False,2022-11-03T18:15:09.429589+00:00
708,5305293511,76.95,1.0,buy,False,2022-11-03T18:15:09.428380+00:00
709,5305292651,76.95,21.0,buy,False,2022-11-03T18:15:02.734611+00:00
710,5305069977,77.125,0.005,buy,False,2022-11-03T17:46:46.675451+00:00
711,5304879263,77.475,0.505,sell,False,2022-11-03T17:16:26.825513+00:00
712,5304361866,77.55,0.005,buy,False,2022-11-03T15:59:32.775616+00:00
713,5304126815,77.575,21.085,sell,False,2022-11-03T15:23:16.953258+00:00
714,5303970457,78.55,1.02,buy,False,2022-11-03T15:03:09.782613+00:00
715,5303939726,78.25,1.025,buy,False,2022-11-03T14:59:10.968856+00:00
716,5303850787,77.95,1.03,buy,False,2022-11-03T14:48:47.322989+00:00
717,5303822073,77.65,1.035,buy,False,2022-11-03T14:45:26.881550+00:00
718,5303801242,77.35,1.035,buy,False,2022-11-03T14:42:52.217327+00:00
719,5303785331,77.05,1.04,buy,False,2022-11-03T14:41:17.026299+00:00
720,5303686572,76.75,1.045,buy,False,2022-11-03T14:28:58.003147+00:00
721,5303635898,76.45,1.05,buy,False,2022-11-03T14:23:24.034611+00:00
722,5303521591,76.15,1.05,buy,False,2022-11-03T14:14:12.286824+00:00
723,5303504697,76.15,0.005,buy,False,2022-11-03T14:12:11.140851+00:00
724,5303438403,75.85,1.055,buy,False,2022-11-03T14:04:32.183882+00:00
725,5303392297,75.55,2.245,sell,False,2022-11-03T14:00:47.558380+00:00
726,5303363297,75.55,1.06,sell,False,2022-11-03T13:59:28.677308+00:00
727,5303355240,75.725,1.055,sell,False,2022-11-03T13:58:23.055682+00:00
728,5303315987,75.775,0.15,sell,False,2022-11-03T13:53:44.583453+00:00
729,5303308777,76.0,1.055,buy,False,2022-11-03T13:52:27.082938+00:00
730,5303301786,76.0,0.065,sell,False,2022-11-03T13:51:42.662607+00:00
731,5303293436,76.075,2.1,sell,False,2022-11-03T13:50:56.496424+00:00
732,5303263668,76.5,1.05,buy,False,2022-11-03T13:47:03.046428+00:00
733,5303256240,76.175,0.905,buy,False,2022-11-03T13:46:20.103395+00:00
734,5303246267,76.175,0.145,sell,False,2022-11-03T13:45:35.956223+00:00
735,5303242284,76.225,2.09,sell,False,2022-11-03T13:45:17.290337+00:00
736,5303227026,76.65,1.045,buy,False,2022-11-03T13:44:22.799550+00:00
737,5303224715,76.35,1.045,sell,False,2022-11-03T13:44:03.256838+00:00
738,5303220488,76.675,0.145,sell,False,2022-11-03T13:43:22.780145+00:00
739,5303220441,76.7,1.04,sell,False,2022-11-03T13:43:21.882683+00:00
740,5303205729,77.0,1.04,sell,False,2022-11-03T13:41:43.819946+00:00
741,5303198328,76.925,0.1,sell,False,2022-11-03T13:41:16.975344+00:00
742,5303198239,77.05,0.26,sell,False,2022-11-03T13:41:16.194989+00:00
743,5303194620,77.175,0.03,sell,False,2022-11-03T13:40:55.258330+00:00
744,5303194203,77.175,1.0,sell,False,2022-11-03T13:40:52.880707+00:00
745,5303180720,77.45,1.03,buy,False,2022-11-03T13:39:05.001720+00:00
746,5303175544,77.45,0.025,sell,False,2022-11-03T13:38:33.902942+00:00
747,5303175099,77.45,1.0,sell,False,2022-11-03T13:38:30.934392+00:00
748,5303174436,77.55,0.14,sell,False,2022-11-03T13:38:24.980548+00:00
749,5303124782,77.725,1.025,buy,False,2022-11-03T13:33:40.635714+00:00
750,5303121075,77.725,0.085,sell,False,2022-11-03T13:33:23.562688+00:00
751,5303117989,77.725,3.0,sell,False,2022-11-03T13:33:09.434419+00:00
752,5303081798,78.3,1.025,buy,False,2022-11-03T13:30:01.815982+00:00
753,5303077383,78.0,1.03,buy,False,2022-11-03T13:29:22.488509+00:00
754,5303076389,77.65,0.005,sell,False,2022-11-03T13:29:16.004327+00:00
755,5303075680,77.65,0.905,sell,False,2022-11-03T13:29:04.172846+00:00
756,5303071056,78.1,0.06,sell,False,2022-11-03T13:28:26.063700+00:00
757,5303071055,78.1,0.06,sell,False,2022-11-03T13:28:26.063700+00:00
758,5303066414,78.875,0.005,buy,False,2022-11-03T13:27:42.434551+00:00
759,5303066179,78.45,3.06,sell,False,2022-11-03T13:27:40.363429+00:00
760,5303066178,78.475,0.8,sell,False,2022-11-03T13:27:40.363429+00:00
761,5303039511,78.5,0.995,sell,False,2022-11-03T13:24:02.253778+00:00
762,5302577897,79.35,0.005,buy,False,2022-11-03T12:24:47.782005+00:00
763,5302487035,79.15,2.255,buy,False,2022-11-03T12:12:28.364386+00:00
764,5302487034,79.025,1.015,buy,False,2022-11-03T12:12:28.364386+00:00
765,5302487033,79.0,0.985,buy,False,2022-11-03T12:12:28.364386+00:00
766,5302474864,78.3,4.125,sell,False,2022-11-03T12:10:59.714778+00:00
767,5302474863,78.3,0.065,sell,False,2022-11-03T12:10:59.714778+00:00
768,5302474862,78.3,0.06,sell,False,2022-11-03T12:10:59.714778+00:00
769,5302457001,78.725,0.02,buy,False,2022-11-03T12:08:39.267852+00:00
770,5302217277,78.725,1.0,buy,False,2022-11-03T11:46:38.521834+00:00
771,5302208196,78.4,0.01,buy,False,2022-11-03T11:45:58.823502+00:00
772,5302207896,78.4,0.88,buy,False,2022-11-03T11:45:56.329811+00:00
773,5302204252,78.4,0.135,sell,False,2022-11-03T11:45:46.194291+00:00
774,5302156160,79.575,0.005,buy,False,2022-11-03T11:41:28.382776+00:00
775,5302155804,79.1,1.015,sell,False,2022-11-03T11:41:25.378922+00:00
776,5302144201,79.1,2.01,sell,False,2022-11-03T11:40:26.881319+00:00
777,5302144200,79.125,0.99,sell,False,2022-11-03T11:40:26.881319+00:00
778,5301607898,79.975,0.005,buy,False,2022-11-03T10:37:30.252393+00:00
779,5300970546,80.025,0.005,buy,False,2022-11-03T08:50:05.887137+00:00
780,5300657943,79.325,9.095,sell,False,2022-11-03T08:00:00.494048+00:00
781,5300657912,79.75,11.0,buy,False,2022-11-03T08:00:00.267994+00:00
782,5300309469,79.8,0.005,buy,False,2022-11-03T07:02:41.613621+00:00
783,5299721664,79.975,0.005,buy,False,2022-11-03T05:15:18.159436+00:00
784,5299522154,79.95,0.5,buy,False,2022-11-03T04:35:21.451905+00:00
785,5299522077,79.95,0.5,buy,False,2022-11-03T04:35:21.220456+00:00
786,5299522011,79.95,1.0,buy,False,2022-11-03T04:35:21.019984+00:00
787,5299055549,79.875,0.005,buy,False,2022-11-03T03:27:58.198219+00:00
788,5298368387,80.0,0.005,buy,False,2022-11-03T01:40:35.094074+00:00
789,5298366147,79.7,1.005,buy,False,2022-11-03T01:40:15.496132+00:00
790,5297657287,79.425,0.005,buy,False,2022-11-02T23:53:24.138104+00:00
791,5297373218,79.625,0.755,buy,False,2022-11-02T22:57:57.600853+00:00
792,5297355721,79.4,0.845,buy,False,2022-11-02T22:54:13.985554+00:00
793,5297305692,79.4,0.035,buy,False,2022-11-02T22:45:41.748604+00:00
794,5297163042,79.4,0.13,buy,False,2022-11-02T22:16:26.649347+00:00
795,5297137937,79.075,0.91,sell,False,2022-11-02T22:11:20.678587+00:00
796,5297135491,79.225,0.1,sell,False,2022-11-02T22:10:48.386988+00:00
797,5297135066,79.35,3.02,sell,False,2022-11-02T22:10:41.818880+00:00
798,5297108258,79.775,0.005,buy,False,2022-11-02T22:05:59.118352+00:00
799,5297001953,79.65,0.625,sell,False,2022-11-02T21:44:03.843657+00:00
800,5296316418,79.6,0.005,buy,False,2022-11-02T20:18:43.608290+00:00
801,5296140174,79.525,18.0,buy,False,2022-11-02T20:06:53.489855+00:00
802,5296139364,80.0,0.625,buy,False,2022-11-02T20:06:48.677937+00:00
803,5296120071,79.85,0.04,sell,False,2022-11-02T20:04:17.727640+00:00
804,5296100565,80.0,0.145,buy,False,2022-11-02T20:02:12.751059+00:00
805,5296100564,79.95,1.005,buy,False,2022-11-02T20:02:12.751059+00:00
806,5296100563,79.925,0.98,buy,False,2022-11-02T20:02:12.751059+00:00
807,5296100562,79.625,1.005,buy,False,2022-11-02T20:02:12.751059+00:00
808,5296070608,79.225,0.03,sell,False,2022-11-02T20:00:36.866132+00:00
809,5296070607,79.325,0.98,sell,False,2022-11-02T20:00:36.866132+00:00
810,5296059376,79.55,1.0,sell,False,2022-11-02T19:59:48.254318+00:00
811,5295964732,80.0,0.125,buy,False,2022-11-02T19:49:44.481325+00:00
812,5295949626,79.85,1.0,sell,False,2022-11-02T19:48:02.894014+00:00
813,5295942128,80.0,7.0,sell,False,2022-11-02T19:47:11.662706+00:00
814,5295942127,80.0,0.25,sell,False,2022-11-02T19:47:11.662706+00:00
815,5295940519,80.025,0.995,sell,False,2022-11-02T19:47:00.982866+00:00
816,5295610468,80.3,0.935,buy,False,2022-11-02T19:26:48.488384+00:00
817,5295604541,80.3,0.06,sell,False,2022-11-02T19:26:42.054813+00:00
818,5295587183,80.5,3.105,sell,False,2022-11-02T19:26:12.882068+00:00
819,5295575240,80.575,0.99,sell,False,2022-11-02T19:25:55.824472+00:00
820,5295496201,80.85,0.99,buy,False,2022-11-02T19:21:35.875956+00:00
821,5295469128,81.1,0.985,sell,False,2022-11-02T19:20:29.852459+00:00
822,5295421082,81.375,0.985,buy,False,2022-11-02T19:17:31.126694+00:00
823,5295410253,81.375,3.925,sell,False,2022-11-02T19:16:48.615410+00:00
824,5295308520,82.15,0.975,buy,False,2022-11-02T19:09:42.092278+00:00
825,5295281795,81.825,0.98,buy,False,2022-11-02T19:08:44.174628+00:00
826,5295116511,81.5,0.985,buy,False,2022-11-02T18:58:51.843018+00:00
827,5294947533,81.175,0.985,buy,False,2022-11-02T18:52:06.662832+00:00
828,5294876494,82.125,1.94,sell,False,2022-11-02T18:50:34.506612+00:00
829,5294849155,82.6,0.97,buy,False,2022-11-02T18:49:10.123479+00:00
830,5294840479,82.25,0.97,buy,False,2022-11-02T18:48:32.863991+00:00
831,5294707772,83.15,0.935,buy,False,2022-11-02T18:42:47.876476+00:00
832,5294635804,82.475,106.635,sell,False,2022-11-02T18:41:14.055623+00:00
833,5294635480,82.475,67.11,sell,False,2022-11-02T18:41:13.386001+00:00
834,5294543181,82.325,53.425,buy,False,2022-11-02T18:38:35.288285+00:00
835,5294542605,82.325,46.965,buy,False,2022-11-02T18:38:34.492669+00:00
836,5294541694,82.325,86.65,buy,False,2022-11-02T18:38:33.451753+00:00
837,5294540604,82.325,40.185,buy,False,2022-11-02T18:38:32.467881+00:00
838,5294539989,82.275,35.825,buy,False,2022-11-02T18:38:31.772490+00:00
839,5294539426,82.275,45.71,buy,False,2022-11-02T18:38:31.059441+00:00
840,5294538996,82.275,51.795,buy,False,2022-11-02T18:38:30.372565+00:00
841,5294476713,82.475,7.75,sell,False,2022-11-02T18:37:47.870026+00:00
842,5294442179,82.625,0.935,sell,False,2022-11-02T18:37:06.267130+00:00
843,5294415196,83.0,74.645,sell,False,2022-11-02T18:36:47.380361+00:00
844,5294414108,83.0,45.765,sell,False,2022-11-02T18:36:46.584208+00:00
845,5294412832,83.0,45.04,sell,False,2022-11-02T18:36:45.848620+00:00
846,5294276838,83.95,0.005,buy,False,2022-11-02T18:31:27.639703+00:00
847,5294233485,83.925,0.955,buy,False,2022-11-02T18:29:21.872917+00:00
848,5293984683,83.6,0.84,buy,False,2022-11-02T18:14:50.231282+00:00
849,5293606543,83.6,0.12,buy,False,2022-11-02T18:02:36.385376+00:00
850,5293566147,83.275,0.965,buy,False,2022-11-02T18:02:03.425972+00:00
851,5293480674,82.95,0.965,buy,False,2022-11-02T18:01:06.268511+00:00
852,5293451540,82.625,0.97,buy,False,2022-11-02T18:00:46.060952+00:00
853,5293450800,82.6,0.91,buy,False,2022-11-02T18:00:45.647718+00:00
854,5293214361,82.275,0.975,buy,False,2022-11-02T17:47:28.629162+00:00
855,5292891824,81.95,0.98,buy,False,2022-11-02T16:53:44.684288+00:00
856,5292822675,81.825,0.005,buy,False,2022-11-02T16:44:02.977316+00:00
857,5292407287,81.65,0.98,sell,False,2022-11-02T15:17:44.961364+00:00
858,5292403456,81.675,1.955,sell,False,2022-11-02T15:16:49.750942+00:00
859,5292302852,82.45,0.005,buy,False,2022-11-02T14:56:47.935409+00:00
860,5292236227,82.125,0.975,buy,False,2022-11-02T14:44:35.808334+00:00
861,5292078643,81.825,0.98,sell,False,2022-11-02T14:16:25.558418+00:00
862,5292073696,82.0,0.235,sell,False,2022-11-02T14:15:36.426890+00:00
863,5292071839,82.025,2.925,sell,False,2022-11-02T14:15:24.302430+00:00
864,5291843839,82.65,0.97,buy,False,2022-11-02T13:36:01.430901+00:00
865,5291817505,82.3,0.975,buy,False,2022-11-02T13:32:46.055332+00:00
866,5291816165,82.0,0.01,sell,False,2022-11-02T13:32:34.955552+00:00
867,5291815260,82.0,0.97,sell,False,2022-11-02T13:32:30.100552+00:00
868,5291806272,82.525,1.93,sell,False,2022-11-02T13:31:56.133536+00:00
869,5291700531,83.125,0.005,buy,False,2022-11-02T13:09:29.418630+00:00
870,5291548221,83.0,0.965,buy,False,2022-11-02T12:37:01.363902+00:00
871,5291407941,82.675,0.965,sell,False,2022-11-02T12:15:41.852369+00:00
872,5291404566,83.0,2.89,sell,False,2022-11-02T12:15:27.004617+00:00
873,5291141050,83.25,0.005,buy,False,2022-11-02T11:22:16.211017+00:00
874,5290370849,83.725,0.005,buy,False,2022-11-02T09:35:02.739603+00:00
875,5290278212,83.375,24.675,buy,False,2022-11-02T09:29:44.439373+00:00
876,5290181584,83.5,0.5,buy,False,2022-11-02T09:11:55.883751+00:00
877,5289862407,83.625,0.46,buy,False,2022-11-02T08:24:48.306899+00:00
878,5289862399,83.625,0.5,buy,False,2022-11-02T08:24:48.098584+00:00
879,5289673069,83.5,0.005,buy,False,2022-11-02T07:47:45.980328+00:00
880,5289133965,83.3,0.94,buy,False,2022-11-02T06:32:57.622640+00:00
881,5288920934,83.3,0.005,buy,False,2022-11-02T06:00:26.247637+00:00
882,5288233059,83.3,0.005,buy,False,2022-11-02T04:12:57.111317+00:00
883,5287535532,83.3,0.005,buy,False,2022-11-02T02:25:33.059653+00:00
884,5286918729,83.3,0.005,buy,False,2022-11-02T00:38:08.738870+00:00
885,5286247170,83.3,0.005,buy,False,2022-11-01T22:50:44.601362+00:00
886,5285782270,83.275,0.005,buy,False,2022-11-01T21:03:26.373364+00:00
887,5285555721,82.95,0.03,sell,False,2022-11-01T20:14:03.324455+00:00
888,5285555720,82.975,0.935,sell,False,2022-11-01T20:14:03.324455+00:00
889,5285552885,83.075,1.925,sell,False,2022-11-01T20:13:17.666698+00:00
890,5285301892,83.675,0.005,buy,False,2022-11-01T19:16:12.371318+00:00
891,5284796920,83.55,0.005,buy,False,2022-11-01T17:28:48.653548+00:00
892,5284669576,83.55,0.96,buy,False,2022-11-01T17:00:56.824790+00:00
893,5284416507,83.225,0.965,sell,False,2022-11-01T16:20:06.204018+00:00
894,5284411388,83.325,2.875,sell,False,2022-11-01T16:19:19.596656+00:00
895,5284348206,83.95,0.955,buy,False,2022-11-01T16:07:34.137842+00:00
896,5284324586,83.625,0.96,buy,False,2022-11-01T16:05:45.105580+00:00
897,5284228975,83.375,0.035,buy,False,2022-11-01T15:45:41.445828+00:00
898,5284225900,83.275,0.96,buy,False,2022-11-01T15:45:11.096458+00:00
899,5284224330,83.375,0.955,sell,False,2022-11-01T15:44:50.416830+00:00
900,5284208767,83.55,0.005,buy,False,2022-11-01T15:41:34.044378+00:00
901,5283964449,83.7,0.955,sell,False,2022-11-01T14:57:52.777611+00:00
902,5283963751,83.875,10.485,sell,False,2022-11-01T14:57:39.089847+00:00
903,5283464693,85.9,0.005,buy,False,2022-11-01T13:54:14.575335+00:00
904,5283181489,85.85,0.935,buy,False,2022-11-01T13:31:13.403564+00:00
905,5283174556,85.5,0.935,buy,False,2022-11-01T13:30:24.739186+00:00
906,5282707350,85.5,0.005,buy,False,2022-11-01T12:06:57.502558+00:00
907,5282263376,85.175,0.94,buy,False,2022-11-01T11:08:28.761809+00:00
908,5281953979,84.85,0.935,buy,False,2022-11-01T10:26:11.309874+00:00
909,5281902462,84.85,0.005,buy,False,2022-11-01T10:19:37.913121+00:00
910,5281148530,84.85,0.005,buy,False,2022-11-01T08:32:23.407720+00:00
911,5281043049,84.525,0.95,buy,False,2022-11-01T08:13:03.681743+00:00
912,5280523973,84.475,0.005,buy,False,2022-11-01T06:45:01.561862+00:00
913,5280464149,84.475,1.0,buy,False,2022-11-01T06:33:48.585343+00:00
914,5279842754,84.1,0.005,buy,False,2022-11-01T04:57:41.355432+00:00
915,5279189917,84.15,0.005,buy,False,2022-11-01T03:10:21.465297+00:00
916,5278571232,84.175,0.005,buy,False,2022-11-01T01:23:01.146756+00:00
917,5277881649,84.0,0.005,buy,False,2022-10-31T23:35:42.807863+00:00
918,5277219236,84.1,0.005,buy,False,2022-10-31T21:48:27.817154+00:00
919,5276696145,83.725,0.005,buy,False,2022-10-31T20:01:10.931825+00:00
920,5276588549,83.975,0.205,buy,False,2022-10-31T19:42:37.451371+00:00
921,5276051803,84.225,0.005,buy,False,2022-10-31T18:13:55.521375+00:00
922,5275276028,84.1,0.005,buy,False,2022-10-31T16:26:36.189321+00:00
923,5275181158,84.2,0.955,buy,False,2022-10-31T16:17:53.643786+00:00
924,5274882944,83.85,0.955,buy,False,2022-10-31T15:53:38.234046+00:00
925,5274841402,83.525,0.96,buy,False,2022-10-31T15:50:36.126866+00:00
926,5274725796,83.2,0.965,buy,False,2022-10-31T15:32:36.969336+00:00
927,5274664004,82.875,0.97,buy,False,2022-10-31T15:24:33.629991+00:00
928,5274388013,82.525,0.97,buy,False,2022-10-31T14:56:29.437678+00:00
929,5274378992,82.575,0.965,sell,False,2022-10-31T14:55:37.899142+00:00
930,5274162123,82.875,0.005,buy,False,2022-10-31T14:39:12.744718+00:00
931,5273958751,82.9,0.965,sell,False,2022-10-31T14:24:42.839846+00:00
932,5273956112,83.05,0.96,sell,False,2022-10-31T14:24:26.352514+00:00
933,5273709756,83.35,0.96,buy,False,2022-10-31T14:07:43.028596+00:00
934,5273698945,83.55,0.955,sell,False,2022-10-31T14:06:58.965908+00:00
935,5273660329,83.85,0.955,buy,False,2022-10-31T14:04:46.736479+00:00
936,5273650570,84.075,1.9,sell,False,2022-10-31T14:04:08.439519+00:00
937,5273388814,84.35,1.0,sell,False,2022-10-31T13:56:39.655336+00:00
938,5273388813,84.35,11.87,sell,False,2022-10-31T13:56:39.654569+00:00
939,5273388812,84.35,12.0,sell,False,2022-10-31T13:56:39.647383+00:00
940,5273316093,84.55,0.95,buy,False,2022-10-31T13:53:53.086200+00:00
941,5273221897,84.225,0.95,sell,False,2022-10-31T13:48:04.622563+00:00
942,5273213949,84.625,0.835,sell,False,2022-10-31T13:47:20.315310+00:00
943,5273213299,84.625,1.0,sell,False,2022-10-31T13:47:17.486307+00:00
944,5273213228,84.625,1.0,sell,False,2022-10-31T13:47:16.573381+00:00
945,5273158747,85.3,0.895,buy,False,2022-10-31T13:42:03.340428+00:00
946,5273084376,85.25,0.94,buy,False,2022-10-31T13:35:12.869920+00:00
947,5273075378,84.925,0.945,buy,False,2022-10-31T13:34:29.605783+00:00
948,5273074515,84.6,0.01,sell,False,2022-10-31T13:34:25.120991+00:00
949,5273074268,84.6,0.94,sell,False,2022-10-31T13:34:23.728342+00:00
950,5273058995,85.675,0.005,buy,False,2022-10-31T13:33:27.207969+00:00
951,5273058118,85.3,0.805,sell,False,2022-10-31T13:33:24.531864+00:00
952,5273049037,85.3,2.0,sell,False,2022-10-31T13:33:02.608972+00:00
953,5272724934,85.775,0.005,buy,False,2022-10-31T12:51:47.635294+00:00
954,5271929931,86.275,0.005,buy,False,2022-10-31T11:04:28.987338+00:00
955,5271929259,85.95,0.935,buy,False,2022-10-31T11:04:23.665453+00:00
956,5271025605,85.6,0.93,buy,False,2022-10-31T09:30:44.059749+00:00
957,5270941906,85.6,0.005,buy,False,2022-10-31T09:17:12.252638+00:00
958,5270711959,85.275,0.935,sell,False,2022-10-31T08:30:46.455455+00:00
959,5270708800,86.325,0.005,buy,False,2022-10-31T08:30:03.361145+00:00
960,5270708315,85.625,4.215,sell,False,2022-10-31T08:30:01.427974+00:00
961,5270658726,85.65,0.91,sell,False,2022-10-31T08:18:28.071235+00:00
962,5270655413,85.7,0.5,buy,False,2022-10-31T08:18:02.022568+00:00
963,5270653593,85.7,0.5,buy,False,2022-10-31T08:17:29.158784+00:00
964,5270545777,85.875,1.0,buy,False,2022-10-31T08:02:51.399508+00:00
965,5270522459,86.15,1.5,buy,False,2022-10-31T08:00:00.918123+00:00
966,5270522428,86.15,3.0,buy,False,2022-10-31T08:00:00.720827+00:00
967,5270522414,86.15,5.83,buy,False,2022-10-31T08:00:00.521708+00:00
968,5270522368,86.15,13.0,buy,False,2022-10-31T08:00:00.273927+00:00
969,5270384880,85.9,0.005,buy,False,2022-10-31T07:29:56.295762+00:00
970,5269793210,86.575,0.005,buy,False,2022-10-31T05:42:44.762005+00:00
971,5269249508,86.575,0.005,buy,False,2022-10-31T03:55:33.847297+00:00
972,5268608111,86.55,0.005,buy,False,2022-10-31T02:08:12.138926+00:00
973,5267834869,86.575,0.005,buy,False,2022-10-31T00:21:01.205431+00:00
974,5267305291,86.55,0.365,buy,False,2022-10-30T22:45:52.085300+00:00
975,5267234481,86.55,0.005,buy,False,2022-10-30T22:33:38.038134+00:00
976,5266648918,86.875,0.005,buy,False,2022-10-30T20:46:26.625844+00:00
977,5266181155,87.625,0.005,buy,False,2022-10-30T18:59:09.540017+00:00
978,5265635561,86.9,0.005,buy,False,2022-10-30T17:11:46.387235+00:00
979,5264821911,86.875,0.005,buy,False,2022-10-30T15:24:24.960925+00:00
980,5264087223,86.875,0.005,buy,False,2022-10-30T13:37:09.819969+00:00
981,5263355903,86.9,0.005,buy,False,2022-10-30T11:49:53.903306+00:00
982,5262717572,86.875,0.005,buy,False,2022-10-30T10:02:33.048868+00:00
983,5261741436,86.9,0.005,buy,False,2022-10-30T08:15:08.800676+00:00
984,5260919269,86.875,0.005,buy,False,2022-10-30T06:27:46.618705+00:00
985,5260285290,86.875,0.005,buy,False,2022-10-30T04:40:32.388263+00:00
986,5259785890,87.0,0.005,buy,False,2022-10-30T02:53:11.913453+00:00
987,5259227047,86.875,0.005,buy,False,2022-10-30T01:05:48.968252+00:00
988,5258592077,86.875,0.005,buy,False,2022-10-29T23:18:28.467670+00:00
989,5258242913,86.875,0.03,buy,False,2022-10-29T22:30:49.447433+00:00
990,5258242837,86.875,0.03,buy,False,2022-10-29T22:30:48.985466+00:00
991,5258242765,86.875,0.035,buy,False,2022-10-29T22:30:48.435681+00:00
992,5258242707,86.875,0.04,buy,False,2022-10-29T22:30:47.711319+00:00
993,5257946632,86.875,0.005,buy,False,2022-10-29T21:31:11.671999+00:00
994,5257379181,86.875,0.005,buy,False,2022-10-29T19:44:01.174797+00:00
995,5256393212,86.9,0.005,buy,False,2022-10-29T17:56:47.074145+00:00
996,5255140986,86.9,0.005,buy,False,2022-10-29T16:09:35.465364+00:00
997,5254081270,86.9,0.005,buy,False,2022-10-29T14:22:17.091039+00:00
998,5253350961,87.025,0.005,buy,False,2022-10-29T12:34:57.405836+00:00
999,5252624003,86.9,0.005,buy,False,2022-10-29T10:47:43.534970+00:00
1000,5251759228,86.9,0.005,buy,False,2022-10-29T09:00:28.000473+00:00
1001,5250764807,86.9,0.005,buy,False,2022-10-29T07:12:59.614851+00:00
1002,5250243034,86.9,0.005,buy,False,2022-10-29T05:25:49.225803+00:00
1003,5249711697,87.025,0.005,buy,False,2022-10-29T03:38:26.335035+00:00
1004,5249083059,86.9,0.005,buy,False,2022-10-29T01:51:10.718084+00:00
1005,5248597769,86.9,0.005,buy,False,2022-10-29T00:04:00.246207+00:00
1006,5248159053,86.9,0.005,buy,False,2022-10-28T22:16:39.850269+00:00
1007,5247722577,86.9,0.005,buy,False,2022-10-28T20:29:27.802419+00:00
1008,5247575593,86.625,0.115,buy,False,2022-10-28T20:04:41.219450+00:00
1009,5247186852,86.975,0.005,buy,False,2022-10-28T18:42:09.280477+00:00
1010,5246717885,87.275,0.46,buy,False,2022-10-28T17:22:51.132853+00:00
1011,5246607386,86.95,0.465,buy,False,2022-10-28T17:09:41.980041+00:00
1012,5246456299,86.725,0.005,buy,False,2022-10-28T16:54:46.329186+00:00
1013,5246229995,86.425,4.365,sell,False,2022-10-28T16:33:48.358907+00:00
1014,5245517857,86.6,0.46,buy,False,2022-10-28T15:08:44.369356+00:00
1015,5245509032,86.6,0.005,buy,False,2022-10-28T15:07:24.584402+00:00
1016,5244952554,86.275,0.465,buy,False,2022-10-28T14:00:28.120856+00:00
1017,5244937584,85.925,0.47,buy,False,2022-10-28T13:59:09.374618+00:00
1018,5244766158,85.6,0.47,buy,False,2022-10-28T13:40:13.082604+00:00
1019,5244757831,85.25,0.47,buy,False,2022-10-28T13:39:19.453074+00:00
1020,5244756726,85.175,0.9,buy,False,2022-10-28T13:39:11.853015+00:00
1021,5244726374,84.925,0.475,buy,False,2022-10-28T13:36:33.652949+00:00
1022,5244702478,84.6,1.715,sell,False,2022-10-28T13:34:44.692632+00:00
1023,5244696656,84.6,0.475,sell,False,2022-10-28T13:34:27.171315+00:00
1024,5244685804,85.075,0.94,sell,False,2022-10-28T13:33:45.987417+00:00
1025,5244665793,85.55,0.47,buy,False,2022-10-28T13:32:38.744232+00:00
1026,5244630308,85.2,0.47,buy,False,2022-10-28T13:31:22.643866+00:00
1027,5244625337,85.2,2.825,sell,False,2022-10-28T13:31:02.584309+00:00
1028,5244621883,85.325,0.08,sell,False,2022-10-28T13:30:37.405720+00:00
1029,5244522635,86.525,0.005,buy,False,2022-10-28T13:20:11.501665+00:00
1030,5243625018,86.1,0.005,buy,False,2022-10-28T11:32:54.138470+00:00
1031,5243122691,85.625,24.835,sell,False,2022-10-28T09:50:28.930268+00:00
1032,5243101577,85.875,0.005,buy,False,2022-10-28T09:45:43.041491+00:00
1033,5242943392,85.7,20.48,buy,False,2022-10-28T09:16:51.371667+00:00
1034,5242943389,85.4,19.5,sell,False,2022-10-28T09:16:51.311968+00:00
1035,5242788564,85.675,0.915,sell,False,2022-10-28T08:48:29.534250+00:00
1036,5242395906,85.85,0.005,buy,False,2022-10-28T07:58:30.605333+00:00
1037,5241798686,86.025,0.005,buy,False,2022-10-28T06:11:12.848618+00:00
1038,5241663739,85.775,0.5,sell,False,2022-10-28T05:39:12.100811+00:00
1039,5241663724,85.775,0.5,sell,False,2022-10-28T05:39:11.850821+00:00
1040,5241663716,85.775,1.0,sell,False,2022-10-28T05:39:11.649414+00:00
1041,5241663707,85.775,2.0,sell,False,2022-10-28T05:39:11.411586+00:00
1042,5241663697,85.775,3.5,sell,False,2022-10-28T05:39:11.210641+00:00
1043,5241663687,85.775,7.5,sell,False,2022-10-28T05:39:11.010890+00:00
1044,5241663677,85.775,15.5,sell,False,2022-10-28T05:39:10.801033+00:00
1045,5241655905,85.775,0.975,sell,False,2022-10-28T05:37:36.169800+00:00
1046,5241655330,85.775,31.0,sell,False,2022-10-28T05:37:31.051739+00:00
1047,5241652918,85.8,41.18,sell,False,2022-10-28T05:36:57.748830+00:00
1048,5241650805,85.825,23.185,sell,False,2022-10-28T05:36:37.630574+00:00
1049,5241650238,85.85,41.44,sell,False,2022-10-28T05:36:29.220397+00:00
1050,5241649545,85.85,33.165,sell,False,2022-10-28T05:36:23.901818+00:00
1051,5241646947,85.875,39.725,sell,False,2022-10-28T05:35:56.802280+00:00
1052,5241642736,85.875,23.24,sell,False,2022-10-28T05:34:45.497049+00:00
1053,5241626703,85.875,21.49,sell,False,2022-10-28T05:30:44.404395+00:00
1054,5241626505,85.875,22.13,sell,False,2022-10-28T05:30:38.902308+00:00
1055,5241626079,85.9,35.865,sell,False,2022-10-28T05:30:33.476050+00:00
1056,5241625104,85.9,29.885,sell,False,2022-10-28T05:30:22.737970+00:00
1057,5241568794,85.85,24.53,sell,False,2022-10-28T05:16:12.942490+00:00
1058,5241561224,85.875,33.53,sell,False,2022-10-28T05:15:13.484793+00:00
1059,5241555596,85.85,22.42,sell,False,2022-10-28T05:13:43.268426+00:00
1060,5241552516,85.85,31.11,sell,False,2022-10-28T05:13:14.476941+00:00
1061,5241550693,85.875,27.65,sell,False,2022-10-28T05:12:45.056254+00:00
1062,5241550446,85.85,32.32,sell,False,2022-10-28T05:12:39.488233+00:00
1063,5241345560,86.375,0.005,buy,False,2022-10-28T04:23:57.354463+00:00
1064,5240795934,86.65,0.005,buy,False,2022-10-28T02:36:40.590807+00:00
1065,5240152305,86.4,0.005,buy,False,2022-10-28T00:49:28.668301+00:00
1066,5239700427,86.225,0.115,buy,False,2022-10-27T23:45:48.869874+00:00
1067,5239472942,85.85,13.0,sell,False,2022-10-27T23:04:51.421777+00:00
1068,5239455351,86.1,11.0,sell,False,2022-10-27T23:02:39.143530+00:00
1069,5239450960,86.5,0.005,buy,False,2022-10-27T23:02:08.810050+00:00
1070,5239394138,86.35,0.465,buy,False,2022-10-27T22:50:38.896590+00:00
1071,5239392814,86.0,0.47,buy,False,2022-10-27T22:50:18.198299+00:00
1072,5239392754,85.975,0.235,buy,False,2022-10-27T22:50:17.665836+00:00
1073,5238940508,85.675,0.465,buy,False,2022-10-27T21:24:41.063335+00:00
1074,5238901405,85.675,0.005,buy,False,2022-10-27T21:14:45.940463+00:00
1075,5238688801,85.325,0.47,buy,False,2022-10-27T20:39:58.110593+00:00
1076,5238634164,85.0,0.475,buy,False,2022-10-27T20:35:09.735396+00:00
1077,5238633834,84.975,0.8,buy,False,2022-10-27T20:35:09.198737+00:00
1078,5238576662,84.65,0.355,buy,False,2022-10-27T20:32:09.835601+00:00
1079,5238574434,84.65,0.12,sell,False,2022-10-27T20:32:05.102568+00:00
1080,5238570214,84.9,0.47,sell,False,2022-10-27T20:31:50.372343+00:00
1081,5238129859,85.475,0.12,buy,False,2022-10-27T20:10:13.745725+00:00
1082,5238058894,85.2,0.47,buy,False,2022-10-27T20:04:46.224787+00:00
1083,5238045902,85.7,0.465,sell,False,2022-10-27T20:04:04.597773+00:00
1084,5238033905,86.025,0.565,sell,False,2022-10-27T20:03:13.761714+00:00
1085,5238016618,86.025,0.465,sell,False,2022-10-27T20:02:24.854501+00:00
1086,5238004432,86.65,44.93,buy,False,2022-10-27T20:02:08.993817+00:00
1087,5237997836,86.55,0.92,sell,False,2022-10-27T20:01:52.814149+00:00
1088,5237995136,87.075,0.92,sell,False,2022-10-27T20:01:45.629873+00:00
1089,5237760350,87.6,0.005,buy,False,2022-10-27T19:27:34.710049+00:00
1090,5237713789,87.55,0.46,buy,False,2022-10-27T19:18:11.980431+00:00
1091,5237671002,87.225,0.46,sell,False,2022-10-27T19:11:23.304157+00:00
1092,5237663590,87.425,0.485,sell,False,2022-10-27T19:09:52.883566+00:00
1093,5237659926,87.55,0.455,sell,False,2022-10-27T19:09:17.456721+00:00
1094,5237382644,87.85,0.455,buy,False,2022-10-27T18:12:46.661416+00:00
1095,5237374353,88.0,0.91,sell,False,2022-10-27T18:11:29.103345+00:00
1096,5237358133,88.3,0.005,buy,False,2022-10-27T18:08:31.945414+00:00
1097,5237218376,88.375,0.05,sell,False,2022-10-27T17:38:09.743726+00:00
1098,5237035588,88.5,0.455,buy,False,2022-10-27T17:06:28.043574+00:00
1099,5236888571,88.475,0.005,buy,False,2022-10-27T16:43:00.348427+00:00
1100,5236459822,88.175,0.455,sell,False,2022-10-27T15:47:45.050258+00:00
1101,5236455651,88.2,3.185,sell,False,2022-10-27T15:46:58.726793+00:00
1102,5236233499,88.925,0.005,buy,False,2022-10-27T15:17:21.087781+00:00
1103,5235842273,89.5,1.115,sell,False,2022-10-27T14:28:01.007208+00:00
1104,5235825299,89.575,0.45,buy,False,2022-10-27T14:25:51.449457+00:00
1105,5235758888,89.225,0.45,buy,False,2022-10-27T14:16:39.818956+00:00
1106,5235719545,88.875,0.455,buy,False,2022-10-27T14:13:23.774091+00:00
1107,5235705010,88.525,0.455,buy,False,2022-10-27T14:12:51.774716+00:00
1108,5235644696,88.4,0.9,buy,False,2022-10-27T14:05:35.759943+00:00
1109,5235638336,88.175,0.455,buy,False,2022-10-27T14:05:12.864752+00:00
1110,5235561739,87.825,0.46,buy,False,2022-10-27T13:59:21.925120+00:00
1111,5235508842,87.475,0.46,buy,False,2022-10-27T13:55:59.603324+00:00
1112,5235501494,87.725,0.455,sell,False,2022-10-27T13:55:46.368190+00:00
1113,5235460242,88.025,0.455,buy,False,2022-10-27T13:52:34.148889+00:00
1114,5235444574,88.125,2.27,sell,False,2022-10-27T13:51:55.558115+00:00
1115,5235441204,88.375,0.005,buy,False,2022-10-27T13:51:49.658038+00:00
1116,5235426829,88.3,0.9,sell,False,2022-10-27T13:50:52.962889+00:00
1117,5235235993,89.15,0.45,buy,False,2022-10-27T13:30:33.065861+00:00
1118,5235233239,88.8,0.89,buy,False,2022-10-27T13:30:19.274678+00:00
1119,5234932350,88.8,0.455,buy,False,2022-10-27T12:53:57.582833+00:00
1120,5234761428,88.45,0.455,buy,False,2022-10-27T12:37:28.723466+00:00
1121,5234501567,87.925,0.005,buy,False,2022-10-27T12:26:11.586777+00:00
1122,5234144968,88.1,0.45,buy,False,2022-10-27T11:19:25.532604+00:00
1123,5234021959,88.1,0.005,buy,False,2022-10-27T11:00:42.131041+00:00
1124,5233914833,87.575,14.5,sell,False,2022-10-27T10:42:59.628585+00:00
1125,5233911187,87.775,0.44,sell,False,2022-10-27T10:42:27.212047+00:00
1126,5233881214,87.775,0.455,sell,False,2022-10-27T10:38:31.739917+00:00
1127,5233880479,87.9,0.46,sell,False,2022-10-27T10:38:19.768160+00:00
1128,5233521170,88.575,0.005,buy,False,2022-10-27T09:35:15.818058+00:00
1129,5233397807,88.25,0.455,sell,False,2022-10-27T09:14:47.055360+00:00
1130,5233396382,88.625,1.53,sell,False,2022-10-27T09:14:29.813493+00:00
1131,5233026760,89.375,0.005,buy,False,2022-10-27T08:09:37.618899+00:00
1132,5233012463,88.7,12.0,buy,False,2022-10-27T08:06:59.165217+00:00
1133,5232676587,88.625,0.28,sell,False,2022-10-27T07:17:03.934660+00:00
1134,5232479055,88.9,0.005,buy,False,2022-10-27T06:44:02.786365+00:00
1135,5232440475,88.975,23.5,buy,False,2022-10-27T06:38:18.017353+00:00
1136,5232440372,88.975,17.125,buy,False,2022-10-27T06:38:17.779796+00:00
1137,5232440371,88.95,0.87,buy,False,2022-10-27T06:38:17.779796+00:00
1138,5232440370,88.85,29.505,buy,False,2022-10-27T06:38:17.779796+00:00
1139,5232098057,88.925,12.94,sell,False,2022-10-27T05:53:38.593990+00:00
1140,5231866553,89.275,0.005,buy,False,2022-10-27T05:18:29.418505+00:00
1141,5231441063,89.3,0.005,buy,False,2022-10-27T03:52:52.487912+00:00
1142,5230910565,89.275,0.005,buy,False,2022-10-27T02:27:14.218022+00:00
1143,5230416390,89.3,0.005,buy,False,2022-10-27T01:01:44.274660+00:00
1144,5229898507,88.875,0.115,sell,False,2022-10-26T23:51:07.116863+00:00
1145,5229898506,88.9,0.885,sell,False,2022-10-26T23:51:07.116863+00:00
1146,5229816371,89.475,0.005,buy,False,2022-10-26T23:36:06.012551+00:00
1147,5229810980,89.475,11.1,buy,False,2022-10-26T23:35:14.466796+00:00
1148,5229810979,89.475,0.45,buy,False,2022-10-26T23:35:14.466796+00:00
1149,5229810978,89.1,0.45,buy,False,2022-10-26T23:35:14.466796+00:00
1150,5229702084,89.075,0.145,buy,False,2022-10-26T23:17:14.419130+00:00
1151,5229290253,89.025,0.005,buy,False,2022-10-26T22:10:34.178238+00:00
1152,5229028530,88.75,0.45,buy,False,2022-10-26T21:15:34.836923+00:00
1153,5228857436,88.75,0.005,buy,False,2022-10-26T20:45:00.542463+00:00
1154,5228660320,88.425,0.455,sell,False,2022-10-26T20:10:37.711277+00:00
1155,5228291896,88.85,0.005,buy,False,2022-10-26T19:19:27.949256+00:00
1156,5228059122,88.9,5.0,sell,False,2022-10-26T18:42:54.769948+00:00
1157,5228059121,88.9,18.585,sell,False,2022-10-26T18:42:54.738445+00:00
1158,5227750739,89.15,0.005,buy,False,2022-10-26T17:53:49.470752+00:00
1159,5227497932,88.825,0.23,sell,False,2022-10-26T17:15:30.519775+00:00
1160,5227095549,90.175,0.005,buy,False,2022-10-26T16:28:15.073350+00:00
1161,5227089693,90.15,0.435,buy,False,2022-10-26T16:27:25.451836+00:00
1162,5226472587,90.95,1.285,buy,False,2022-10-26T15:16:15.547777+00:00
1163,5226346647,90.325,0.005,buy,False,2022-10-26T15:02:42.835344+00:00
1164,5225911830,90.625,5.51,buy,False,2022-10-26T14:30:20.446972+00:00
1165,5225197933,89.8,0.43,sell,False,2022-10-26T13:48:32.367902+00:00
1166,5225060033,90.275,0.855,buy,False,2022-10-26T13:37:38.757950+00:00
1167,5225052949,90.35,0.005,buy,False,2022-10-26T13:37:10.103122+00:00
1168,5224543643,88.85,24.37,sell,False,2022-10-26T12:23:39.894456+00:00
1169,5224444198,89.15,0.005,buy,False,2022-10-26T12:11:36.258542+00:00
1170,5224139081,88.925,22.0,sell,False,2022-10-26T11:19:26.148509+00:00
1171,5224139073,88.925,11.055,sell,False,2022-10-26T11:19:26.147343+00:00
1172,5224131209,88.925,25.5,sell,False,2022-10-26T11:17:23.201345+00:00
1173,5223943355,88.975,0.005,buy,False,2022-10-26T10:46:10.634761+00:00
1174,5223668128,87.9,24.665,buy,False,2022-10-26T09:55:49.554532+00:00
1175,5223664627,87.9,0.5,buy,False,2022-10-26T09:55:05.875630+00:00
1176,5223588577,87.85,27.54,buy,False,2022-10-26T09:37:22.457039+00:00
1177,5223586559,87.825,22.1,buy,False,2022-10-26T09:36:49.741233+00:00
1178,5223586234,87.85,27.425,buy,False,2022-10-26T09:36:44.226377+00:00
1179,5223583197,87.825,27.68,buy,False,2022-10-26T09:36:00.581134+00:00
1180,5223569059,87.825,16.0,buy,False,2022-10-26T09:32:48.878036+00:00
1181,5223507812,88.675,0.005,buy,False,2022-10-26T09:20:34.984335+00:00
1182,5223505367,87.8,27.715,buy,False,2022-10-26T09:20:00.343910+00:00
1183,5223491696,87.775,44.09,sell,False,2022-10-26T09:17:03.325217+00:00
1184,5223472161,87.75,49.885,sell,False,2022-10-26T09:13:53.262685+00:00
1185,5223471970,87.425,12.0,sell,False,2022-10-26T09:13:49.265702+00:00
1186,5223471906,88.325,21.5,buy,False,2022-10-26T09:13:49.034932+00:00
1187,5223471905,88.325,24.0,buy,False,2022-10-26T09:13:49.033573+00:00
1188,5223468374,88.325,10.5,buy,False,2022-10-26T09:13:17.935788+00:00
1189,5223468339,88.325,21.0,buy,False,2022-10-26T09:13:17.726961+00:00
1190,5223464429,87.8,87.365,sell,False,2022-10-26T09:12:53.588457+00:00
1191,5223463393,87.8,41.79,sell,False,2022-10-26T09:12:45.977613+00:00
1192,5222759180,88.425,41.94,sell,False,2022-10-26T08:02:29.091268+00:00
1193,5222755991,88.425,0.87,sell,False,2022-10-26T08:02:22.633599+00:00
1194,5222703711,88.825,0.005,buy,False,2022-10-26T07:55:02.940041+00:00
1195,5222421841,88.325,2.26,buy,False,2022-10-26T07:13:53.901026+00:00
1196,5222169491,88.025,0.005,buy,False,2022-10-26T06:29:23.946890+00:00
1197,5221773684,87.95,0.005,buy,False,2022-10-26T05:03:55.884160+00:00
1198,5221418572,87.95,0.89,buy,False,2022-10-26T03:42:20.454725+00:00
1199,5221418571,87.925,0.11,buy,False,2022-10-26T03:42:20.454725+00:00
1200,5221400527,87.925,0.005,buy,False,2022-10-26T03:38:27.063915+00:00
1201,5220962490,87.925,0.005,buy,False,2022-10-26T02:12:51.690443+00:00
1202,5220948335,87.4,0.12,sell,False,2022-10-26T02:10:11.744038+00:00
1203,5220466104,87.925,0.005,buy,False,2022-10-26T00:47:19.578217+00:00
1204,5219975039,87.925,0.005,buy,False,2022-10-25T23:21:43.157882+00:00
1205,5219656616,89.05,41.0,buy,False,2022-10-25T22:23:06.510854+00:00
1206,5219575830,88.75,41.195,sell,False,2022-10-25T22:11:14.089502+00:00
1207,5219459297,89.1,0.005,buy,False,2022-10-25T21:56:03.380193+00:00
1208,5219148662,88.675,33.015,buy,False,2022-10-25T20:58:52.748343+00:00
1209,5218921824,88.675,0.005,buy,False,2022-10-25T20:30:25.993528+00:00
1210,5218642791,88.35,76.575,sell,False,2022-10-25T20:05:32.027514+00:00
1211,5218072937,89.175,0.005,buy,False,2022-10-25T19:04:46.190799+00:00
1212,5216862194,89.05,0.005,buy,False,2022-10-25T17:39:14.004977+00:00
1213,5215883393,88.375,0.43,buy,False,2022-10-25T16:59:27.572842+00:00
1214,5215784982,88.1,4.52,sell,False,2022-10-25T16:52:44.187317+00:00
1215,5215353243,89.05,0.005,buy,False,2022-10-25T16:13:47.939720+00:00
1216,5215217126,88.825,1.215,sell,False,2022-10-25T16:02:35.363657+00:00
1217,5214910106,88.925,0.145,buy,False,2022-10-25T15:38:31.463002+00:00
1218,5214887907,88.6,4.045,sell,False,2022-10-25T15:35:11.361774+00:00
1219,5214413510,87.975,0.005,buy,False,2022-10-25T14:48:15.623727+00:00
1220,5214157875,89.025,33.995,sell,False,2022-10-25T14:14:39.852299+00:00
1221,5213816448,87.125,0.035,sell,False,2022-10-25T13:45:28.980461+00:00
1222,5213674114,87.0,0.17,buy,False,2022-10-25T13:32:44.473049+00:00
1223,5213595664,86.025,33.725,sell,False,2022-10-25T13:25:00.303411+00:00
1224,5213574283,86.25,0.005,buy,False,2022-10-25T13:22:41.370209+00:00
1225,5213419630,84.7,39.0,buy,False,2022-10-25T13:01:13.919420+00:00
1226,5213419629,84.7,105.36,buy,False,2022-10-25T13:01:13.919361+00:00
1227,5213112362,83.575,0.005,buy,False,2022-10-25T11:57:01.372776+00:00
1228,5212838610,83.35,0.005,buy,False,2022-10-25T10:31:27.767999+00:00
1229,5212518503,83.875,0.005,buy,False,2022-10-25T09:06:01.641155+00:00
1230,5212387022,83.875,0.25,buy,False,2022-10-25T08:30:52.277270+00:00
1231,5212240456,83.575,0.005,buy,False,2022-10-25T07:40:30.817675+00:00
1232,5211986723,83.625,0.005,buy,False,2022-10-25T06:14:59.870416+00:00
1233,5211732967,83.55,0.005,buy,False,2022-10-25T04:49:22.177687+00:00
1234,5211441863,83.55,0.005,buy,False,2022-10-25T03:23:51.185625+00:00
1235,5211132597,83.575,0.005,buy,False,2022-10-25T01:58:21.230390+00:00
1236,5210780483,83.725,0.005,buy,False,2022-10-25T00:32:44.565425+00:00
1237,5210517496,84.25,12.94,buy,False,2022-10-24T23:41:49.899524+00:00
1238,5210406713,83.7,0.005,buy,False,2022-10-24T23:07:14.935794+00:00
1239,5210138651,83.5,0.005,buy,False,2022-10-24T21:41:46.978986+00:00
1240,5209808944,83.675,0.005,buy,False,2022-10-24T20:16:10.951912+00:00
1241,5209446848,83.375,0.005,buy,False,2022-10-24T18:50:40.090457+00:00
1242,5209094122,82.925,0.005,buy,False,2022-10-24T17:25:08.241969+00:00
1243,5208716850,82.975,0.005,buy,False,2022-10-24T15:59:41.119663+00:00
1244,5208545264,82.3,0.06,sell,False,2022-10-24T15:24:21.658932+00:00
1245,5208236797,81.525,0.005,buy,False,2022-10-24T14:34:09.489275+00:00
1246,5208151455,81.0,0.305,sell,False,2022-10-24T14:25:44.827715+00:00
1247,5208109271,81.25,1.51,sell,False,2022-10-24T14:23:07.386755+00:00
1248,5208090790,81.25,0.52,sell,False,2022-10-24T14:21:17.140106+00:00
1249,5208000055,81.375,2.28,sell,False,2022-10-24T14:16:59.263489+00:00
1250,5207933366,81.875,0.145,buy,False,2022-10-24T14:08:55.023624+00:00
1251,5207856256,82.55,0.245,sell,False,2022-10-24T14:00:38.961460+00:00
1252,5207492109,84.725,0.005,buy,False,2022-10-24T13:08:42.369171+00:00
1253,5207259697,84.4,1.0,buy,False,2022-10-24T12:27:06.157932+00:00
1254,5207039589,84.775,0.005,buy,False,2022-10-24T11:43:09.029168+00:00
1255,5206720887,84.525,0.5,buy,False,2022-10-24T10:26:30.088681+00:00
1256,5206710704,83.925,23.27,sell,False,2022-10-24T10:24:16.620143+00:00
1257,5206710702,84.5,31.5,buy,False,2022-10-24T10:24:16.572721+00:00
1258,5206703915,84.275,0.195,buy,False,2022-10-24T10:22:56.254032+00:00
1259,5206674997,84.475,0.005,buy,False,2022-10-24T10:17:31.608463+00:00
1260,5206340273,83.5,0.005,buy,False,2022-10-24T08:52:02.101952+00:00
1261,5205998646,83.7,0.005,buy,False,2022-10-24T07:26:30.640751+00:00
1262,5205939878,83.925,0.5,buy,False,2022-10-24T07:19:05.789568+00:00
1263,5205939860,83.925,0.5,buy,False,2022-10-24T07:19:05.601922+00:00
1264,5205939847,83.925,0.5,buy,False,2022-10-24T07:19:05.406492+00:00
1265,5205939826,83.925,0.5,buy,False,2022-10-24T07:19:05.206627+00:00
1266,5205613799,84.275,0.005,buy,False,2022-10-24T06:00:57.169585+00:00
1267,5205524906,84.45,0.75,buy,False,2022-10-24T05:35:57.427570+00:00
1268,5205323444,84.55,0.005,buy,False,2022-10-24T04:35:28.811296+00:00
1269,5204973233,84.45,0.005,buy,False,2022-10-24T03:09:59.268339+00:00
1270,5204632237,84.825,0.005,buy,False,2022-10-24T01:44:20.498014+00:00
1271,5204198390,85.0,0.005,buy,False,2022-10-24T00:18:46.858612+00:00
1272,5203751135,85.2,0.005,buy,False,2022-10-23T22:53:19.262124+00:00
1273,5203192458,84.6,0.005,buy,False,2022-10-23T21:27:44.096562+00:00
1274,5202864684,84.6,0.005,buy,False,2022-10-23T20:02:11.643194+00:00
1275,5202531207,84.65,0.005,buy,False,2022-10-23T18:36:43.758008+00:00
1276,5201953999,84.6,0.005,buy,False,2022-10-23T17:11:10.599357+00:00
1277,5201647965,84.6,0.005,buy,False,2022-10-23T15:45:40.065701+00:00
1278,5201420423,84.6,0.005,buy,False,2022-10-23T14:20:14.376271+00:00
1279,5201168398,84.6,0.005,buy,False,2022-10-23T12:54:37.634310+00:00
1280,5200802056,84.6,0.005,buy,False,2022-10-23T11:29:00.865986+00:00
1281,5200422036,84.6,0.005,buy,False,2022-10-23T10:03:32.574691+00:00
1282,5200143584,84.6,0.005,buy,False,2022-10-23T08:38:05.485303+00:00
1283,5199867162,84.6,0.005,buy,False,2022-10-23T07:12:38.049674+00:00
1284,5199582907,84.6,0.005,buy,False,2022-10-23T05:47:04.566908+00:00
1285,5199322766,84.6,0.005,buy,False,2022-10-23T04:21:35.847223+00:00
1286,5199090705,84.6,0.005,buy,False,2022-10-23T02:56:01.646745+00:00
1287,5198777659,84.6,0.005,buy,False,2022-10-23T01:30:27.415646+00:00
1288,5198517295,84.6,0.005,buy,False,2022-10-23T00:04:51.424433+00:00
1289,5198289656,84.6,0.005,buy,False,2022-10-22T22:39:24.912947+00:00
1290,5198056826,84.6,0.005,buy,False,2022-10-22T21:13:50.581111+00:00
1291,5197781650,84.6,0.005,buy,False,2022-10-22T19:48:18.410491+00:00
1292,5197523057,84.6,0.005,buy,False,2022-10-22T18:22:45.745794+00:00
1293,5197220533,84.6,0.005,buy,False,2022-10-22T16:57:19.156222+00:00
1294,5196841121,84.6,0.005,buy,False,2022-10-22T15:31:53.813005+00:00
1295,5196478685,84.6,0.005,buy,False,2022-10-22T14:06:25.830248+00:00
1296,5196061654,84.6,0.005,buy,False,2022-10-22T12:40:56.759347+00:00
1297,5195719500,84.6,0.005,buy,False,2022-10-22T11:15:25.950338+00:00
1298,5195440301,84.6,0.005,buy,False,2022-10-22T09:49:46.994111+00:00
1299,5195201615,84.6,0.005,buy,False,2022-10-22T08:24:15.161141+00:00
1300,5194937371,84.6,0.005,buy,False,2022-10-22T06:58:40.414056+00:00
1301,5194713261,84.6,0.005,buy,False,2022-10-22T05:33:08.972528+00:00
1302,5194463697,84.6,0.005,buy,False,2022-10-22T04:07:29.986169+00:00
1303,5194226670,84.6,0.005,buy,False,2022-10-22T02:41:50.463532+00:00
1304,5193987130,84.6,0.005,buy,False,2022-10-22T01:16:17.705324+00:00
1305,5193699247,85.075,0.005,buy,False,2022-10-21T23:50:44.219435+00:00
1306,5193468482,84.6,0.005,buy,False,2022-10-21T22:25:13.757575+00:00
1307,5193332494,84.45,0.5,buy,False,2022-10-21T21:35:00.616475+00:00
1308,5193237135,84.325,0.005,buy,False,2022-10-21T20:59:47.648076+00:00
1309,5192894349,83.75,0.005,buy,False,2022-10-21T19:34:16.863792+00:00
1310,5192537212,84.475,0.005,buy,False,2022-10-21T18:08:47.033285+00:00
1311,5192121122,83.175,0.005,buy,False,2022-10-21T16:43:20.551414+00:00
1312,5191833649,83.825,0.455,sell,False,2022-10-21T16:03:42.139787+00:00
1313,5191492353,83.0,0.005,buy,False,2022-10-21T15:17:47.987707+00:00
1314,5191400446,82.75,1.07,sell,False,2022-10-21T14:58:12.995850+00:00
1315,5190897032,83.7,0.005,buy,False,2022-10-21T13:52:18.422650+00:00
1316,5190768355,83.875,3.58,sell,False,2022-10-21T13:38:03.470891+00:00
1317,5190168929,83.2,0.12,sell,False,2022-10-21T12:28:21.293361+00:00
1318,5190144455,83.45,0.005,buy,False,2022-10-21T12:26:42.730445+00:00
1319,5190047715,83.5,0.115,sell,False,2022-10-21T12:17:36.260304+00:00
1320,5189812013,83.8,0.115,sell,False,2022-10-21T11:59:58.700782+00:00
1321,5189585175,84.3,0.005,buy,False,2022-10-21T11:01:11.365578+00:00
1322,5189295803,84.35,0.005,buy,False,2022-10-21T09:35:44.692331+00:00
1323,5188910725,84.1,0.5,sell,False,2022-10-21T08:38:13.005419+00:00
1324,5188851538,84.125,0.91,sell,False,2022-10-21T08:33:04.457154+00:00
1325,5188755325,84.425,29.0,buy,False,2022-10-21T08:17:27.905915+00:00
1326,5188755324,84.425,1.0,buy,False,2022-10-21T08:17:27.903241+00:00
1327,5188703047,84.45,0.005,buy,False,2022-10-21T08:10:17.593863+00:00
1328,5188369605,84.575,0.005,buy,False,2022-10-21T06:44:46.389403+00:00
1329,5188109718,84.325,0.005,buy,False,2022-10-21T05:19:18.106735+00:00
1330,5187877653,84.475,0.005,buy,False,2022-10-21T03:53:46.514846+00:00
1331,5187632292,84.575,0.005,buy,False,2022-10-21T02:28:14.758397+00:00
1332,5187307576,84.425,0.005,buy,False,2022-10-21T01:02:37.323873+00:00
1333,5186829427,84.45,0.005,buy,False,2022-10-20T23:37:02.264623+00:00
1334,5186507360,85.025,0.005,buy,False,2022-10-20T22:11:23.899575+00:00
1335,5186216318,84.875,23.845,buy,False,2022-10-20T20:46:08.202050+00:00
1336,5186215435,84.925,0.005,buy,False,2022-10-20T20:45:49.239746+00:00
1337,5186110238,84.775,29.0,buy,False,2022-10-20T20:30:41.379369+00:00
1338,5185803506,84.925,0.005,buy,False,2022-10-20T19:20:13.873454+00:00
1339,5185621158,84.2,0.115,sell,False,2022-10-20T18:45:02.759934+00:00
1340,5184783121,85.45,0.235,sell,False,2022-10-20T16:39:00.623963+00:00
1341,5184325458,86.725,0.44,buy,False,2022-10-20T15:04:24.653296+00:00
1342,5184046722,86.6,0.235,sell,False,2022-10-20T14:11:48.305126+00:00
1343,5183812872,85.825,2.22,buy,False,2022-10-20T13:33:44.386379+00:00
1344,5183794040,85.175,0.9,buy,False,2022-10-20T13:31:04.174315+00:00
1345,5183641532,84.3,45.625,sell,False,2022-10-20T12:59:19.545246+00:00
1346,5183641531,84.325,0.9,sell,False,2022-10-20T12:59:19.545246+00:00
1347,5183641286,84.4,0.115,sell,False,2022-10-20T12:59:16.371678+00:00
1348,5183634333,84.65,0.115,sell,False,2022-10-20T12:58:13.295911+00:00
1349,5183487445,85.425,15.0,buy,False,2022-10-20T12:32:14.106268+00:00
1350,5183449070,85.225,22.735,buy,False,2022-10-20T12:24:25.263495+00:00
1351,5183448761,85.225,31.765,buy,False,2022-10-20T12:24:21.038425+00:00
1352,5183448131,85.2,31.1,buy,False,2022-10-20T12:24:11.014932+00:00
1353,5183437198,85.1,39.795,buy,False,2022-10-20T12:22:52.604158+00:00
1354,5183436492,85.1,38.32,buy,False,2022-10-20T12:22:43.392344+00:00
1355,5183435741,85.075,32.98,buy,False,2022-10-20T12:22:33.434942+00:00
1356,5182470973,84.05,17.27,buy,False,2022-10-20T08:00:00.245543+00:00
1357,5182470972,83.925,82.73,buy,False,2022-10-20T08:00:00.245543+00:00
1358,5181808347,83.65,0.17,sell,False,2022-10-20T04:50:12.055262+00:00
1359,5181804531,84.425,0.16,buy,False,2022-10-20T04:49:43.337361+00:00
1360,5178749538,84.1,0.595,buy,False,2022-10-19T17:39:21.829198+00:00
1361,5178748356,83.9,2.985,buy,False,2022-10-19T17:39:12.231366+00:00
1362,5178583695,84.05,0.12,sell,False,2022-10-19T17:04:33.486665+00:00
1363,5178134659,85.2,24.065,sell,False,2022-10-19T15:35:46.011442+00:00
1364,5177811334,85.775,0.12,sell,False,2022-10-19T14:30:21.759435+00:00
1365,5177624965,83.175,12.245,sell,False,2022-10-19T14:01:25.484514+00:00
1366,5177611260,83.5,21.165,sell,False,2022-10-19T14:00:01.397914+00:00
1367,5177611259,83.5,1.06,sell,False,2022-10-19T14:00:01.397914+00:00
1368,5176711741,85.9,37.0,buy,False,2022-10-19T11:03:12.373965+00:00
1369,5176711738,85.9,50.0,buy,False,2022-10-19T11:03:12.360164+00:00
1370,5171843366,86.175,0.37,sell,False,2022-10-18T16:40:31.654991+00:00
1371,5171670955,85.575,2.0,buy,False,2022-10-18T16:07:53.955501+00:00
1372,5171596800,85.425,27.16,buy,False,2022-10-18T15:53:44.829745+00:00
1373,5171548856,85.225,0.035,buy,False,2022-10-18T15:45:41.673946+00:00
1374,5171487746,84.875,0.495,sell,False,2022-10-18T15:38:35.916790+00:00
1375,5171289644,86.05,0.12,buy,False,2022-10-18T15:08:02.037512+00:00
1376,5171025496,86.225,0.235,sell,False,2022-10-18T14:32:17.300291+00:00
1377,5170838551,87.15,9.995,buy,False,2022-10-18T14:14:18.414197+00:00
1378,5170800071,87.1,28.0,buy,False,2022-10-18T14:05:27.414407+00:00
1379,5170800069,87.1,1.0,buy,False,2022-10-18T14:05:27.389187+00:00
1380,5170788619,87.025,100.0,buy,False,2022-10-18T14:03:18.509461+00:00
1381,5170788513,87.025,50.0,buy,False,2022-10-18T14:03:18.041270+00:00
1382,5170788484,87.025,50.0,buy,False,2022-10-18T14:03:17.781256+00:00
1383,5170749414,86.975,40.745,buy,False,2022-10-18T13:58:01.574992+00:00
1384,5170739628,87.175,26.15,buy,False,2022-10-18T13:55:51.214366+00:00
1385,5170732602,86.825,28.395,buy,False,2022-10-18T13:55:04.042523+00:00
1386,5170727591,86.725,20.0,buy,False,2022-10-18T13:54:38.482411+00:00
1387,5170685225,87.025,15.0,buy,False,2022-10-18T13:47:40.050349+00:00
1388,5170685222,87.025,3.0,buy,False,2022-10-18T13:47:40.024009+00:00
1389,5170685221,87.025,3.0,buy,False,2022-10-18T13:47:40.022892+00:00
1390,5170685220,87.025,22.0,buy,False,2022-10-18T13:47:40.019779+00:00
1391,5170685214,87.025,14.0,buy,False,2022-10-18T13:47:40.012021+00:00
1392,5170685205,87.025,99.13,buy,False,2022-10-18T13:47:39.932963+00:00
1393,5170685195,87.0,0.87,buy,False,2022-10-18T13:47:39.912764+00:00
1394,5170679671,86.7,27.63,buy,False,2022-10-18T13:46:53.308743+00:00
1395,5170676857,86.65,0.87,sell,False,2022-10-18T13:46:24.542056+00:00
1396,5170592745,87.0,34.48,sell,False,2022-10-18T13:38:43.414236+00:00
1397,5170262518,87.525,0.31,buy,False,2022-10-18T12:25:04.074050+00:00
1398,5170262517,87.525,0.125,buy,False,2022-10-18T12:25:04.074050+00:00
1399,5169888673,86.25,0.125,sell,False,2022-10-18T10:34:08.227427+00:00
1400,5169386709,86.8,10.0,sell,False,2022-10-18T08:44:56.342872+00:00
1401,5166518667,85.0,0.45,sell,False,2022-10-17T19:53:36.963502+00:00
