,id,price,size,side,liquidation,time
0,5394152235,4.38,0.6,sell,False,2022-11-09T20:56:12.503010+00:00
1,5394152234,4.3825,22.7,sell,False,2022-11-09T20:56:12.503010+00:00
2,5388036468,4.515,18.4,sell,False,2022-11-09T13:34:17.604047+00:00
3,5375210187,4.72,0.1,sell,False,2022-11-08T21:26:15.508619+00:00
4,5375209853,4.72,0.1,sell,False,2022-11-08T21:26:13.890798+00:00
5,5375209407,4.72,0.1,sell,False,2022-11-08T21:26:12.419010+00:00
6,5375209028,4.72,0.1,sell,False,2022-11-08T21:26:10.906953+00:00
7,5375208682,4.72,0.1,sell,False,2022-11-08T21:26:09.403855+00:00
8,5375208281,4.72,0.1,sell,False,2022-11-08T21:26:07.804660+00:00
9,5375207919,4.72,0.1,sell,False,2022-11-08T21:26:06.332967+00:00
10,5375207521,4.72,0.1,sell,False,2022-11-08T21:26:04.300886+00:00
11,5375206950,4.72,0.1,sell,False,2022-11-08T21:26:02.741683+00:00
12,5375206577,4.72,0.1,sell,False,2022-11-08T21:26:01.266862+00:00
13,5375206209,4.72,0.1,sell,False,2022-11-08T21:25:59.698612+00:00
14,5375205872,4.72,0.1,sell,False,2022-11-08T21:25:58.217857+00:00
15,5375205587,4.72,0.1,sell,False,2022-11-08T21:25:56.657754+00:00
16,5373124302,4.79,0.5,buy,False,2022-11-08T19:51:05.666005+00:00
17,5372016691,4.685,0.5,sell,True,2022-11-08T19:28:20.960661+00:00
18,5360918546,4.84,1.6,buy,False,2022-11-08T10:27:22.249213+00:00
19,5360918488,4.84,10.8,buy,False,2022-11-08T10:27:21.701275+00:00
20,5360853287,4.825,3.0,buy,False,2022-11-08T10:21:19.775686+00:00
21,5360853255,4.825,9.5,buy,False,2022-11-08T10:21:19.243550+00:00
22,5360819450,4.8075,1.3,buy,False,2022-11-08T10:16:30.867657+00:00
23,5360819400,4.8075,11.2,buy,False,2022-11-08T10:16:30.334143+00:00
24,5360421613,4.7925,2.0,buy,False,2022-11-08T09:33:47.365255+00:00
25,5360421583,4.7925,10.6,buy,False,2022-11-08T09:33:46.832603+00:00
26,5360420020,4.7775,2.5,buy,False,2022-11-08T09:33:33.970648+00:00
27,5360419956,4.7775,0.2,buy,False,2022-11-08T09:33:33.428640+00:00
28,5360419955,4.7775,9.0,buy,False,2022-11-08T09:33:33.428640+00:00
29,5360419954,4.7775,2.3,buy,False,2022-11-08T09:33:33.428640+00:00
30,5360419900,4.7775,10.3,buy,False,2022-11-08T09:33:32.870303+00:00
31,5349093844,4.76,1.6,buy,False,2022-11-07T19:15:07.319972+00:00
32,5349093676,4.76,11.1,buy,False,2022-11-07T19:15:06.783752+00:00
33,5348912334,4.7475,9.7,buy,False,2022-11-07T18:44:14.101338+00:00
34,5348906682,4.745,12.7,buy,False,2022-11-07T18:43:08.541820+00:00
35,5348905945,4.73,12.7,buy,False,2022-11-07T18:43:01.794749+00:00
36,5348707818,4.7125,2.7,buy,False,2022-11-07T18:14:43.472119+00:00
37,5348707768,4.7125,10.1,buy,False,2022-11-07T18:14:42.941431+00:00
38,5348636616,4.6975,2.6,buy,False,2022-11-07T18:04:36.851341+00:00
39,5348636538,4.6975,10.2,buy,False,2022-11-07T18:04:36.315323+00:00
40,5348614210,4.68,1.6,buy,False,2022-11-07T18:01:11.685253+00:00
41,5348614171,4.68,11.3,buy,False,2022-11-07T18:01:11.156408+00:00
42,5348526233,4.665,2.1,buy,False,2022-11-07T17:46:33.149778+00:00
43,5348526163,4.665,10.8,buy,False,2022-11-07T17:46:32.608169+00:00
44,5347953981,4.65,13.0,buy,False,2022-11-07T16:31:21.158861+00:00
45,5347922253,4.6325,3.1,buy,False,2022-11-07T16:27:49.250686+00:00
46,5347922192,4.6325,9.9,buy,False,2022-11-07T16:27:48.604670+00:00
47,5347908565,4.6175,2.6,buy,False,2022-11-07T16:26:30.362346+00:00
48,5347908459,4.6175,10.4,buy,False,2022-11-07T16:26:29.820796+00:00
49,5347879508,4.6025,2.6,buy,False,2022-11-07T16:22:41.844288+00:00
50,5347858547,4.6025,10.5,buy,False,2022-11-07T16:20:32.776021+00:00
51,5347817547,4.585,0.6,buy,False,2022-11-07T16:16:16.022863+00:00
52,5347817424,4.585,12.5,buy,False,2022-11-07T16:16:15.464971+00:00
53,5347587792,4.57,13.2,buy,False,2022-11-07T15:59:26.900798+00:00
54,5347472130,4.555,1.7,buy,False,2022-11-07T15:50:54.131956+00:00
55,5347472061,4.555,11.5,buy,False,2022-11-07T15:50:53.594828+00:00
56,5347359681,4.5375,3.3,buy,False,2022-11-07T15:42:09.611617+00:00
57,5347359655,4.5375,10.0,buy,False,2022-11-07T15:42:09.074195+00:00
58,5347305074,4.5225,13.3,buy,False,2022-11-07T15:35:47.414622+00:00
59,5347119222,4.505,3.1,buy,False,2022-11-07T15:16:44.360819+00:00
60,5347119033,4.505,10.3,buy,False,2022-11-07T15:16:43.200747+00:00
61,5347107254,4.49,13.4,buy,False,2022-11-07T15:16:13.966920+00:00
62,5347053025,4.475,13.5,buy,False,2022-11-07T15:10:16.742202+00:00
63,5346998596,4.4575,0.8,buy,False,2022-11-07T15:05:29.885857+00:00
64,5346998401,4.4575,12.7,buy,False,2022-11-07T15:05:29.346859+00:00
65,5346952718,4.4425,4.2,buy,False,2022-11-07T15:01:51.612779+00:00
66,5346952362,4.4425,9.4,buy,False,2022-11-07T15:01:49.905359+00:00
67,5346664496,4.4275,0.1,buy,False,2022-11-07T14:35:01.603456+00:00
68,5346664396,4.4275,13.5,buy,False,2022-11-07T14:35:01.067627+00:00
69,5318713280,4.41,2.6,buy,False,2022-11-04T20:01:43.466369+00:00
70,5318713160,4.41,11.1,buy,False,2022-11-04T20:01:42.846462+00:00
71,5318657414,4.395,3.2,buy,False,2022-11-04T19:55:37.475659+00:00
72,5318656166,4.395,10.5,buy,False,2022-11-04T19:55:33.290641+00:00
73,5318578344,4.3775,13.8,buy,False,2022-11-04T19:45:24.233317+00:00
74,5318494339,4.3625,4.0,buy,False,2022-11-04T19:34:08.491014+00:00
75,5318494270,4.3625,9.8,buy,False,2022-11-04T19:34:07.863641+00:00
76,5318299185,4.3475,13.9,buy,False,2022-11-04T19:09:34.684708+00:00
77,5318251473,4.33,0.1,buy,False,2022-11-04T19:03:28.754375+00:00
78,5318251374,4.33,0.1,buy,False,2022-11-04T19:03:27.711342+00:00
79,5318251267,4.33,0.1,buy,False,2022-11-04T19:03:26.669816+00:00
80,5318251195,4.33,0.1,buy,False,2022-11-04T19:03:25.655926+00:00
81,5318251074,4.33,0.1,buy,False,2022-11-04T19:03:24.637124+00:00
82,5318250975,4.33,0.1,buy,False,2022-11-04T19:03:23.671717+00:00
83,5318250930,4.33,0.1,buy,False,2022-11-04T19:03:22.857131+00:00
84,5318250823,4.33,0.1,buy,False,2022-11-04T19:03:22.476312+00:00
85,5318250764,4.33,0.1,buy,False,2022-11-04T19:03:21.612266+00:00
86,5318250514,4.33,0.2,buy,False,2022-11-04T19:03:20.638343+00:00
87,5318250417,4.33,0.2,buy,False,2022-11-04T19:03:19.636679+00:00
88,5318250201,4.33,0.3,buy,False,2022-11-04T19:03:18.555448+00:00
89,5318250131,4.33,0.4,buy,False,2022-11-04T19:03:17.553187+00:00
90,5318250053,4.33,0.5,buy,False,2022-11-04T19:03:16.536393+00:00
91,5318249969,4.33,0.6,buy,False,2022-11-04T19:03:15.785342+00:00
92,5318249669,4.33,0.7,buy,False,2022-11-04T19:03:11.354362+00:00
93,5318249613,4.33,0.9,buy,False,2022-11-04T19:03:10.868811+00:00
94,5318249505,4.33,1.1,buy,False,2022-11-04T19:03:10.446345+00:00
95,5318249471,4.33,1.4,buy,False,2022-11-04T19:03:10.032338+00:00
96,5318249413,4.33,1.8,buy,False,2022-11-04T19:03:09.433448+00:00
97,5318249387,4.33,2.2,buy,False,2022-11-04T19:03:08.946105+00:00
98,5318249362,4.33,2.7,buy,False,2022-11-04T19:03:08.375863+00:00
99,5314349453,4.315,3.2,buy,False,2022-11-04T13:10:02.001271+00:00
100,5314349201,4.315,10.8,buy,False,2022-11-04T13:09:59.784436+00:00
101,5314225320,4.3,3.4,buy,False,2022-11-04T13:02:09.891527+00:00
102,5314225061,4.3,10.6,buy,False,2022-11-04T13:02:09.347913+00:00
103,5314222408,4.2825,3.6,buy,False,2022-11-04T13:01:59.545957+00:00
104,5314222270,4.2825,10.5,buy,False,2022-11-04T13:01:59.015806+00:00
105,5314221145,4.2675,4.2,buy,False,2022-11-04T13:01:55.978588+00:00
106,5314220914,4.2675,9.9,buy,False,2022-11-04T13:01:55.441601+00:00
107,5313340880,4.2525,0.6,buy,False,2022-11-04T12:09:04.026109+00:00
108,5313340862,4.2525,13.6,buy,False,2022-11-04T12:09:03.949759+00:00
109,5312739855,4.235,3.3,buy,False,2022-11-04T11:00:07.554887+00:00
110,5312739768,4.235,10.9,buy,False,2022-11-04T11:00:07.004321+00:00
111,5312100896,4.22,4.0,buy,False,2022-11-04T09:31:56.155613+00:00
112,5312100869,4.22,10.3,buy,False,2022-11-04T09:31:55.608324+00:00
113,5312099733,4.2025,4.7,buy,False,2022-11-04T09:31:45.871810+00:00
114,5312099709,4.2025,9.6,buy,False,2022-11-04T09:31:45.341024+00:00
115,5312099384,4.1875,3.9,buy,False,2022-11-04T09:31:41.759112+00:00
116,5312099328,4.1875,10.5,buy,False,2022-11-04T09:31:41.223711+00:00
117,5312052971,4.185,10.1,buy,False,2022-11-04T09:24:41.214486+00:00
118,5312052933,4.185,11.2,buy,False,2022-11-04T09:24:40.671847+00:00
119,5312052895,4.185,10.3,buy,False,2022-11-04T09:24:40.136542+00:00
120,5312052848,4.185,10.4,buy,False,2022-11-04T09:24:39.601395+00:00
121,5312050989,4.1725,3.2,buy,False,2022-11-04T09:24:20.365785+00:00
122,5312050950,4.1725,11.2,buy,False,2022-11-04T09:24:19.813549+00:00
123,5311323316,4.155,14.5,buy,False,2022-11-04T08:02:33.911546+00:00
124,5311319836,4.14,14.5,buy,False,2022-11-04T08:02:23.134825+00:00
125,5311319835,4.125,14.6,buy,False,2022-11-04T08:02:23.134825+00:00
126,5311319834,4.1075,14.7,buy,False,2022-11-04T08:02:23.134825+00:00
127,5311319833,4.0925,14.7,buy,False,2022-11-04T08:02:23.134825+00:00
128,5311319037,4.075,14.8,buy,False,2022-11-04T08:02:20.354537+00:00
129,5311317416,4.06,4.0,buy,False,2022-11-04T08:02:14.954955+00:00
130,5311317311,4.06,10.8,buy,False,2022-11-04T08:02:14.426037+00:00
131,5311317026,4.045,14.9,buy,False,2022-11-04T08:02:13.574498+00:00
132,5311316849,4.0275,14.9,buy,False,2022-11-04T08:02:12.449763+00:00
133,5311316688,4.0125,15.0,buy,False,2022-11-04T08:02:11.853667+00:00
134,5311316607,3.9975,15.1,buy,False,2022-11-04T08:02:11.315277+00:00
135,5311316218,3.98,0.9,buy,False,2022-11-04T08:02:08.762373+00:00
136,5311316051,4.24,1.6,buy,False,2022-11-04T08:02:07.657692+00:00
137,5311316050,3.98,8.2,buy,False,2022-11-04T08:02:07.652765+00:00
138,5311316042,3.98,6.0,sell,False,2022-11-04T08:02:07.555923+00:00
139,5311307989,4.2375,181.5,sell,False,2022-11-04T08:01:16.854480+00:00
140,5311307988,4.24,0.1,sell,False,2022-11-04T08:01:16.854480+00:00
141,5311306318,4.2375,45.0,sell,False,2022-11-04T08:01:09.600322+00:00
142,5311306317,4.24,17.5,sell,False,2022-11-04T08:01:09.600322+00:00
143,5311306272,4.24,15.9,sell,False,2022-11-04T08:01:09.057697+00:00
144,5311306211,4.24,10.1,sell,False,2022-11-04T08:01:08.436878+00:00
145,5301774540,4.38,2.8,buy,False,2022-11-03T11:00:26.465134+00:00
146,5301774394,4.38,10.9,buy,False,2022-11-03T11:00:25.917468+00:00
147,5301773260,4.3625,2.9,buy,False,2022-11-03T11:00:15.672530+00:00
148,5301773221,4.3625,10.9,buy,False,2022-11-03T11:00:15.135291+00:00
149,5301772696,4.345,3.7,buy,False,2022-11-03T11:00:10.495019+00:00
150,5301772569,4.345,10.2,buy,False,2022-11-03T11:00:09.945612+00:00
151,5301772382,4.33,2.8,buy,False,2022-11-03T11:00:08.073942+00:00
152,5301772314,4.33,11.1,buy,False,2022-11-03T11:00:07.536753+00:00
153,5301772055,4.3125,4.1,buy,False,2022-11-03T11:00:05.749386+00:00
154,5301771998,4.3125,9.9,buy,False,2022-11-03T11:00:05.137680+00:00
155,5301488846,4.2975,2.9,buy,False,2022-11-03T10:18:42.102272+00:00
156,5301488803,4.2975,11.1,buy,False,2022-11-03T10:18:41.571702+00:00
157,5301488758,4.28,2.0,buy,False,2022-11-03T10:18:40.769122+00:00
158,5301488750,4.28,12.1,buy,False,2022-11-03T10:18:40.701992+00:00
159,5301350295,4.2625,3.3,buy,False,2022-11-03T10:00:08.818810+00:00
160,5301350171,4.2625,10.8,buy,False,2022-11-03T10:00:08.262455+00:00
161,5301349125,4.2475,2.9,buy,False,2022-11-03T10:00:02.173633+00:00
162,5301349052,4.2475,11.3,buy,False,2022-11-03T10:00:01.629381+00:00
163,5301235687,4.23,4.1,buy,False,2022-11-03T09:39:51.413038+00:00
164,5301235547,4.23,10.1,buy,False,2022-11-03T09:39:49.704178+00:00
165,5301234087,4.215,14.3,buy,False,2022-11-03T09:39:34.616560+00:00
166,5301234025,4.1975,5.9,buy,False,2022-11-03T09:39:33.150732+00:00
167,5301233498,4.1975,8.4,buy,False,2022-11-03T09:39:26.291849+00:00
168,5301233497,4.195,29.8,buy,False,2022-11-03T09:39:26.291849+00:00
169,5301233482,4.195,14.2,buy,False,2022-11-03T09:39:25.760314+00:00
170,5301233291,4.18,5.0,buy,False,2022-11-03T09:39:23.327732+00:00
171,5301233232,4.18,9.4,buy,False,2022-11-03T09:39:22.797858+00:00
172,5301233088,4.165,3.3,buy,False,2022-11-03T09:39:21.551644+00:00
173,5301233048,4.165,11.2,buy,False,2022-11-03T09:39:21.013287+00:00
174,5301232943,4.1475,3.8,buy,False,2022-11-03T09:39:19.817246+00:00
175,5301232914,4.1475,10.7,buy,False,2022-11-03T09:39:19.316754+00:00
176,5301205916,4.13,0.2,buy,False,2022-11-03T09:35:29.268544+00:00
177,5301205687,4.13,13.2,buy,False,2022-11-03T09:35:27.846909+00:00
178,5301205675,4.13,1.2,sell,False,2022-11-03T09:35:27.777179+00:00
179,5301198882,4.195,17.4,sell,False,2022-11-03T09:34:44.543670+00:00
180,5301197378,4.195,87.4,sell,False,2022-11-03T09:34:30.449512+00:00
181,5301196728,4.195,17.5,sell,False,2022-11-03T09:34:26.228149+00:00
182,5301196633,4.195,20.7,sell,False,2022-11-03T09:34:25.561917+00:00
183,5301196632,4.1975,6.8,sell,False,2022-11-03T09:34:25.561917+00:00
184,5301196536,4.1975,16.8,sell,False,2022-11-03T09:34:25.027384+00:00
185,5301196460,4.1975,10.1,sell,False,2022-11-03T09:34:24.496729+00:00
186,5301196415,4.1975,10.3,sell,False,2022-11-03T09:34:23.966821+00:00
187,5301119208,4.285,4.2,buy,False,2022-11-03T09:19:47.459152+00:00
188,5301119183,4.285,9.9,buy,False,2022-11-03T09:19:46.924142+00:00
189,5301119043,4.27,14.1,buy,False,2022-11-03T09:19:44.551759+00:00
190,5301119042,4.2675,1.7,buy,False,2022-11-03T09:19:44.551759+00:00
191,5301119000,4.2675,9.9,buy,False,2022-11-03T09:19:44.019372+00:00
192,5301118905,4.2525,3.9,buy,False,2022-11-03T09:19:42.766107+00:00
193,5301118885,4.2525,10.3,buy,False,2022-11-03T09:19:42.323179+00:00
194,5300693402,4.2375,14.2,buy,False,2022-11-03T08:03:37.579720+00:00
195,5300691813,4.22,14.3,buy,False,2022-11-03T08:03:29.316759+00:00
196,5300691678,4.2025,14.3,buy,False,2022-11-03T08:03:28.402021+00:00
197,5300691613,4.1875,14.4,buy,False,2022-11-03T08:03:27.870067+00:00
198,5300691492,4.17,14.4,buy,False,2022-11-03T08:03:27.298898+00:00
199,5300691387,4.52,2.9,buy,False,2022-11-03T08:03:26.653108+00:00
200,5300691386,4.155,14.5,buy,False,2022-11-03T08:03:26.648027+00:00
201,5300691007,4.1375,0.8,sell,False,2022-11-03T08:03:24.214839+00:00
202,5300685115,4.1375,13.7,sell,False,2022-11-03T08:03:06.485685+00:00
203,5300676414,4.395,1.3,sell,False,2022-11-03T08:02:15.543912+00:00
204,5300676100,4.395,10.8,sell,False,2022-11-03T08:02:13.134608+00:00
205,5300675814,4.395,10.0,sell,False,2022-11-03T08:02:11.082880+00:00
206,5300675570,4.395,13.9,sell,False,2022-11-03T08:02:08.341115+00:00
207,5300675362,4.395,10.3,sell,False,2022-11-03T08:02:06.110583+00:00
208,5300675157,4.395,12.4,sell,False,2022-11-03T08:02:03.551392+00:00
209,5300674827,4.395,11.1,sell,False,2022-11-03T08:02:01.133395+00:00
210,5300674522,4.395,14.2,sell,False,2022-11-03T08:01:58.441273+00:00
211,5300674222,4.395,14.2,sell,False,2022-11-03T08:01:55.436439+00:00
212,5300673913,4.395,13.0,sell,False,2022-11-03T08:01:52.729287+00:00
213,5300673673,4.395,12.7,sell,False,2022-11-03T08:01:50.027972+00:00
214,5300673480,4.395,10.8,sell,False,2022-11-03T08:01:47.637765+00:00
215,5300673251,4.395,12.0,sell,False,2022-11-03T08:01:45.236451+00:00
216,5300672853,4.395,14.4,sell,False,2022-11-03T08:01:42.309596+00:00
217,5300672586,4.395,12.9,sell,False,2022-11-03T08:01:39.540836+00:00
218,5300672336,4.395,11.4,sell,False,2022-11-03T08:01:37.135703+00:00
219,5300672112,4.395,10.0,sell,False,2022-11-03T08:01:35.034703+00:00
220,5300671926,4.395,9.8,sell,False,2022-11-03T08:01:33.165254+00:00
221,5300671597,4.395,10.6,sell,False,2022-11-03T08:01:30.837992+00:00
222,5300671397,4.395,10.2,sell,False,2022-11-03T08:01:28.842441+00:00
223,5300668854,4.395,173.1,sell,False,2022-11-03T08:01:09.781358+00:00
224,5300668827,4.395,39.5,sell,False,2022-11-03T08:01:09.474911+00:00
225,5300668770,4.395,9.6,sell,False,2022-11-03T08:01:08.992332+00:00
226,5296397120,4.675,9.7,buy,False,2022-11-02T20:23:00.819953+00:00
227,5292637119,4.45,2.6,sell,False,2022-11-02T16:12:03.900719+00:00
228,5289880727,4.6575,1.9,buy,False,2022-11-02T08:28:01.804036+00:00
229,5289880616,4.6575,11.0,buy,False,2022-11-02T08:27:59.084335+00:00
230,5289880428,4.6425,13.0,buy,False,2022-11-02T08:27:55.789293+00:00
231,5289880294,4.625,13.0,buy,False,2022-11-02T08:27:52.938316+00:00
232,5289880041,4.6075,13.1,buy,False,2022-11-02T08:27:46.198744+00:00
233,5289880040,4.5925,13.1,buy,False,2022-11-02T08:27:46.198744+00:00
234,5289879287,4.575,13.2,buy,False,2022-11-02T08:27:37.496047+00:00
235,5289879286,4.5575,13.2,buy,False,2022-11-02T08:27:37.496047+00:00
236,5289879285,4.5425,13.3,buy,False,2022-11-02T08:27:37.496047+00:00
237,5289879161,4.54,29.5,buy,False,2022-11-02T08:27:35.126882+00:00
238,5289879145,4.54,10.6,buy,False,2022-11-02T08:27:34.914299+00:00
239,5289879117,4.525,13.3,buy,False,2022-11-02T08:27:34.240903+00:00
240,5289879074,4.51,2.5,buy,False,2022-11-02T08:27:33.592827+00:00
241,5289879052,4.51,9.6,buy,False,2022-11-02T08:27:33.358047+00:00
242,5289753850,4.51,1.3,buy,False,2022-11-02T08:02:35.608315+00:00
243,5289752986,4.4925,13.4,buy,False,2022-11-02T08:02:29.079180+00:00
244,5289752985,4.475,13.5,buy,False,2022-11-02T08:02:29.079180+00:00
245,5289752132,4.46,13.5,buy,False,2022-11-02T08:02:18.905278+00:00
246,5289752131,4.4425,13.6,buy,False,2022-11-02T08:02:18.905278+00:00
247,5289752130,4.425,13.6,buy,False,2022-11-02T08:02:18.905278+00:00
248,5289752129,4.41,13.7,buy,False,2022-11-02T08:02:18.905278+00:00
249,5289751561,4.3925,13.7,buy,False,2022-11-02T08:02:14.708388+00:00
250,5289751305,4.375,1.3,buy,False,2022-11-02T08:02:12.006675+00:00
251,5289750507,4.375,12.5,buy,False,2022-11-02T08:02:09.627919+00:00
252,5289750246,4.36,2.8,buy,False,2022-11-02T08:02:07.197491+00:00
253,5289750000,4.36,11.0,buy,False,2022-11-02T08:02:05.387727+00:00
254,5289749498,4.3425,13.9,buy,False,2022-11-02T08:02:02.028365+00:00
255,5289749406,4.3275,13.9,buy,False,2022-11-02T08:02:00.949253+00:00
256,5289748716,4.31,14.0,buy,False,2022-11-02T08:01:54.940550+00:00
257,5289748715,4.2925,14.0,buy,False,2022-11-02T08:01:54.940550+00:00
258,5289748650,4.2775,14.1,buy,False,2022-11-02T08:01:54.294606+00:00
259,5289748591,4.26,14.1,buy,False,2022-11-02T08:01:53.605511+00:00
260,5289748557,4.2475,14.2,sell,False,2022-11-02T08:01:52.978953+00:00
261,5289747856,4.2475,14.2,sell,False,2022-11-02T08:01:47.020474+00:00
262,5289747834,4.2475,14.3,sell,False,2022-11-02T08:01:46.660025+00:00
263,5289747818,4.2475,14.4,sell,False,2022-11-02T08:01:46.240804+00:00
264,5289747792,4.2475,14.4,sell,False,2022-11-02T08:01:45.875973+00:00
265,5289747735,4.2475,14.5,sell,False,2022-11-02T08:01:45.444020+00:00
266,5289747634,4.2475,1.2,sell,False,2022-11-02T08:01:43.609375+00:00
267,5289746018,4.135,13.2,sell,False,2022-11-02T08:01:26.652604+00:00
268,5289740848,4.3775,1.1,sell,False,2022-11-02T08:00:40.171374+00:00
269,5289739607,4.5525,2.2,sell,False,2022-11-02T08:00:25.493789+00:00
270,5289736693,4.5525,232.3,sell,False,2022-11-02T08:00:07.989357+00:00
271,5289736673,4.5525,15.8,sell,False,2022-11-02T08:00:07.838202+00:00
272,5289736672,4.555,30.3,sell,False,2022-11-02T08:00:07.838202+00:00
273,5289736518,4.555,9.8,sell,False,2022-11-02T08:00:07.335142+00:00
274,5283173329,4.73,12.7,buy,False,2022-11-01T13:30:15.310285+00:00
275,5283172769,4.7125,1.1,buy,False,2022-11-01T13:30:11.811894+00:00
276,5283172699,4.7125,11.7,buy,False,2022-11-01T13:30:11.274981+00:00
277,5282542738,4.695,3.0,buy,False,2022-11-01T11:41:09.778271+00:00
278,5282261075,4.695,9.8,buy,False,2022-11-01T11:08:15.609365+00:00
279,5273575255,4.6775,12.9,buy,False,2022-10-31T14:01:00.123619+00:00
280,5273158868,4.66,12.9,buy,False,2022-10-31T13:42:03.653960+00:00
281,5273118470,4.6425,0.9,buy,False,2022-10-31T13:38:28.589198+00:00
282,5273118342,4.6425,12.1,buy,False,2022-10-31T13:38:28.058025+00:00
283,5273105228,4.625,3.0,buy,False,2022-10-31T13:37:04.019516+00:00
284,5272471510,4.625,10.0,buy,False,2022-10-31T12:15:41.587598+00:00
285,5272177608,4.6075,2.8,buy,False,2022-10-31T11:35:25.755528+00:00
286,5272177573,4.6075,10.3,buy,False,2022-10-31T11:35:25.217795+00:00
287,5271684823,4.5875,2.3,buy,False,2022-10-31T10:28:50.901925+00:00
288,5271684736,4.5875,10.8,buy,False,2022-10-31T10:28:50.057235+00:00
289,5271684337,4.57,13.2,buy,False,2022-10-31T10:28:44.298624+00:00
290,5271684058,4.5675,15.5,buy,False,2022-10-31T10:28:40.871412+00:00
291,5271683998,4.5675,13.4,buy,False,2022-10-31T10:28:40.342396+00:00
292,5271683967,4.5675,11.1,buy,False,2022-10-31T10:28:39.809642+00:00
293,5271683644,4.5525,1.8,buy,False,2022-10-31T10:28:37.136302+00:00
294,5271683619,4.5525,11.4,buy,False,2022-10-31T10:28:36.606318+00:00
295,5271683431,4.535,3.9,buy,False,2022-10-31T10:28:34.471055+00:00
296,5271683387,4.535,9.4,buy,False,2022-10-31T10:28:33.942726+00:00
297,5271683277,4.5175,2.3,buy,False,2022-10-31T10:28:32.622367+00:00
298,5271683242,4.5175,11.0,buy,False,2022-10-31T10:28:32.187570+00:00
299,5270610016,4.5,2.8,buy,False,2022-10-31T08:09:42.095021+00:00
300,5270609958,4.5,10.6,buy,False,2022-10-31T08:09:41.556806+00:00
301,5270608741,4.4825,3.3,buy,False,2022-10-31T08:09:32.255078+00:00
302,5270608636,4.4825,10.1,buy,False,2022-10-31T08:09:31.723848+00:00
303,5270607846,4.465,4.0,buy,False,2022-10-31T08:09:28.287539+00:00
304,5270607802,4.465,9.5,buy,False,2022-10-31T08:09:27.666447+00:00
305,5270607623,4.4475,3.9,buy,False,2022-10-31T08:09:25.696054+00:00
306,5270607534,4.4475,9.6,buy,False,2022-10-31T08:09:25.162554+00:00
307,5270607349,4.43,2.4,buy,False,2022-10-31T08:09:23.443617+00:00
308,5270607272,4.43,11.2,buy,False,2022-10-31T08:09:22.845531+00:00
309,5270538393,4.4125,0.1,sell,False,2022-10-31T08:02:01.943990+00:00
310,5270536168,4.4125,13.5,sell,False,2022-10-31T08:01:42.534664+00:00
311,5270530516,4.45,3.2,sell,False,2022-10-31T08:01:00.482677+00:00
312,5270530515,4.45,1.9,sell,False,2022-10-31T08:01:00.482677+00:00
313,5270530269,4.45,16.1,sell,False,2022-10-31T08:00:56.724592+00:00
314,5270529982,4.45,13.9,sell,False,2022-10-31T08:00:53.271823+00:00
315,5270529659,4.45,13.9,sell,False,2022-10-31T08:00:49.978690+00:00
316,5270529339,4.45,10.4,sell,False,2022-10-31T08:00:47.567543+00:00
317,5270528981,4.45,11.9,sell,False,2022-10-31T08:00:44.577270+00:00
318,5270528721,4.45,12.7,sell,False,2022-10-31T08:00:41.575008+00:00
319,5270528617,4.45,9.7,sell,False,2022-10-31T08:00:40.355741+00:00
320,5270528573,4.45,10.4,sell,False,2022-10-31T08:00:39.826141+00:00
321,5270528543,4.45,10.6,sell,False,2022-10-31T08:00:39.296378+00:00
322,5270528517,4.45,10.4,sell,False,2022-10-31T08:00:38.763498+00:00
323,5270527435,4.4525,6.7,sell,False,2022-10-31T08:00:30.489625+00:00
324,5270527239,4.4525,11.3,sell,False,2022-10-31T08:00:29.956391+00:00
325,5270527164,4.4525,11.4,sell,False,2022-10-31T08:00:29.426445+00:00
326,5270527111,4.4525,10.6,sell,False,2022-10-31T08:00:28.893669+00:00
327,5247467298,4.615,6.6,buy,False,2022-10-28T19:44:54.627876+00:00
328,5246278971,4.5975,6.6,buy,False,2022-10-28T16:38:29.576391+00:00
329,5245383916,4.5825,6.6,buy,False,2022-10-28T14:49:47.049134+00:00
330,5245356535,4.565,6.6,buy,False,2022-10-28T14:47:03.085612+00:00
331,5244772058,4.5475,6.6,buy,False,2022-10-28T13:40:47.821493+00:00
332,5244756932,4.53,6.7,buy,False,2022-10-28T13:39:13.078605+00:00
333,5244714282,4.5125,6.7,buy,False,2022-10-28T13:35:37.305393+00:00
334,5244706780,4.495,6.7,buy,False,2022-10-28T13:35:00.837617+00:00
335,5244618882,4.4775,6.8,buy,False,2022-10-28T13:30:15.527435+00:00
336,5243552616,4.46,6.8,buy,False,2022-10-28T11:18:33.358061+00:00
337,5243451968,4.4425,6.8,buy,False,2022-10-28T11:00:34.787033+00:00
338,5243450486,4.425,6.8,buy,False,2022-10-28T11:00:17.568377+00:00
339,5243450442,4.4225,2.8,buy,False,2022-10-28T11:00:17.032971+00:00
340,5243450384,4.4225,14.3,buy,False,2022-10-28T11:00:16.503777+00:00
341,5243450348,4.4225,12.8,buy,False,2022-10-28T11:00:15.972419+00:00
342,5243450258,4.4225,10.4,buy,False,2022-10-28T11:00:15.444646+00:00
343,5242425789,4.4075,6.9,buy,False,2022-10-28T08:01:18.858602+00:00
344,5242421204,4.39,6.9,buy,False,2022-10-28T08:01:04.144855+00:00
345,5242420728,4.375,6.9,buy,False,2022-10-28T08:01:00.487370+00:00
346,5242420333,4.3575,6.9,buy,False,2022-10-28T08:00:57.295802+00:00
347,5242417929,4.34,7.0,buy,False,2022-10-28T08:00:48.928131+00:00
348,5242415353,4.3225,0.3,sell,False,2022-10-28T08:00:38.477691+00:00
349,5242414039,4.3225,6.7,sell,False,2022-10-28T08:00:29.761350+00:00
350,5242411226,4.41,35.8,sell,False,2022-10-28T08:00:12.448486+00:00
351,5242411163,4.41,25.6,sell,False,2022-10-28T08:00:11.920491+00:00
352,5242411053,4.4125,13.5,sell,False,2022-10-28T08:00:11.391346+00:00
353,5242410984,4.4125,11.2,sell,False,2022-10-28T08:00:10.854832+00:00
354,5242410957,4.4125,0.7,sell,False,2022-10-28T08:00:10.627045+00:00
355,5242410955,4.4125,1.8,sell,False,2022-10-28T08:00:10.609061+00:00
356,5239136916,4.4975,6.2,buy,False,2022-10-27T22:09:11.835572+00:00
357,5238136978,4.4975,0.2,buy,False,2022-10-27T20:10:46.870446+00:00
358,5238129549,4.4975,0.3,buy,False,2022-10-27T20:10:10.816689+00:00
359,5238100941,4.48,6.7,buy,False,2022-10-27T20:07:47.096592+00:00
360,5238100784,4.4625,6.8,buy,False,2022-10-27T20:07:46.568598+00:00
361,5238098025,4.445,6.6,buy,False,2022-10-27T20:07:40.711626+00:00
362,5238098008,4.445,0.1,buy,False,2022-10-27T20:07:40.671388+00:00
363,5238097613,4.445,0.1,buy,False,2022-10-27T20:07:40.320704+00:00
364,5238097596,4.4275,6.7,buy,False,2022-10-27T20:07:40.180690+00:00
365,5238097551,4.4275,0.1,buy,False,2022-10-27T20:07:39.810503+00:00
366,5238097502,4.41,6.7,buy,False,2022-10-27T20:07:39.574381+00:00
367,5238097482,4.41,0.2,buy,False,2022-10-27T20:07:39.425466+00:00
368,5238097438,4.3925,6.9,buy,False,2022-10-27T20:07:39.016053+00:00
369,5238097397,4.735,0.2,buy,False,2022-10-27T20:07:38.604419+00:00
370,5238097368,4.375,6.9,buy,False,2022-10-27T20:07:38.484914+00:00
371,5238095630,4.3575,0.2,sell,False,2022-10-27T20:07:30.491940+00:00
372,5238094249,4.3575,6.7,sell,False,2022-10-27T20:07:25.107634+00:00
373,5238078359,4.525,8.8,sell,False,2022-10-27T20:06:23.956573+00:00
374,5238078281,4.525,10.1,sell,False,2022-10-27T20:06:23.333290+00:00
375,5238078218,4.525,11.0,sell,False,2022-10-27T20:06:22.804019+00:00
376,5238078097,4.525,10.0,sell,False,2022-10-27T20:06:22.277873+00:00
377,5235734242,4.5875,6.6,buy,False,2022-10-27T14:14:13.460395+00:00
378,5235699731,4.57,6.6,buy,False,2022-10-27T14:12:40.426759+00:00
379,5235639810,4.55,6.6,buy,False,2022-10-27T14:05:15.540452+00:00
380,5235602603,4.5325,6.7,buy,False,2022-10-27T14:02:34.018882+00:00
381,5235585827,4.515,5.4,buy,False,2022-10-27T14:01:22.420586+00:00
382,5235562087,4.515,1.3,buy,False,2022-10-27T13:59:23.836288+00:00
383,5235551426,4.4975,6.7,sell,False,2022-10-27T13:58:23.975565+00:00
384,5235536390,4.5175,14.5,sell,False,2022-10-27T13:57:24.265581+00:00
385,5235536299,4.5175,15.3,sell,False,2022-10-27T13:57:23.626827+00:00
386,5235536241,4.5175,15.9,sell,False,2022-10-27T13:57:23.091985+00:00
387,5235536042,4.5175,14.5,sell,False,2022-10-27T13:57:22.564752+00:00
388,5235369763,4.5975,6.6,buy,False,2022-10-27T13:45:28.927466+00:00
389,5235284181,4.5775,6.6,buy,False,2022-10-27T13:35:34.817616+00:00
390,5234163121,4.56,6.6,buy,False,2022-10-27T11:23:27.603442+00:00
391,5234162846,4.5425,6.7,buy,False,2022-10-27T11:23:20.699364+00:00
392,5234162824,4.525,6.7,buy,False,2022-10-27T11:23:20.155184+00:00
393,5234162807,4.5075,6.7,buy,False,2022-10-27T11:23:19.521274+00:00
394,5234162784,4.49,6.2,buy,False,2022-10-27T11:23:18.945447+00:00
395,5234162778,4.5625,0.5,sell,False,2022-10-27T11:23:18.883411+00:00
396,5234162758,4.5625,6.8,sell,False,2022-10-27T11:23:18.325351+00:00
397,5234162214,4.5625,0.4,sell,False,2022-10-27T11:23:04.616017+00:00
398,5234161586,4.4475,6.4,sell,False,2022-10-27T11:22:54.921533+00:00
399,5232970158,4.5975,2.3,buy,False,2022-10-27T08:00:23.033159+00:00
400,5220419154,4.68,2.6,buy,False,2022-10-26T00:37:04.787416+00:00
401,5208155521,4.29,74.8,sell,False,2022-10-24T14:26:02.858558+00:00
402,5207344842,4.6175,11.3,buy,False,2022-10-24T12:39:11.385662+00:00
403,5207059907,4.6175,11.7,buy,False,2022-10-24T11:48:08.683622+00:00
404,5207059906,4.545,22.3,buy,False,2022-10-24T11:48:08.683622+00:00
405,5207059905,4.5425,23.2,buy,False,2022-10-24T11:48:08.683622+00:00
406,5207059904,4.4225,6.3,buy,False,2022-10-24T11:48:08.683622+00:00
407,5167337262,4.4475,12.4,sell,False,2022-10-18T00:12:43.422411+00:00
408,5167337061,4.5125,10.0,buy,False,2022-10-18T00:12:39.779298+00:00
409,5137454480,4.185,0.9,sell,False,2022-10-13T08:51:36.560054+00:00
410,5122056253,4.2375,21.7,sell,False,2022-10-10T20:00:59.004406+00:00
411,5122055041,4.235,19.2,sell,False,2022-10-10T20:00:33.550118+00:00
412,5120374649,4.4825,19.2,buy,False,2022-10-10T13:36:22.316403+00:00
413,5120358435,4.45,25.5,sell,False,2022-10-10T13:34:23.973847+00:00
414,5120358417,4.45,2.5,sell,False,2022-10-10T13:34:23.831806+00:00
415,5120358285,4.45,41.8,sell,False,2022-10-10T13:34:21.487492+00:00
416,5120098731,4.58,25.6,sell,False,2022-10-10T12:23:49.088217+00:00
417,5120098730,4.58,2.6,sell,False,2022-10-10T12:23:49.088217+00:00
418,5120098729,4.58,33.2,sell,False,2022-10-10T12:23:49.088217+00:00
419,5120098714,4.56,8.7,buy,False,2022-10-10T12:23:48.914143+00:00
420,5117208584,4.575,1.0,sell,False,2022-10-09T22:25:31.220705+00:00
421,5117148115,4.58,1.0,sell,False,2022-10-09T22:03:21.612356+00:00
422,5117148114,4.58,10.8,sell,False,2022-10-09T22:03:21.612356+00:00
423,5117147733,4.58,11.0,sell,False,2022-10-09T22:03:21.092889+00:00
424,5111674160,4.575,1.0,sell,False,2022-10-08T02:51:26.279781+00:00
425,5111670620,4.575,10.5,sell,False,2022-10-08T02:49:49.779295+00:00
426,5111659389,4.755,10.5,buy,False,2022-10-08T02:45:21.962540+00:00
427,5110412662,4.585,1.5,sell,False,2022-10-07T19:14:32.664333+00:00
428,5099816478,5.0825,0.1,buy,False,2022-10-06T01:50:36.536354+00:00
429,5099815279,5.0825,0.2,buy,False,2022-10-06T01:50:19.704222+00:00
430,5099814158,5.0825,0.3,buy,False,2022-10-06T01:50:06.762944+00:00
431,5099812685,5.0825,0.4,buy,False,2022-10-06T01:49:49.121551+00:00
432,5099811596,4.9175,0.5,sell,False,2022-10-06T01:49:27.607236+00:00
433,5099811589,5.0825,0.5,buy,False,2022-10-06T01:49:27.041510+00:00
434,5074379507,4.7375,0.1,buy,False,2022-10-01T08:22:03.773546+00:00
435,5072171389,4.69,0.1,sell,False,2022-09-30T19:59:55.365070+00:00
436,5072170797,4.69,0.1,sell,False,2022-09-30T19:59:50.416345+00:00
437,5072170296,4.69,0.1,sell,False,2022-09-30T19:59:46.546724+00:00
438,5072169653,4.69,0.1,sell,False,2022-09-30T19:59:41.795421+00:00
439,5072169084,4.69,0.1,sell,False,2022-09-30T19:59:37.608546+00:00
440,5072168706,4.69,0.1,sell,False,2022-09-30T19:59:32.442997+00:00
441,5072168165,4.69,0.1,sell,False,2022-09-30T19:59:28.350071+00:00
442,5072167477,4.69,0.1,sell,False,2022-09-30T19:59:23.266841+00:00
443,5072166608,4.69,0.1,sell,False,2022-09-30T19:59:18.702011+00:00
444,5072166023,4.69,0.1,sell,False,2022-09-30T19:59:13.874673+00:00
445,5072165382,4.69,0.1,sell,False,2022-09-30T19:59:09.415891+00:00
446,5072164797,4.69,0.1,sell,False,2022-09-30T19:59:05.111081+00:00
447,5072164094,4.69,0.1,sell,False,2022-09-30T19:59:00.771422+00:00
448,5072163373,4.69,0.1,sell,False,2022-09-30T19:58:55.638744+00:00
449,5072162883,4.69,0.1,sell,False,2022-09-30T19:58:51.181340+00:00
450,5072162847,4.69,0.1,sell,False,2022-09-30T19:58:50.624715+00:00
451,5072162290,4.69,0.1,sell,False,2022-09-30T19:58:46.456483+00:00
452,5072161362,4.69,0.1,sell,False,2022-09-30T19:58:42.338451+00:00
453,5072160919,4.69,0.1,sell,False,2022-09-30T19:58:37.385756+00:00
454,5072160395,4.69,0.1,sell,False,2022-09-30T19:58:33.070649+00:00
455,5072159988,4.69,0.1,sell,False,2022-09-30T19:58:28.590449+00:00
456,5072159705,4.69,0.1,sell,False,2022-09-30T19:58:23.817460+00:00
457,5072159264,4.69,0.1,sell,False,2022-09-30T19:58:19.402499+00:00
458,5072158381,4.69,0.1,sell,False,2022-09-30T19:58:14.023967+00:00
459,5072157719,4.69,0.1,sell,False,2022-09-30T19:58:10.197428+00:00
460,5072157360,4.69,0.1,sell,False,2022-09-30T19:58:05.283568+00:00
461,5072156697,4.69,0.1,sell,False,2022-09-30T19:58:00.132576+00:00
462,5072155854,4.69,0.1,sell,False,2022-09-30T19:57:55.631173+00:00
463,5072155232,4.69,0.1,sell,False,2022-09-30T19:57:51.046415+00:00
464,5072154987,4.69,0.1,sell,False,2022-09-30T19:57:46.794837+00:00
465,5072154605,4.69,0.1,sell,False,2022-09-30T19:57:42.452945+00:00
466,5072154391,4.69,0.1,sell,False,2022-09-30T19:57:41.447470+00:00
467,5072154069,4.69,0.1,sell,False,2022-09-30T19:57:37.552180+00:00
468,5072153606,4.69,0.1,sell,False,2022-09-30T19:57:32.969641+00:00
469,5072153090,4.69,0.1,sell,False,2022-09-30T19:57:28.805952+00:00
470,5072152428,4.69,0.1,sell,False,2022-09-30T19:57:23.391233+00:00
471,5072151277,4.69,0.1,sell,False,2022-09-30T19:57:19.219207+00:00
472,5072151037,4.69,0.1,sell,False,2022-09-30T19:57:14.551729+00:00
473,5072150583,4.69,0.1,sell,False,2022-09-30T19:57:09.750104+00:00
474,5072150156,4.69,0.1,sell,False,2022-09-30T19:57:05.827786+00:00
475,5072149793,4.71,0.1,sell,False,2022-09-30T19:57:00.850006+00:00
476,5072149573,4.71,0.1,sell,False,2022-09-30T19:56:56.425714+00:00
477,5072149310,4.71,0.1,sell,False,2022-09-30T19:56:51.707375+00:00
478,5072148818,4.71,0.1,sell,False,2022-09-30T19:56:46.613750+00:00
479,5072148478,4.71,0.1,sell,False,2022-09-30T19:56:42.737147+00:00
480,5072148222,4.71,0.1,sell,False,2022-09-30T19:56:38.000396+00:00
481,5072147619,4.71,0.1,sell,False,2022-09-30T19:56:33.570369+00:00
482,5072147581,4.71,0.1,sell,False,2022-09-30T19:56:32.834946+00:00
483,5072147336,4.71,0.1,sell,False,2022-09-30T19:56:28.913258+00:00
484,5072146965,4.71,0.1,sell,False,2022-09-30T19:56:23.661945+00:00
485,5072146519,4.71,0.1,sell,False,2022-09-30T19:56:19.206760+00:00
486,5072146040,4.71,0.1,sell,False,2022-09-30T19:56:14.965202+00:00
487,5072145604,4.71,0.1,sell,False,2022-09-30T19:56:09.742194+00:00
488,5072145093,4.71,0.1,sell,False,2022-09-30T19:56:05.223330+00:00
489,5072144749,4.71,0.1,sell,False,2022-09-30T19:56:00.685857+00:00
490,5072144338,4.71,0.1,sell,False,2022-09-30T19:55:56.267876+00:00
491,5072143547,4.71,0.1,sell,False,2022-09-30T19:55:51.679964+00:00
492,5072142959,4.71,0.1,sell,False,2022-09-30T19:55:46.774172+00:00
493,5072142477,4.71,0.1,sell,False,2022-09-30T19:55:42.415906+00:00
494,5072142159,4.71,0.1,sell,False,2022-09-30T19:55:38.325185+00:00
495,5072141799,4.71,0.1,sell,False,2022-09-30T19:55:33.740833+00:00
496,5072141470,4.7,0.1,sell,False,2022-09-30T19:55:29.064461+00:00
497,5072141118,4.71,0.1,sell,False,2022-09-30T19:55:24.595354+00:00
498,5072141064,4.71,0.1,sell,False,2022-09-30T19:55:23.467188+00:00
499,5072140702,4.71,0.1,sell,False,2022-09-30T19:55:19.286552+00:00
500,5072140226,4.71,0.1,sell,False,2022-09-30T19:55:14.609847+00:00
501,5072139659,4.71,0.1,sell,False,2022-09-30T19:55:10.322620+00:00
502,5072138723,4.71,0.1,sell,False,2022-09-30T19:55:05.453758+00:00
503,5072138140,4.71,0.1,sell,False,2022-09-30T19:55:01.580483+00:00
504,5072137499,4.71,0.1,sell,False,2022-09-30T19:54:56.630289+00:00
505,5072137259,4.71,0.1,sell,False,2022-09-30T19:54:51.844719+00:00
506,5072136797,4.71,0.1,sell,False,2022-09-30T19:54:47.669377+00:00
507,5072136337,4.71,0.1,sell,False,2022-09-30T19:54:42.915224+00:00
508,5072135603,4.71,0.1,sell,False,2022-09-30T19:54:38.607835+00:00
509,5072135269,4.71,0.1,sell,False,2022-09-30T19:54:33.155323+00:00
510,5072134953,4.7,0.1,sell,False,2022-09-30T19:54:29.212109+00:00
511,5072134278,4.7,0.1,sell,False,2022-09-30T19:54:24.151993+00:00
512,5072133882,4.7,0.1,sell,False,2022-09-30T19:54:20.124158+00:00
513,5072133376,4.7,0.1,sell,False,2022-09-30T19:54:15.145891+00:00
514,5072133338,4.7,0.1,sell,False,2022-09-30T19:54:14.283857+00:00
515,5072133007,4.7,0.1,sell,False,2022-09-30T19:54:10.733232+00:00
516,5072132269,4.7,0.1,sell,False,2022-09-30T19:54:05.734329+00:00
517,5072131529,4.7,0.1,sell,False,2022-09-30T19:54:01.730778+00:00
518,5072130994,4.7,0.1,sell,False,2022-09-30T19:53:57.233231+00:00
519,5072130491,4.7,0.1,sell,False,2022-09-30T19:53:52.374434+00:00
520,5072129971,4.7,0.1,sell,False,2022-09-30T19:53:48.121992+00:00
521,5072129222,4.7,0.1,sell,False,2022-09-30T19:53:43.381603+00:00
522,5072128772,4.7,0.1,sell,False,2022-09-30T19:53:38.418116+00:00
523,5072128072,4.7,0.1,sell,False,2022-09-30T19:53:33.501488+00:00
524,5072127399,4.7,0.1,sell,False,2022-09-30T19:53:28.987493+00:00
525,5072126644,4.7,0.1,sell,False,2022-09-30T19:53:24.442860+00:00
526,5072125847,4.7,0.1,sell,False,2022-09-30T19:53:19.799785+00:00
527,5072124870,4.7,0.1,sell,False,2022-09-30T19:53:15.216952+00:00
528,5072124322,4.7,0.1,sell,False,2022-09-30T19:53:11.291613+00:00
529,5072123172,4.7,0.1,sell,False,2022-09-30T19:53:06.128070+00:00
530,5072123001,4.7,0.1,sell,False,2022-09-30T19:53:04.939199+00:00
531,5072122331,4.7,0.1,sell,False,2022-09-30T19:53:01.348363+00:00
532,5072121180,4.7,0.1,sell,False,2022-09-30T19:52:56.597788+00:00
533,5072120411,4.7,0.1,sell,False,2022-09-30T19:52:52.558571+00:00
534,5072119372,4.7,0.1,sell,False,2022-09-30T19:52:48.209500+00:00
535,5072118563,4.7,0.1,sell,False,2022-09-30T19:52:42.939811+00:00
536,5072117592,4.7,0.1,sell,False,2022-09-30T19:52:38.467216+00:00
537,5072116230,4.7,0.1,sell,False,2022-09-30T19:52:34.219470+00:00
538,5072115080,4.7,0.1,sell,False,2022-09-30T19:52:29.328206+00:00
539,5072113572,4.7,0.1,sell,False,2022-09-30T19:52:25.344014+00:00
540,5072109911,4.7,0.1,sell,False,2022-09-30T19:52:20.221144+00:00
541,5072106893,4.7,0.1,sell,False,2022-09-30T19:52:15.586775+00:00
542,5072101362,4.7,0.1,sell,False,2022-09-30T19:52:10.692283+00:00
543,5072095686,4.7,0.1,sell,False,2022-09-30T19:52:06.344222+00:00
544,5072091962,4.7,0.1,sell,False,2022-09-30T19:52:01.517200+00:00
545,5072089711,4.7,0.1,sell,False,2022-09-30T19:51:57.272553+00:00
546,5072088802,4.7,0.1,sell,False,2022-09-30T19:51:55.302479+00:00
547,5072088100,4.7,0.1,sell,False,2022-09-30T19:51:52.228719+00:00
548,5072085805,4.7,0.1,sell,False,2022-09-30T19:51:48.204539+00:00
549,5072084737,4.7,0.1,sell,False,2022-09-30T19:51:43.256731+00:00
550,5072084074,4.7,0.1,sell,False,2022-09-30T19:51:38.696935+00:00
551,5072083547,4.7,0.1,sell,False,2022-09-30T19:51:34.262210+00:00
552,5072082312,4.7,0.1,sell,False,2022-09-30T19:51:29.745866+00:00
553,5072081812,4.7,0.1,sell,False,2022-09-30T19:51:24.842604+00:00
554,5072081061,4.7,0.1,sell,False,2022-09-30T19:51:20.764425+00:00
555,5072080325,4.7,0.1,sell,False,2022-09-30T19:51:16.149559+00:00
556,5072079154,4.7,0.1,sell,False,2022-09-30T19:51:10.986150+00:00
557,5072078594,4.7,0.1,sell,False,2022-09-30T19:51:06.916483+00:00
558,5072077933,4.7,0.1,sell,False,2022-09-30T19:51:01.774454+00:00
559,5072077515,4.7,0.1,sell,False,2022-09-30T19:50:57.844335+00:00
560,5072077228,4.7,0.1,sell,False,2022-09-30T19:50:53.055850+00:00
561,5072076875,4.7,0.1,sell,False,2022-09-30T19:50:48.161680+00:00
562,5072076754,4.7,0.1,sell,False,2022-09-30T19:50:46.725735+00:00
563,5072076203,4.7,0.1,sell,False,2022-09-30T19:50:43.387711+00:00
564,5072075351,4.7,0.1,sell,False,2022-09-30T19:50:39.149483+00:00
565,5072073579,4.7,0.1,sell,False,2022-09-30T19:50:34.188146+00:00
566,5072072820,4.7,0.1,sell,False,2022-09-30T19:50:29.709101+00:00
567,5072072390,4.7,0.1,sell,False,2022-09-30T19:50:25.357064+00:00
568,5072071939,4.71,0.1,sell,False,2022-09-30T19:50:21.174182+00:00
569,5072071045,4.71,0.1,sell,False,2022-09-30T19:50:16.479844+00:00
570,5072069213,4.71,0.1,sell,False,2022-09-30T19:50:11.477000+00:00
571,5072067922,4.71,0.1,sell,False,2022-09-30T19:50:06.639078+00:00
572,5072066797,4.71,0.1,sell,False,2022-09-30T19:50:02.541526+00:00
573,5072065168,4.71,0.1,sell,False,2022-09-30T19:49:58.208393+00:00
574,5072064513,4.71,0.1,sell,False,2022-09-30T19:49:52.696697+00:00
575,5072064381,4.71,0.1,sell,False,2022-09-30T19:49:48.800919+00:00
576,5072064250,4.71,0.1,sell,False,2022-09-30T19:49:43.824062+00:00
577,5072064058,4.71,0.1,sell,False,2022-09-30T19:49:38.949632+00:00
578,5072064015,4.71,0.1,sell,False,2022-09-30T19:49:37.474667+00:00
579,5072063935,4.71,0.1,sell,False,2022-09-30T19:49:34.815154+00:00
580,5072063805,4.71,0.1,sell,False,2022-09-30T19:49:29.940993+00:00
581,5072063637,4.71,0.1,sell,False,2022-09-30T19:49:25.688322+00:00
582,5072063392,4.72,0.1,sell,False,2022-09-30T19:49:20.860197+00:00
583,5072063140,4.72,0.1,sell,False,2022-09-30T19:49:16.272270+00:00
584,5072062893,4.72,0.1,sell,False,2022-09-30T19:49:12.068178+00:00
585,5072062660,4.72,0.1,sell,False,2022-09-30T19:49:07.676391+00:00
586,5072062425,4.72,0.1,sell,False,2022-09-30T19:49:02.779657+00:00
587,5072062208,4.72,0.1,sell,False,2022-09-30T19:48:58.229007+00:00
588,5072061890,4.72,0.1,sell,False,2022-09-30T19:48:53.440680+00:00
589,5072061666,4.72,0.1,sell,False,2022-09-30T19:48:48.829710+00:00
590,5072061377,4.72,0.1,sell,False,2022-09-30T19:48:44.651113+00:00
591,5072061152,4.72,0.1,sell,False,2022-09-30T19:48:39.911142+00:00
592,5072060974,4.72,0.1,sell,False,2022-09-30T19:48:35.349397+00:00
593,5072060670,4.72,0.1,sell,False,2022-09-30T19:48:30.659353+00:00
594,5072060488,4.72,0.1,sell,False,2022-09-30T19:48:27.668232+00:00
595,5072060390,4.72,0.1,sell,False,2022-09-30T19:48:25.921287+00:00
596,5072060162,4.72,0.1,sell,False,2022-09-30T19:48:20.848166+00:00
597,5072059882,4.72,0.1,sell,False,2022-09-30T19:48:16.878779+00:00
598,5072059484,4.72,0.1,sell,False,2022-09-30T19:48:12.457711+00:00
599,5072058827,4.72,0.1,sell,False,2022-09-30T19:48:07.642505+00:00
600,5072058458,4.72,0.1,sell,False,2022-09-30T19:48:02.407101+00:00
601,5072057967,4.72,0.1,sell,False,2022-09-30T19:47:58.144675+00:00
602,5072057765,4.72,0.1,sell,False,2022-09-30T19:47:53.629832+00:00
603,5072057464,4.72,0.1,sell,False,2022-09-30T19:47:48.591315+00:00
604,5072057275,4.72,0.1,sell,False,2022-09-30T19:47:44.379590+00:00
605,5072057096,4.72,0.1,sell,False,2022-09-30T19:47:39.561831+00:00
606,5072056870,4.72,0.1,sell,False,2022-09-30T19:47:35.119743+00:00
607,5072056696,4.72,0.1,sell,False,2022-09-30T19:47:30.516925+00:00
608,5072056506,4.72,0.1,sell,False,2022-09-30T19:47:26.148111+00:00
609,5072056342,4.72,0.1,sell,False,2022-09-30T19:47:21.442622+00:00
610,5072056194,4.72,0.1,sell,False,2022-09-30T19:47:18.808375+00:00
611,5072056012,4.72,0.1,sell,False,2022-09-30T19:47:16.543628+00:00
612,5072055412,4.72,0.1,sell,False,2022-09-30T19:47:11.863354+00:00
613,5072054819,4.72,0.1,sell,False,2022-09-30T19:47:07.767214+00:00
614,5072054646,4.72,0.1,sell,False,2022-09-30T19:47:03.291721+00:00
615,5072054432,4.72,0.1,sell,False,2022-09-30T19:46:58.186000+00:00
616,5072054212,4.72,0.1,sell,False,2022-09-30T19:46:53.548859+00:00
617,5072054005,4.72,0.1,sell,False,2022-09-30T19:46:49.244624+00:00
618,5072053804,4.72,0.1,sell,False,2022-09-30T19:46:44.544658+00:00
619,5072053509,4.72,0.1,sell,False,2022-09-30T19:46:39.702694+00:00
620,5072053225,4.72,0.1,sell,False,2022-09-30T19:46:35.067589+00:00
621,5072052957,4.72,0.1,sell,False,2022-09-30T19:46:30.899122+00:00
622,5072052806,4.72,0.1,sell,False,2022-09-30T19:46:26.506650+00:00
623,5072052630,4.72,0.1,sell,False,2022-09-30T19:46:21.827768+00:00
624,5072052447,4.72,0.1,sell,False,2022-09-30T19:46:16.863718+00:00
625,5072052155,4.72,0.1,sell,False,2022-09-30T19:46:12.260953+00:00
626,5072051933,4.72,0.1,sell,False,2022-09-30T19:46:09.181318+00:00
627,5072051723,4.72,0.1,sell,False,2022-09-30T19:46:07.600131+00:00
628,5072051513,4.72,0.1,sell,False,2022-09-30T19:46:03.467885+00:00
629,5072051283,4.72,0.1,sell,False,2022-09-30T19:45:58.710117+00:00
630,5072051077,4.72,0.1,sell,False,2022-09-30T19:45:54.114375+00:00
631,5072050827,4.72,0.1,sell,False,2022-09-30T19:45:49.607287+00:00
632,5072050377,4.72,0.1,sell,False,2022-09-30T19:45:44.728393+00:00
633,5072050171,4.72,0.1,sell,False,2022-09-30T19:45:40.108257+00:00
634,5072049959,4.72,0.1,sell,False,2022-09-30T19:45:36.116917+00:00
635,5072049752,4.72,0.1,sell,False,2022-09-30T19:45:31.503696+00:00
636,5072049546,4.72,0.1,sell,False,2022-09-30T19:45:26.471330+00:00
637,5072049283,4.72,0.1,sell,False,2022-09-30T19:45:21.871573+00:00
638,5072048811,4.72,0.1,sell,False,2022-09-30T19:45:17.531466+00:00
639,5072048575,4.72,0.1,sell,False,2022-09-30T19:45:12.957782+00:00
640,5072048268,4.72,0.1,sell,False,2022-09-30T19:45:08.217426+00:00
641,5072047862,4.72,0.1,sell,False,2022-09-30T19:45:03.366793+00:00
642,5072047516,4.72,0.1,sell,False,2022-09-30T19:44:59.997180+00:00
643,5072047480,4.72,0.1,sell,False,2022-09-30T19:44:58.644213+00:00
644,5072047301,4.72,0.1,sell,False,2022-09-30T19:44:54.044901+00:00
645,5072047038,4.72,0.1,sell,False,2022-09-30T19:44:49.393419+00:00
646,5072046840,4.72,0.1,sell,False,2022-09-30T19:44:44.668090+00:00
647,5072046588,4.72,0.1,sell,False,2022-09-30T19:44:40.142873+00:00
648,5072046382,4.72,0.1,sell,False,2022-09-30T19:44:36.280397+00:00
649,5072046072,4.71,0.1,sell,False,2022-09-30T19:44:31.608618+00:00
650,5072045600,4.71,0.1,sell,False,2022-09-30T19:44:26.998170+00:00
651,5072045421,4.71,0.1,sell,False,2022-09-30T19:44:22.160847+00:00
652,5072045149,4.71,0.1,sell,False,2022-09-30T19:44:17.108839+00:00
653,5072045020,4.71,0.1,sell,False,2022-09-30T19:44:12.980350+00:00
654,5072044774,4.71,0.1,sell,False,2022-09-30T19:44:08.076378+00:00
655,5072044596,4.71,0.1,sell,False,2022-09-30T19:44:03.751510+00:00
656,5072044361,4.71,0.1,sell,False,2022-09-30T19:43:59.393606+00:00
657,5072044067,4.71,0.1,sell,False,2022-09-30T19:43:54.369841+00:00
658,5072043853,4.71,0.1,sell,False,2022-09-30T19:43:50.855874+00:00
659,5072043810,4.71,0.1,sell,False,2022-09-30T19:43:49.765981+00:00
660,5072043239,4.71,0.1,sell,False,2022-09-30T19:43:44.974663+00:00
661,5072042979,4.71,0.1,sell,False,2022-09-30T19:43:40.603031+00:00
662,5072042831,4.71,0.1,sell,False,2022-09-30T19:43:35.803588+00:00
663,5072042689,4.71,0.1,sell,False,2022-09-30T19:43:31.881546+00:00
664,5072042332,4.71,0.1,sell,False,2022-09-30T19:43:26.674984+00:00
665,5072041764,4.71,0.1,sell,False,2022-09-30T19:43:22.669949+00:00
666,5072041582,4.71,0.1,sell,False,2022-09-30T19:43:18.125529+00:00
667,5072041467,4.71,0.1,sell,False,2022-09-30T19:43:13.508692+00:00
668,5072041305,4.71,0.1,sell,False,2022-09-30T19:43:08.645326+00:00
669,5072041048,4.71,0.1,sell,False,2022-09-30T19:43:03.512997+00:00
670,5072040812,4.71,0.1,sell,False,2022-09-30T19:42:59.650077+00:00
671,5072040555,4.71,0.1,sell,False,2022-09-30T19:42:54.362861+00:00
672,5072040404,4.71,0.1,sell,False,2022-09-30T19:42:49.967352+00:00
673,5072040245,4.71,0.1,sell,False,2022-09-30T19:42:46.071382+00:00
674,5072040046,4.71,0.1,sell,False,2022-09-30T19:42:41.497639+00:00
675,5072040022,4.71,0.1,sell,False,2022-09-30T19:42:40.675139+00:00
676,5072039790,4.71,0.1,sell,False,2022-09-30T19:42:36.201758+00:00
677,5072039271,4.72,0.1,sell,False,2022-09-30T19:42:31.575238+00:00
678,5072039082,4.72,0.1,sell,False,2022-09-30T19:42:27.644848+00:00
679,5072038817,4.72,0.1,sell,False,2022-09-30T19:42:22.297740+00:00
680,5072038602,4.72,0.1,sell,False,2022-09-30T19:42:17.929177+00:00
681,5072038303,4.72,0.1,sell,False,2022-09-30T19:42:13.600211+00:00
682,5072037688,4.71,0.1,sell,False,2022-09-30T19:42:08.966297+00:00
683,5072037305,4.71,0.1,sell,False,2022-09-30T19:42:04.525404+00:00
684,5072037049,4.71,0.1,sell,False,2022-09-30T19:41:59.649087+00:00
685,5072036897,4.71,0.1,sell,False,2022-09-30T19:41:55.075748+00:00
686,5072036586,4.71,0.1,sell,False,2022-09-30T19:41:50.304186+00:00
687,5072036189,4.71,0.1,sell,False,2022-09-30T19:41:46.170932+00:00
688,5072036022,4.71,0.1,sell,False,2022-09-30T19:41:41.492763+00:00
689,5072035781,4.71,0.1,sell,False,2022-09-30T19:41:36.895790+00:00
690,5072035409,4.71,0.1,sell,False,2022-09-30T19:41:32.758880+00:00
691,5072035358,4.71,0.1,sell,False,2022-09-30T19:41:31.579491+00:00
692,5072035058,4.71,0.1,sell,False,2022-09-30T19:41:27.556223+00:00
693,5072034702,4.71,0.1,sell,False,2022-09-30T19:41:22.533921+00:00
694,5072034484,4.71,0.1,sell,False,2022-09-30T19:41:17.860210+00:00
695,5072034277,4.71,0.1,sell,False,2022-09-30T19:41:13.240569+00:00
696,5072034139,4.71,0.1,sell,False,2022-09-30T19:41:09.141061+00:00
697,5072033961,4.71,0.1,sell,False,2022-09-30T19:41:03.947169+00:00
698,5072033733,4.71,0.1,sell,False,2022-09-30T19:41:00.136889+00:00
699,5072033266,4.71,0.1,sell,False,2022-09-30T19:40:55.038484+00:00
700,5072032842,4.71,0.1,sell,False,2022-09-30T19:40:50.984951+00:00
701,5072032482,4.71,0.1,sell,False,2022-09-30T19:40:46.554065+00:00
702,5072032315,4.71,0.1,sell,False,2022-09-30T19:40:41.734956+00:00
703,5072032031,4.71,0.1,sell,False,2022-09-30T19:40:36.761198+00:00
704,5072031872,4.71,0.1,sell,False,2022-09-30T19:40:32.120557+00:00
705,5072031701,4.71,0.1,sell,False,2022-09-30T19:40:28.176858+00:00
706,5072031441,4.71,0.1,sell,False,2022-09-30T19:40:22.871991+00:00
707,5072031436,4.71,0.1,sell,False,2022-09-30T19:40:22.804497+00:00
708,5072031192,4.71,0.1,sell,False,2022-09-30T19:40:18.062674+00:00
709,5072030952,4.71,0.1,sell,False,2022-09-30T19:40:13.715354+00:00
710,5072030638,4.71,0.1,sell,False,2022-09-30T19:40:08.950495+00:00
711,5072030448,4.71,0.1,sell,False,2022-09-30T19:40:04.329998+00:00
712,5072030203,4.71,0.1,sell,False,2022-09-30T19:40:00.139116+00:00
713,5072030036,4.71,0.1,sell,False,2022-09-30T19:39:55.784736+00:00
714,5072029719,4.71,0.1,sell,False,2022-09-30T19:39:50.988062+00:00
715,5072029301,4.71,0.1,sell,False,2022-09-30T19:39:46.650325+00:00
716,5072028986,4.71,0.1,sell,False,2022-09-30T19:39:41.848035+00:00
717,5072028796,4.71,0.1,sell,False,2022-09-30T19:39:36.694067+00:00
718,5072028554,4.71,0.1,sell,False,2022-09-30T19:39:32.275027+00:00
719,5072028237,4.71,0.1,sell,False,2022-09-30T19:39:27.377353+00:00
720,5072027828,4.71,0.1,sell,False,2022-09-30T19:39:22.942815+00:00
721,5072027418,4.71,0.1,sell,False,2022-09-30T19:39:18.383407+00:00
722,5072027229,4.71,0.1,sell,False,2022-09-30T19:39:14.100041+00:00
723,5072027228,4.71,0.1,sell,False,2022-09-30T19:39:14.099329+00:00
724,5072026989,4.71,0.1,sell,False,2022-09-30T19:39:09.621637+00:00
725,5072026732,4.71,0.1,sell,False,2022-09-30T19:39:05.016810+00:00
726,5072026358,4.71,0.1,sell,False,2022-09-30T19:39:00.659950+00:00
727,5072026189,4.71,0.1,sell,False,2022-09-30T19:38:56.072274+00:00
728,5072026007,4.71,0.1,sell,False,2022-09-30T19:38:51.350894+00:00
729,5072025741,4.71,0.1,sell,False,2022-09-30T19:38:46.618460+00:00
730,5072025598,4.71,0.1,sell,False,2022-09-30T19:38:42.021395+00:00
731,5072025453,4.71,0.1,sell,False,2022-09-30T19:38:37.727368+00:00
732,5072025123,4.71,0.1,sell,False,2022-09-30T19:38:32.276375+00:00
733,5072025023,4.71,0.1,sell,False,2022-09-30T19:38:28.404135+00:00
734,5072024728,4.71,0.1,sell,False,2022-09-30T19:38:23.300637+00:00
735,5072024338,4.71,0.1,sell,False,2022-09-30T19:38:19.398575+00:00
736,5072023621,4.73,0.1,sell,False,2022-09-30T19:38:14.454697+00:00
737,5072023360,4.73,0.1,sell,False,2022-09-30T19:38:09.402909+00:00
738,5072023069,4.73,0.1,sell,False,2022-09-30T19:38:05.485972+00:00
739,5072022995,4.73,0.1,sell,False,2022-09-30T19:38:04.372234+00:00
740,5072022686,4.73,0.1,sell,False,2022-09-30T19:38:00.240949+00:00
741,5072021956,4.73,0.1,sell,False,2022-09-30T19:37:56.015500+00:00
742,5072021740,4.73,0.1,sell,False,2022-09-30T19:37:50.932361+00:00
743,5072021362,4.73,0.1,sell,False,2022-09-30T19:37:47.144532+00:00
744,5072021073,4.73,0.1,sell,False,2022-09-30T19:37:42.223120+00:00
745,5072020735,4.73,0.1,sell,False,2022-09-30T19:37:37.556295+00:00
746,5072019683,4.73,0.1,sell,False,2022-09-30T19:37:32.599135+00:00
747,5072019264,4.73,0.1,sell,False,2022-09-30T19:37:28.788386+00:00
748,5072018716,4.73,0.1,sell,False,2022-09-30T19:37:23.588452+00:00
749,5072018535,4.73,0.1,sell,False,2022-09-30T19:37:19.472998+00:00
750,5072018294,4.73,0.1,sell,False,2022-09-30T19:37:14.331521+00:00
751,5072018069,4.73,0.1,sell,False,2022-09-30T19:37:09.769710+00:00
752,5072017841,4.73,0.1,sell,False,2022-09-30T19:37:04.931912+00:00
753,5072017504,4.73,0.1,sell,False,2022-09-30T19:37:00.934694+00:00
754,5072017278,4.73,0.1,sell,False,2022-09-30T19:36:55.908184+00:00
755,5072017271,4.73,0.1,sell,False,2022-09-30T19:36:55.782256+00:00
756,5072017066,4.73,0.1,sell,False,2022-09-30T19:36:51.953281+00:00
757,5072016914,4.73,0.1,sell,False,2022-09-30T19:36:47.240620+00:00
758,5072016645,4.73,0.1,sell,False,2022-09-30T19:36:42.295818+00:00
759,5072016436,4.73,0.1,sell,False,2022-09-30T19:36:37.373029+00:00
760,5072016167,4.73,0.1,sell,False,2022-09-30T19:36:33.025702+00:00
761,5072015876,4.73,0.1,sell,False,2022-09-30T19:36:28.748847+00:00
762,5072015463,4.73,0.1,sell,False,2022-09-30T19:36:24.437492+00:00
763,5072015237,4.73,0.1,sell,False,2022-09-30T19:36:18.956329+00:00
764,5072014964,4.73,0.1,sell,False,2022-09-30T19:36:15.254496+00:00
765,5072014568,4.73,0.1,sell,False,2022-09-30T19:36:10.424450+00:00
766,5072013588,4.73,0.1,sell,False,2022-09-30T19:36:05.654873+00:00
767,5072012110,4.73,0.1,sell,False,2022-09-30T19:36:00.872391+00:00
768,5072011827,4.73,0.1,sell,False,2022-09-30T19:35:56.588725+00:00
769,5072011511,4.73,0.1,sell,False,2022-09-30T19:35:51.721636+00:00
770,5072011305,4.73,0.1,sell,False,2022-09-30T19:35:46.732549+00:00
771,5072011292,4.73,0.1,sell,False,2022-09-30T19:35:46.326767+00:00
772,5072011115,4.73,0.1,sell,False,2022-09-30T19:35:43.055540+00:00
773,5072010789,4.73,0.1,sell,False,2022-09-30T19:35:37.976347+00:00
774,5072010503,4.73,0.1,sell,False,2022-09-30T19:35:33.372851+00:00
775,5072009991,4.73,0.1,sell,False,2022-09-30T19:35:28.965274+00:00
776,5072009582,4.72,0.1,sell,False,2022-09-30T19:35:24.238018+00:00
777,5072009218,4.73,0.1,sell,False,2022-09-30T19:35:19.275942+00:00
778,5072008485,4.74,0.1,sell,False,2022-09-30T19:35:14.911133+00:00
779,5072007706,4.74,0.1,sell,False,2022-09-30T19:35:10.293901+00:00
780,5072007246,4.74,0.1,sell,False,2022-09-30T19:35:05.494238+00:00
781,5072006859,4.74,0.1,sell,False,2022-09-30T19:35:01.244567+00:00
782,5072006669,4.74,0.1,sell,False,2022-09-30T19:34:56.398273+00:00
783,5072006366,4.74,0.1,sell,False,2022-09-30T19:34:52.135006+00:00
784,5072006201,4.74,0.1,sell,False,2022-09-30T19:34:46.954015+00:00
785,5072006050,4.74,0.1,sell,False,2022-09-30T19:34:43.403379+00:00
786,5072005821,4.74,0.1,sell,False,2022-09-30T19:34:37.797379+00:00
787,5072005734,4.74,0.1,sell,False,2022-09-30T19:34:36.613154+00:00
788,5072005544,4.73,0.1,sell,False,2022-09-30T19:34:33.532175+00:00
789,5072005205,4.73,0.1,sell,False,2022-09-30T19:34:28.969544+00:00
790,5072005041,4.73,0.1,sell,False,2022-09-30T19:34:24.903076+00:00
791,5072004706,4.73,0.1,sell,False,2022-09-30T19:34:19.474349+00:00
792,5072004533,4.73,0.1,sell,False,2022-09-30T19:34:15.108314+00:00
793,5072004113,4.73,0.1,sell,False,2022-09-30T19:34:10.304085+00:00
794,5072003679,4.73,0.1,sell,False,2022-09-30T19:34:05.874506+00:00
795,5072003283,4.73,0.1,sell,False,2022-09-30T19:34:01.523951+00:00
796,5072002930,4.73,0.1,sell,False,2022-09-30T19:33:56.899662+00:00
797,5072002569,4.73,0.1,sell,False,2022-09-30T19:33:51.937597+00:00
798,5072002366,4.73,0.1,sell,False,2022-09-30T19:33:48.028993+00:00
799,5072002207,4.73,0.1,sell,False,2022-09-30T19:33:43.522977+00:00
800,5072001929,4.73,0.1,sell,False,2022-09-30T19:33:38.315251+00:00
801,5072001819,4.73,0.1,sell,False,2022-09-30T19:33:34.818845+00:00
802,5072001520,4.73,0.1,sell,False,2022-09-30T19:33:29.630128+00:00
803,5072001427,4.73,0.1,sell,False,2022-09-30T19:33:28.135635+00:00
804,5072001186,4.73,0.1,sell,False,2022-09-30T19:33:24.867835+00:00
805,5072000723,4.73,0.1,sell,False,2022-09-30T19:33:20.257864+00:00
806,5072000523,4.73,0.1,sell,False,2022-09-30T19:33:16.270054+00:00
807,5072000228,4.73,0.1,sell,False,2022-09-30T19:33:10.481717+00:00
808,5071999958,4.73,0.1,sell,False,2022-09-30T19:33:06.698638+00:00
809,5071999255,4.73,0.1,sell,False,2022-09-30T19:33:02.039951+00:00
810,5071998829,4.73,0.1,sell,False,2022-09-30T19:32:57.422845+00:00
811,5071998535,4.73,0.1,sell,False,2022-09-30T19:32:52.315800+00:00
812,5071998165,4.73,0.1,sell,False,2022-09-30T19:32:48.342322+00:00
813,5071997369,4.73,0.1,sell,False,2022-09-30T19:32:43.396512+00:00
814,5071996787,4.73,0.1,sell,False,2022-09-30T19:32:38.661611+00:00
815,5071996535,4.73,0.1,sell,False,2022-09-30T19:32:34.052894+00:00
816,5071995874,4.74,0.1,sell,False,2022-09-30T19:32:29.655722+00:00
817,5071995603,4.74,0.1,sell,False,2022-09-30T19:32:24.426714+00:00
818,5071995336,4.74,0.1,sell,False,2022-09-30T19:32:20.695315+00:00
819,5071995115,4.74,0.1,sell,False,2022-09-30T19:32:19.001674+00:00
820,5071994631,4.73,0.1,sell,False,2022-09-30T19:32:15.636780+00:00
821,5071994272,4.73,0.1,sell,False,2022-09-30T19:32:10.790604+00:00
822,5071994034,4.73,0.1,sell,False,2022-09-30T19:32:06.347436+00:00
823,5071993837,4.73,0.1,sell,False,2022-09-30T19:32:02.234764+00:00
824,5071993593,4.73,0.1,sell,False,2022-09-30T19:31:56.993770+00:00
825,5071993284,4.73,0.1,sell,False,2022-09-30T19:31:52.988288+00:00
826,5071992882,4.73,0.1,sell,False,2022-09-30T19:31:47.865096+00:00
827,5071992290,4.73,0.1,sell,False,2022-09-30T19:31:43.174458+00:00
828,5071992030,4.73,0.1,sell,False,2022-09-30T19:31:39.024358+00:00
829,5071991718,4.73,0.1,sell,False,2022-09-30T19:31:34.148011+00:00
830,5071991344,4.74,0.1,sell,False,2022-09-30T19:31:29.892578+00:00
831,5071990624,4.74,0.1,sell,False,2022-09-30T19:31:25.110678+00:00
832,5071990406,4.74,0.1,sell,False,2022-09-30T19:31:20.980066+00:00
833,5071989822,4.74,0.1,sell,False,2022-09-30T19:31:16.302933+00:00
834,5071989237,4.74,0.1,sell,False,2022-09-30T19:31:11.424364+00:00
835,5071989117,4.74,0.1,sell,False,2022-09-30T19:31:09.524527+00:00
836,5071988031,4.74,0.1,sell,False,2022-09-30T19:31:06.838510+00:00
837,5071987518,4.74,0.1,sell,False,2022-09-30T19:31:02.330824+00:00
838,5071986639,4.74,0.1,sell,False,2022-09-30T19:30:57.532020+00:00
839,5071985522,4.74,0.1,sell,False,2022-09-30T19:30:52.877097+00:00
840,5071985029,4.74,0.1,sell,False,2022-09-30T19:30:48.473894+00:00
841,5071984755,4.74,0.1,sell,False,2022-09-30T19:30:43.826260+00:00
842,5071984095,4.74,0.1,sell,False,2022-09-30T19:30:38.740459+00:00
843,5071983676,4.74,0.1,sell,False,2022-09-30T19:30:34.805671+00:00
844,5071982634,4.74,0.1,sell,False,2022-09-30T19:30:29.714393+00:00
845,5071982284,4.74,0.1,sell,False,2022-09-30T19:30:25.059890+00:00
846,5071981909,4.74,0.1,sell,False,2022-09-30T19:30:20.708156+00:00
847,5071981211,4.74,0.1,sell,False,2022-09-30T19:30:16.457517+00:00
848,5071980830,4.74,0.1,sell,False,2022-09-30T19:30:11.386285+00:00
849,5071980405,4.74,0.1,sell,False,2022-09-30T19:30:06.622483+00:00
850,5071979797,4.74,0.1,sell,False,2022-09-30T19:30:02.302808+00:00
851,5071979206,4.74,0.1,sell,False,2022-09-30T19:30:00.408301+00:00
852,5071979099,4.74,0.1,sell,False,2022-09-30T19:29:57.708872+00:00
853,5071978795,4.74,0.1,sell,False,2022-09-30T19:29:52.755300+00:00
854,5071978193,4.74,0.1,sell,False,2022-09-30T19:29:48.935678+00:00
855,5071977826,4.74,0.1,sell,False,2022-09-30T19:29:44.199400+00:00
856,5071977103,4.73,0.1,sell,False,2022-09-30T19:29:39.272517+00:00
857,5071976422,4.73,0.1,sell,False,2022-09-30T19:29:35.112149+00:00
858,5071975603,4.73,0.1,sell,False,2022-09-30T19:29:30.525452+00:00
859,5071975232,4.73,0.1,sell,False,2022-09-30T19:29:25.826659+00:00
860,5071974940,4.73,0.1,sell,False,2022-09-30T19:29:21.399477+00:00
861,5071974516,4.73,0.1,sell,False,2022-09-30T19:29:16.846370+00:00
862,5071974035,4.73,0.1,sell,False,2022-09-30T19:29:12.179134+00:00
863,5071973786,4.73,0.1,sell,False,2022-09-30T19:29:07.590167+00:00
864,5071973559,4.73,0.1,sell,False,2022-09-30T19:29:02.806065+00:00
865,5071973166,4.72,0.1,sell,False,2022-09-30T19:28:57.586852+00:00
866,5071972554,4.72,0.1,sell,False,2022-09-30T19:28:53.231772+00:00
867,5071972338,4.72,0.1,sell,False,2022-09-30T19:28:50.767464+00:00
868,5071971771,4.72,0.1,sell,False,2022-09-30T19:28:48.876426+00:00
869,5071971298,4.72,0.1,sell,False,2022-09-30T19:28:44.494363+00:00
870,5071970932,4.72,0.1,sell,False,2022-09-30T19:28:39.637496+00:00
871,5071970722,4.72,0.1,sell,False,2022-09-30T19:28:34.983734+00:00
872,5071970567,4.72,0.1,sell,False,2022-09-30T19:28:30.900236+00:00
873,5071970380,4.72,0.1,sell,False,2022-09-30T19:28:25.357807+00:00
874,5071970237,4.72,0.1,sell,False,2022-09-30T19:28:21.478229+00:00
875,5071969655,4.72,0.1,sell,False,2022-09-30T19:28:16.242282+00:00
876,5071969504,4.72,0.1,sell,False,2022-09-30T19:28:11.722639+00:00
877,5071969072,4.72,0.1,sell,False,2022-09-30T19:28:06.981792+00:00
878,5071968840,4.72,0.1,sell,False,2022-09-30T19:28:02.919777+00:00
879,5071968708,4.72,0.1,sell,False,2022-09-30T19:27:58.743580+00:00
880,5071968502,4.72,0.1,sell,False,2022-09-30T19:27:53.999594+00:00
881,5071968298,4.72,0.1,sell,False,2022-09-30T19:27:48.806080+00:00
882,5071968119,4.72,0.1,sell,False,2022-09-30T19:27:44.558506+00:00
883,5071968046,4.72,0.1,sell,False,2022-09-30T19:27:41.870048+00:00
884,5071967989,4.72,0.1,sell,False,2022-09-30T19:27:40.342616+00:00
885,5071967787,4.72,0.1,sell,False,2022-09-30T19:27:35.437270+00:00
886,5071967578,4.72,0.1,sell,False,2022-09-30T19:27:30.708292+00:00
887,5071967264,4.72,0.1,sell,False,2022-09-30T19:27:26.381755+00:00
888,5071967054,4.72,0.1,sell,False,2022-09-30T19:27:21.108832+00:00
889,5071966932,4.72,0.1,sell,False,2022-09-30T19:27:16.969381+00:00
890,5071966730,4.72,0.1,sell,False,2022-09-30T19:27:12.258702+00:00
891,5071966480,4.72,0.1,sell,False,2022-09-30T19:27:07.575836+00:00
892,5071966334,4.72,0.1,sell,False,2022-09-30T19:27:02.886060+00:00
893,5071966179,4.72,0.1,sell,False,2022-09-30T19:26:58.276048+00:00
894,5071965983,4.72,0.1,sell,False,2022-09-30T19:26:53.834937+00:00
895,5071965675,4.72,0.1,sell,False,2022-09-30T19:26:48.794715+00:00
896,5071965252,4.72,0.1,sell,False,2022-09-30T19:26:44.182641+00:00
897,5071965076,4.72,0.1,sell,False,2022-09-30T19:26:39.684707+00:00
898,5071964963,4.72,0.1,sell,False,2022-09-30T19:26:35.282542+00:00
899,5071964807,4.72,0.1,sell,False,2022-09-30T19:26:32.297529+00:00
900,5071964714,4.72,0.1,sell,False,2022-09-30T19:26:30.543833+00:00
901,5071964385,4.72,0.1,sell,False,2022-09-30T19:26:25.867744+00:00
902,5071964200,4.72,0.1,sell,False,2022-09-30T19:26:21.397078+00:00
903,5071964046,4.72,0.1,sell,False,2022-09-30T19:26:16.840633+00:00
904,5071963826,4.72,0.1,sell,False,2022-09-30T19:26:12.209539+00:00
905,5071963402,4.72,0.1,sell,False,2022-09-30T19:26:07.694466+00:00
906,5071963127,4.72,0.1,sell,False,2022-09-30T19:26:03.762544+00:00
907,5071962913,4.72,0.1,sell,False,2022-09-30T19:25:58.528111+00:00
908,5071962662,4.72,0.1,sell,False,2022-09-30T19:25:53.772459+00:00
909,5071962486,4.72,0.1,sell,False,2022-09-30T19:25:49.357324+00:00
910,5071962269,4.72,0.1,sell,False,2022-09-30T19:25:45.202799+00:00
911,5071962115,4.72,0.1,sell,False,2022-09-30T19:25:40.039123+00:00
912,5071961893,4.72,0.1,sell,False,2022-09-30T19:25:35.462311+00:00
913,5071961368,4.72,0.1,sell,False,2022-09-30T19:25:31.309099+00:00
914,5071961094,4.73,0.1,sell,False,2022-09-30T19:25:26.392619+00:00
915,5071960810,4.74,0.1,sell,False,2022-09-30T19:25:22.892762+00:00
916,5071960761,4.74,0.1,sell,False,2022-09-30T19:25:22.168520+00:00
917,5071959418,4.74,0.1,sell,False,2022-09-30T19:25:17.220581+00:00
918,5071958867,4.74,0.1,sell,False,2022-09-30T19:25:12.606408+00:00
919,5071958274,4.74,0.1,sell,False,2022-09-30T19:25:07.683888+00:00
920,5071958111,4.74,0.1,sell,False,2022-09-30T19:25:03.033729+00:00
921,5071957922,4.74,0.1,sell,False,2022-09-30T19:24:58.450668+00:00
922,5071957700,4.74,0.1,sell,False,2022-09-30T19:24:54.430475+00:00
923,5071957533,4.74,0.1,sell,False,2022-09-30T19:24:49.888187+00:00
924,5071957301,4.74,0.1,sell,False,2022-09-30T19:24:45.305169+00:00
925,5071957140,4.74,0.1,sell,False,2022-09-30T19:24:40.498874+00:00
926,5071957001,4.74,0.1,sell,False,2022-09-30T19:24:35.795822+00:00
927,5071956795,4.73,0.1,sell,False,2022-09-30T19:24:30.983432+00:00
928,5071956639,4.73,0.1,sell,False,2022-09-30T19:24:27.072032+00:00
929,5071956434,4.73,0.1,sell,False,2022-09-30T19:24:21.924704+00:00
930,5071956277,4.73,0.1,sell,False,2022-09-30T19:24:17.943357+00:00
931,5071955991,4.73,0.1,sell,False,2022-09-30T19:24:13.502780+00:00
932,5071955979,4.73,0.1,sell,False,2022-09-30T19:24:13.105614+00:00
933,5071955853,4.73,0.1,sell,False,2022-09-30T19:24:08.699467+00:00
934,5071955450,4.73,0.1,sell,False,2022-09-30T19:24:03.663264+00:00
935,5071955275,4.73,0.1,sell,False,2022-09-30T19:23:59.507590+00:00
936,5071955010,4.73,0.1,sell,False,2022-09-30T19:23:54.204122+00:00
937,5071954630,4.73,0.1,sell,False,2022-09-30T19:23:50.007372+00:00
938,5071954358,4.73,0.1,sell,False,2022-09-30T19:23:45.606078+00:00
939,5071954124,4.73,0.1,sell,False,2022-09-30T19:23:40.922902+00:00
940,5071953942,4.73,0.1,sell,False,2022-09-30T19:23:36.287956+00:00
941,5071953741,4.73,0.1,sell,False,2022-09-30T19:23:31.777280+00:00
942,5071953444,4.73,0.1,sell,False,2022-09-30T19:23:27.116016+00:00
943,5071953158,4.73,0.1,sell,False,2022-09-30T19:23:22.829736+00:00
944,5071952685,4.73,0.1,sell,False,2022-09-30T19:23:17.788144+00:00
945,5071952354,4.73,0.1,sell,False,2022-09-30T19:23:13.113679+00:00
946,5071952071,4.73,0.1,sell,False,2022-09-30T19:23:09.068385+00:00
947,5071951784,4.73,0.1,sell,False,2022-09-30T19:23:04.564911+00:00
948,5071951771,4.73,0.1,sell,False,2022-09-30T19:23:04.187854+00:00
949,5071951451,4.73,0.1,sell,False,2022-09-30T19:22:59.224818+00:00
950,5071950862,4.73,0.1,sell,False,2022-09-30T19:22:54.843133+00:00
951,5071950343,4.73,0.1,sell,False,2022-09-30T19:22:50.608135+00:00
952,5071949200,4.73,0.1,sell,False,2022-09-30T19:22:45.488598+00:00
953,5071949054,4.73,0.1,sell,False,2022-09-30T19:22:41.212283+00:00
954,5071948849,4.73,0.1,sell,False,2022-09-30T19:22:36.668016+00:00
955,5071948478,4.73,0.1,sell,False,2022-09-30T19:22:31.305411+00:00
956,5071948069,4.73,0.1,sell,False,2022-09-30T19:22:27.350521+00:00
957,5071947805,4.73,0.1,sell,False,2022-09-30T19:22:22.235676+00:00
958,5071947635,4.73,0.1,sell,False,2022-09-30T19:22:18.501713+00:00
959,5071947387,4.73,0.1,sell,False,2022-09-30T19:22:13.249974+00:00
960,5071947233,4.73,0.1,sell,False,2022-09-30T19:22:09.121592+00:00
961,5071946900,4.73,0.1,sell,False,2022-09-30T19:22:04.138656+00:00
962,5071946634,4.73,0.1,sell,False,2022-09-30T19:21:59.253872+00:00
963,5071946483,4.73,0.1,sell,False,2022-09-30T19:21:55.542350+00:00
964,5071946401,4.73,0.1,sell,False,2022-09-30T19:21:54.711954+00:00
965,5071946194,4.73,0.1,sell,False,2022-09-30T19:21:50.489044+00:00
966,5071945852,4.73,0.1,sell,False,2022-09-30T19:21:45.554628+00:00
967,5071945573,4.73,0.1,sell,False,2022-09-30T19:21:40.853758+00:00
968,5071945314,4.73,0.1,sell,False,2022-09-30T19:21:36.123100+00:00
969,5071945021,4.73,0.1,sell,False,2022-09-30T19:21:31.818692+00:00
970,5071944696,4.73,0.1,sell,False,2022-09-30T19:21:26.950048+00:00
971,5071944327,4.73,0.1,sell,False,2022-09-30T19:21:23.040758+00:00
972,5071944131,4.74,0.1,sell,False,2022-09-30T19:21:18.321046+00:00
973,5071943908,4.74,0.1,sell,False,2022-09-30T19:21:13.534889+00:00
974,5071943355,4.74,0.1,sell,False,2022-09-30T19:21:08.724432+00:00
975,5071942951,4.74,0.1,sell,False,2022-09-30T19:21:04.782983+00:00
976,5071942666,4.74,0.1,sell,False,2022-09-30T19:21:00.111893+00:00
977,5071942403,4.74,0.1,sell,False,2022-09-30T19:20:55.334910+00:00
978,5071941858,4.74,0.1,sell,False,2022-09-30T19:20:50.375403+00:00
979,5071941590,4.74,0.1,sell,False,2022-09-30T19:20:46.304879+00:00
980,5071941562,4.74,0.1,sell,False,2022-09-30T19:20:46.037671+00:00
981,5071941111,4.74,0.1,sell,False,2022-09-30T19:20:41.126249+00:00
982,5071940308,4.74,0.1,sell,False,2022-09-30T19:20:36.649241+00:00
983,5071939838,4.74,0.1,sell,False,2022-09-30T19:20:32.509954+00:00
984,5071939444,4.74,0.1,sell,False,2022-09-30T19:20:28.135901+00:00
985,5071939138,4.73,0.1,sell,False,2022-09-30T19:20:23.045846+00:00
986,5071938771,4.73,0.1,sell,False,2022-09-30T19:20:18.702456+00:00
987,5071938455,4.73,0.1,sell,False,2022-09-30T19:20:14.004295+00:00
988,5071938032,4.73,0.1,sell,False,2022-09-30T19:20:09.741182+00:00
989,5071937629,4.73,0.1,sell,False,2022-09-30T19:20:04.743263+00:00
990,5071937400,4.73,0.1,sell,False,2022-09-30T19:19:59.643142+00:00
991,5071937149,4.73,0.1,sell,False,2022-09-30T19:19:55.152029+00:00
992,5071936949,4.73,0.1,sell,False,2022-09-30T19:19:50.701986+00:00
993,5071936718,4.73,0.1,sell,False,2022-09-30T19:19:46.375166+00:00
994,5071936521,4.73,0.1,sell,False,2022-09-30T19:19:41.905547+00:00
995,5071936372,4.73,0.1,sell,False,2022-09-30T19:19:37.356139+00:00
996,5071936327,4.73,0.1,sell,False,2022-09-30T19:19:36.681247+00:00
997,5071936227,4.73,0.1,sell,False,2022-09-30T19:19:32.926371+00:00
998,5071935838,4.73,0.1,sell,False,2022-09-30T19:19:27.629654+00:00
999,5071935646,4.73,0.1,sell,False,2022-09-30T19:19:22.973745+00:00
1000,5071935479,4.73,0.1,sell,False,2022-09-30T19:19:18.902374+00:00
1001,5071935253,4.73,0.1,sell,False,2022-09-30T19:19:14.355222+00:00
1002,5071935034,4.73,0.1,sell,False,2022-09-30T19:19:09.387893+00:00
1003,5071934804,4.73,0.1,sell,False,2022-09-30T19:19:04.806925+00:00
1004,5071934450,4.73,0.1,sell,False,2022-09-30T19:19:00.152668+00:00
1005,5071934116,4.73,0.1,sell,False,2022-09-30T19:18:55.497087+00:00
1006,5071933696,4.73,0.1,sell,False,2022-09-30T19:18:50.768952+00:00
1007,5071933520,4.73,0.1,sell,False,2022-09-30T19:18:46.025121+00:00
1008,5071933381,4.73,0.1,sell,False,2022-09-30T19:18:42.339213+00:00
1009,5071933159,4.73,0.1,sell,False,2022-09-30T19:18:37.124856+00:00
1010,5071932986,4.73,0.1,sell,False,2022-09-30T19:18:32.739831+00:00
1011,5071932749,4.73,0.1,sell,False,2022-09-30T19:18:28.636166+00:00
1012,5071932748,4.73,0.1,sell,False,2022-09-30T19:18:28.635827+00:00
1013,5071932394,4.73,0.1,sell,False,2022-09-30T19:18:23.653770+00:00
1014,5071932203,4.73,0.1,sell,False,2022-09-30T19:18:18.513230+00:00
1015,5071932023,4.73,0.1,sell,False,2022-09-30T19:18:13.924413+00:00
1016,5071931861,4.73,0.1,sell,False,2022-09-30T19:18:09.992197+00:00
1017,5071931574,4.73,0.1,sell,False,2022-09-30T19:18:05.280194+00:00
1018,5071931306,4.73,0.1,sell,False,2022-09-30T19:18:00.910486+00:00
1019,5071931024,4.73,0.1,sell,False,2022-09-30T19:17:55.684281+00:00
1020,5071930856,4.73,0.1,sell,False,2022-09-30T19:17:51.688635+00:00
1021,5071930617,4.73,0.1,sell,False,2022-09-30T19:17:47.005494+00:00
1022,5071930416,4.73,0.1,sell,False,2022-09-30T19:17:41.726860+00:00
1023,5071930188,4.74,0.1,sell,False,2022-09-30T19:17:37.190483+00:00
1024,5071929755,4.74,0.1,sell,False,2022-09-30T19:17:33.048563+00:00
1025,5071929316,4.74,0.1,sell,False,2022-09-30T19:17:28.753510+00:00
1026,5071929055,4.74,0.1,sell,False,2022-09-30T19:17:24.128640+00:00
1027,5071928717,4.74,0.1,sell,False,2022-09-30T19:17:19.156831+00:00
1028,5071928643,4.74,0.1,sell,False,2022-09-30T19:17:18.673102+00:00
1029,5071928219,4.74,0.1,sell,False,2022-09-30T19:17:14.380039+00:00
1030,5071927815,4.74,0.1,sell,False,2022-09-30T19:17:09.476307+00:00
1031,5071927491,4.74,0.1,sell,False,2022-09-30T19:17:04.891898+00:00
1032,5071927311,4.74,0.1,sell,False,2022-09-30T19:17:00.825286+00:00
1033,5071927002,4.74,0.1,sell,False,2022-09-30T19:16:56.642149+00:00
1034,5071926583,4.74,0.1,sell,False,2022-09-30T19:16:51.790353+00:00
1035,5071926202,4.74,0.1,sell,False,2022-09-30T19:16:46.760624+00:00
1036,5071925908,4.74,0.1,sell,False,2022-09-30T19:16:42.175264+00:00
1037,5071925635,4.74,0.1,sell,False,2022-09-30T19:16:37.781080+00:00
1038,5071925270,4.74,0.1,sell,False,2022-09-30T19:16:33.151115+00:00
1039,5071924777,4.74,0.1,sell,False,2022-09-30T19:16:28.216348+00:00
1040,5071924363,4.74,0.1,sell,False,2022-09-30T19:16:23.932484+00:00
1041,5071924008,4.74,0.1,sell,False,2022-09-30T19:16:19.686684+00:00
1042,5071922881,4.74,0.1,sell,False,2022-09-30T19:16:14.391034+00:00
1043,5071922637,4.74,0.1,sell,False,2022-09-30T19:16:10.367824+00:00
1044,5071922513,4.74,0.1,sell,False,2022-09-30T19:16:09.450341+00:00
1045,5071921828,4.74,0.1,sell,False,2022-09-30T19:16:05.380263+00:00
1046,5071921283,4.74,0.1,sell,False,2022-09-30T19:16:01.035065+00:00
1047,5071921039,4.74,0.1,sell,False,2022-09-30T19:15:56.618001+00:00
1048,5071920324,4.74,0.1,sell,False,2022-09-30T19:15:51.569211+00:00
1049,5071919751,4.74,0.1,sell,False,2022-09-30T19:15:46.717445+00:00
1050,5071919614,4.74,0.1,sell,False,2022-09-30T19:15:42.770252+00:00
1051,5071919441,4.74,0.1,sell,False,2022-09-30T19:15:37.832219+00:00
1052,5071919072,4.74,0.1,sell,False,2022-09-30T19:15:33.557456+00:00
1053,5071918888,4.74,0.1,sell,False,2022-09-30T19:15:29.044717+00:00
1054,5071918650,4.74,0.1,sell,False,2022-09-30T19:15:24.193533+00:00
1055,5071918336,4.74,0.1,sell,False,2022-09-30T19:15:19.472840+00:00
1056,5071917467,4.74,0.1,sell,False,2022-09-30T19:15:14.817982+00:00
1057,5071917284,4.74,0.1,sell,False,2022-09-30T19:15:10.869866+00:00
1058,5071916969,4.74,0.1,sell,False,2022-09-30T19:15:05.650284+00:00
1059,5071916766,4.74,0.1,sell,False,2022-09-30T19:15:01.539922+00:00
1060,5071916692,4.74,0.1,sell,False,2022-09-30T19:15:00.273213+00:00
1061,5071916411,4.74,0.1,sell,False,2022-09-30T19:14:56.363573+00:00
1062,5071916288,4.74,0.1,sell,False,2022-09-30T19:14:52.109141+00:00
1063,5071916013,4.74,0.1,sell,False,2022-09-30T19:14:47.189874+00:00
1064,5071915822,4.74,0.1,sell,False,2022-09-30T19:14:42.382705+00:00
1065,5071915576,4.74,0.1,sell,False,2022-09-30T19:14:38.596525+00:00
1066,5071915324,4.74,0.1,sell,False,2022-09-30T19:14:33.747080+00:00
1067,5071915132,4.73,0.1,sell,False,2022-09-30T19:14:29.437564+00:00
1068,5071914724,4.73,0.1,sell,False,2022-09-30T19:14:24.801692+00:00
1069,5071914483,4.73,0.1,sell,False,2022-09-30T19:14:20.162405+00:00
1070,5071914063,4.73,0.1,sell,False,2022-09-30T19:14:15.665062+00:00
1071,5071913670,4.73,0.1,sell,False,2022-09-30T19:14:10.638062+00:00
1072,5071912766,4.73,0.1,sell,False,2022-09-30T19:14:06.293530+00:00
1073,5071912140,4.73,0.1,sell,False,2022-09-30T19:14:01.487575+00:00
1074,5071911552,4.73,0.1,sell,False,2022-09-30T19:13:57.307221+00:00
1075,5071911213,4.73,0.1,sell,False,2022-09-30T19:13:52.653653+00:00
1076,5071911098,4.73,0.1,sell,False,2022-09-30T19:13:50.717826+00:00
1077,5071910976,4.73,0.1,sell,False,2022-09-30T19:13:47.200151+00:00
1078,5071910756,4.73,0.1,sell,False,2022-09-30T19:13:42.889655+00:00
1079,5071910472,4.73,0.1,sell,False,2022-09-30T19:13:38.060792+00:00
1080,5071910261,4.73,0.1,sell,False,2022-09-30T19:13:33.556244+00:00
1081,5071910033,4.73,0.1,sell,False,2022-09-30T19:13:29.726194+00:00
1082,5071909770,4.73,0.1,sell,False,2022-09-30T19:13:24.957324+00:00
1083,5071909449,4.73,0.1,sell,False,2022-09-30T19:13:19.687261+00:00
1084,5071908820,4.73,0.1,sell,False,2022-09-30T19:13:15.349800+00:00
1085,5071907894,4.73,0.1,sell,False,2022-09-30T19:13:10.621000+00:00
1086,5071907746,4.73,0.1,sell,False,2022-09-30T19:13:06.229700+00:00
1087,5071907455,4.73,0.1,sell,False,2022-09-30T19:13:02.150352+00:00
1088,5071907243,4.73,0.1,sell,False,2022-09-30T19:12:57.489302+00:00
1089,5071906975,4.73,0.1,sell,False,2022-09-30T19:12:52.260150+00:00
1090,5071906726,4.74,0.1,sell,False,2022-09-30T19:12:47.592952+00:00
1091,5071906448,4.74,0.1,sell,False,2022-09-30T19:12:43.541165+00:00
1092,5071906386,4.74,0.1,sell,False,2022-09-30T19:12:41.726566+00:00
1093,5071906218,4.74,0.1,sell,False,2022-09-30T19:12:38.480904+00:00
1094,5071906000,4.74,0.1,sell,False,2022-09-30T19:12:33.906853+00:00
1095,5071905805,4.74,0.1,sell,False,2022-09-30T19:12:29.447972+00:00
1096,5071905344,4.74,0.1,sell,False,2022-09-30T19:12:24.504923+00:00
1097,5071904621,4.74,0.1,sell,False,2022-09-30T19:12:20.514014+00:00
1098,5071904364,4.74,0.1,sell,False,2022-09-30T19:12:15.371675+00:00
1099,5071904105,4.74,0.1,sell,False,2022-09-30T19:12:11.116146+00:00
1100,5071903454,4.74,0.1,sell,False,2022-09-30T19:12:06.075500+00:00
1101,5071903259,4.74,0.1,sell,False,2022-09-30T19:12:02.412009+00:00
1102,5071902978,4.74,0.1,sell,False,2022-09-30T19:11:57.200266+00:00
1103,5071902453,4.74,0.1,sell,False,2022-09-30T19:11:52.509840+00:00
1104,5071902239,4.74,0.1,sell,False,2022-09-30T19:11:48.050336+00:00
1105,5071902019,4.74,0.1,sell,False,2022-09-30T19:11:43.957524+00:00
1106,5071901878,4.74,0.1,sell,False,2022-09-30T19:11:39.423082+00:00
1107,5071901511,4.74,0.1,sell,False,2022-09-30T19:11:34.737995+00:00
1108,5071901322,4.74,0.1,sell,False,2022-09-30T19:11:32.129133+00:00
1109,5071901226,4.74,0.1,sell,False,2022-09-30T19:11:29.655998+00:00
1110,5071900986,4.74,0.1,sell,False,2022-09-30T19:11:25.639190+00:00
1111,5071900768,4.74,0.1,sell,False,2022-09-30T19:11:20.380923+00:00
1112,5071900563,4.74,0.1,sell,False,2022-09-30T19:11:15.691846+00:00
1113,5071900208,4.74,0.1,sell,False,2022-09-30T19:11:11.339679+00:00
1114,5071900001,4.74,0.1,sell,False,2022-09-30T19:11:06.563343+00:00
1115,5071899676,4.74,0.1,sell,False,2022-09-30T19:11:02.162724+00:00
1116,5071899415,4.74,0.1,sell,False,2022-09-30T19:10:57.703422+00:00
1117,5071899139,4.74,0.1,sell,False,2022-09-30T19:10:53.106636+00:00
1118,5071898946,4.74,0.1,sell,False,2022-09-30T19:10:47.845120+00:00
1119,5071898649,4.74,0.1,sell,False,2022-09-30T19:10:43.996884+00:00
1120,5071898477,4.74,0.1,sell,False,2022-09-30T19:10:39.507726+00:00
1121,5071898073,4.74,0.1,sell,False,2022-09-30T19:10:34.495192+00:00
1122,5071897408,4.74,0.1,sell,False,2022-09-30T19:10:30.222754+00:00
1123,5071897124,4.74,0.1,sell,False,2022-09-30T19:10:25.501514+00:00
1124,5071896888,4.74,0.1,sell,False,2022-09-30T19:10:23.665103+00:00
1125,5071896732,4.74,0.1,sell,False,2022-09-30T19:10:20.451336+00:00
1126,5071896467,4.74,0.1,sell,False,2022-09-30T19:10:16.631505+00:00
1127,5071895573,4.74,0.1,sell,False,2022-09-30T19:10:11.265840+00:00
1128,5071895305,4.74,0.1,sell,False,2022-09-30T19:10:06.681977+00:00
1129,5071895149,4.74,0.1,sell,False,2022-09-30T19:10:02.326187+00:00
1130,5071895002,4.74,0.1,sell,False,2022-09-30T19:09:57.671906+00:00
1131,5071894808,4.74,0.1,sell,False,2022-09-30T19:09:52.951742+00:00
1132,5071894664,4.74,0.1,sell,False,2022-09-30T19:09:48.405608+00:00
1133,5071894509,4.74,0.1,sell,False,2022-09-30T19:09:44.477903+00:00
1134,5071894329,4.74,0.1,sell,False,2022-09-30T19:09:39.202207+00:00
1135,5071894038,4.74,0.1,sell,False,2022-09-30T19:09:34.670320+00:00
1136,5071893843,4.74,0.1,sell,False,2022-09-30T19:09:29.767930+00:00
1137,5071893734,4.74,0.1,sell,False,2022-09-30T19:09:26.066627+00:00
1138,5071893340,4.74,0.1,sell,False,2022-09-30T19:09:20.806838+00:00
1139,5071893107,4.74,0.1,sell,False,2022-09-30T19:09:16.654323+00:00
1140,5071893002,4.74,0.1,sell,False,2022-09-30T19:09:14.128865+00:00
1141,5071892852,4.74,0.1,sell,False,2022-09-30T19:09:11.811495+00:00
1142,5071892534,4.74,0.1,sell,False,2022-09-30T19:09:07.675274+00:00
1143,5071892285,4.74,0.1,sell,False,2022-09-30T19:09:02.885437+00:00
1144,5071892043,4.74,0.1,sell,False,2022-09-30T19:08:58.391376+00:00
1145,5071891893,4.74,0.1,sell,False,2022-09-30T19:08:53.280644+00:00
1146,5071891655,4.74,0.1,sell,False,2022-09-30T19:08:48.782858+00:00
1147,5071891211,4.74,0.1,sell,False,2022-09-30T19:08:43.834132+00:00
1148,5071890844,4.74,0.1,sell,False,2022-09-30T19:08:39.123272+00:00
1149,5071890707,4.74,0.1,sell,False,2022-09-30T19:08:35.246141+00:00
1150,5071890498,4.74,0.1,sell,False,2022-09-30T19:08:30.618166+00:00
1151,5071890268,4.74,0.1,sell,False,2022-09-30T19:08:26.051116+00:00
1152,5071890017,4.74,0.1,sell,False,2022-09-30T19:08:20.860689+00:00
1153,5071889658,4.74,0.1,sell,False,2022-09-30T19:08:16.724323+00:00
1154,5071889454,4.74,0.1,sell,False,2022-09-30T19:08:11.917353+00:00
1155,5071889281,4.74,0.1,sell,False,2022-09-30T19:08:07.222106+00:00
1156,5071889148,4.74,0.1,sell,False,2022-09-30T19:08:04.939554+00:00
1157,5071888996,4.74,0.1,sell,False,2022-09-30T19:08:02.609354+00:00
1158,5071888842,4.74,0.1,sell,False,2022-09-30T19:07:58.154501+00:00
1159,5071888318,4.74,0.1,sell,False,2022-09-30T19:07:53.362342+00:00
1160,5071888114,4.71,0.1,sell,False,2022-09-30T19:07:48.620397+00:00
1161,5071887803,4.76,0.1,sell,False,2022-09-30T19:07:44.383914+00:00
1162,5071887574,4.76,0.1,sell,False,2022-09-30T19:07:40.074178+00:00
1163,5071887241,4.76,0.1,sell,False,2022-09-30T19:07:34.756592+00:00
1164,5071886992,4.76,0.1,sell,False,2022-09-30T19:07:30.775525+00:00
1165,5071886794,4.76,0.1,sell,False,2022-09-30T19:07:26.071479+00:00
1166,5071886531,4.76,0.1,sell,False,2022-09-30T19:07:21.877961+00:00
1167,5071886319,4.76,0.1,sell,False,2022-09-30T19:07:17.053167+00:00
1168,5071885981,4.76,0.1,sell,False,2022-09-30T19:07:12.228672+00:00
1169,5071885521,4.76,0.1,sell,False,2022-09-30T19:07:07.427150+00:00
1170,5071885291,4.76,0.1,sell,False,2022-09-30T19:07:03.441465+00:00
1171,5071884929,4.76,0.1,sell,False,2022-09-30T19:06:58.671401+00:00
1172,5071884781,4.76,0.1,sell,False,2022-09-30T19:06:55.801923+00:00
1173,5071884708,4.76,0.1,sell,False,2022-09-30T19:06:54.095698+00:00
1174,5071884444,4.76,0.1,sell,False,2022-09-30T19:06:48.829059+00:00
1175,5071884032,4.76,0.1,sell,False,2022-09-30T19:06:44.894669+00:00
1176,5071883678,4.76,0.1,sell,False,2022-09-30T19:06:40.526403+00:00
1177,5071883313,4.76,0.1,sell,False,2022-09-30T19:06:35.285654+00:00
1178,5071882916,4.76,0.1,sell,False,2022-09-30T19:06:31.385958+00:00
1179,5071882650,4.76,0.1,sell,False,2022-09-30T19:06:26.008844+00:00
1180,5071882252,4.76,0.1,sell,False,2022-09-30T19:06:21.323250+00:00
1181,5071882002,4.76,0.1,sell,False,2022-09-30T19:06:17.224078+00:00
1182,5071881529,4.76,0.1,sell,False,2022-09-30T19:06:12.709046+00:00
1183,5071880959,4.76,0.1,sell,False,2022-09-30T19:06:07.473245+00:00
1184,5071880736,4.76,0.1,sell,False,2022-09-30T19:06:02.867711+00:00
1185,5071880293,4.76,0.1,sell,False,2022-09-30T19:05:58.820485+00:00
1186,5071880062,4.76,0.1,sell,False,2022-09-30T19:05:54.505851+00:00
1187,5071879637,4.76,0.1,sell,False,2022-09-30T19:05:49.172117+00:00
1188,5071878929,4.76,0.1,sell,False,2022-09-30T19:05:45.873039+00:00
1189,5071878713,4.76,0.1,sell,False,2022-09-30T19:05:45.381432+00:00
1190,5071878438,4.76,0.1,sell,False,2022-09-30T19:05:40.629477+00:00
1191,5071877855,4.76,0.1,sell,False,2022-09-30T19:05:35.400516+00:00
1192,5071877651,4.76,0.1,sell,False,2022-09-30T19:05:31.553911+00:00
1193,5071877401,4.75,0.1,sell,False,2022-09-30T19:05:26.800321+00:00
1194,5071877076,4.76,0.1,sell,False,2022-09-30T19:05:21.515619+00:00
1195,5071876874,4.76,0.1,sell,False,2022-09-30T19:05:17.009033+00:00
1196,5071876555,4.76,0.1,sell,False,2022-09-30T19:05:12.870580+00:00
1197,5071876230,4.76,0.1,sell,False,2022-09-30T19:05:07.670734+00:00
1198,5071875930,4.76,0.1,sell,False,2022-09-30T19:05:03.489420+00:00
1199,5071875653,4.76,0.1,sell,False,2022-09-30T19:04:59.254051+00:00
1200,5071875333,4.76,0.1,sell,False,2022-09-30T19:04:54.798787+00:00
1201,5071875124,4.76,0.1,sell,False,2022-09-30T19:04:50.157152+00:00
1202,5071874814,4.76,0.1,sell,False,2022-09-30T19:04:45.167116+00:00
1203,5071874630,4.76,0.1,sell,False,2022-09-30T19:04:40.714544+00:00
1204,5071874344,4.76,0.1,sell,False,2022-09-30T19:04:36.814191+00:00
1205,5071874315,4.76,0.1,sell,False,2022-09-30T19:04:35.879886+00:00
1206,5071874141,4.75,0.1,sell,False,2022-09-30T19:04:31.461213+00:00
1207,5071873489,4.76,0.1,sell,False,2022-09-30T19:04:26.666464+00:00
1208,5071873106,4.76,0.1,sell,False,2022-09-30T19:04:21.919376+00:00
1209,5071872895,4.76,0.1,sell,False,2022-09-30T19:04:17.686676+00:00
1210,5071872697,4.76,0.1,sell,False,2022-09-30T19:04:13.052833+00:00
1211,5071872432,4.76,0.1,sell,False,2022-09-30T19:04:07.876589+00:00
1212,5071872229,4.76,0.1,sell,False,2022-09-30T19:04:04.200145+00:00
1213,5071871986,4.76,0.1,sell,False,2022-09-30T19:03:58.690851+00:00
1214,5071871565,4.76,0.1,sell,False,2022-09-30T19:03:54.263322+00:00
1215,5071871354,4.76,0.1,sell,False,2022-09-30T19:03:49.675642+00:00
1216,5071871116,4.76,0.1,sell,False,2022-09-30T19:03:45.503802+00:00
1217,5071870618,4.76,0.1,sell,False,2022-09-30T19:03:40.703058+00:00
1218,5071870233,4.76,0.1,sell,False,2022-09-30T19:03:35.846946+00:00
1219,5071869768,4.76,0.1,sell,False,2022-09-30T19:03:31.699484+00:00
1220,5071869547,4.76,0.1,sell,False,2022-09-30T19:03:27.948381+00:00
1221,5071869461,4.76,0.1,sell,False,2022-09-30T19:03:26.623313+00:00
1222,5071869234,4.76,0.1,sell,False,2022-09-30T19:03:22.551894+00:00
1223,5071868962,4.76,0.1,sell,False,2022-09-30T19:03:17.902481+00:00
1224,5071868540,4.76,0.1,sell,False,2022-09-30T19:03:13.154326+00:00
1225,5071868067,4.76,0.1,sell,False,2022-09-30T19:03:08.444975+00:00
1226,5071867522,4.76,0.1,sell,False,2022-09-30T19:03:03.783832+00:00
1227,5071866937,4.76,0.1,sell,False,2022-09-30T19:02:59.821945+00:00
1228,5071866598,4.76,0.1,sell,False,2022-09-30T19:02:54.502645+00:00
1229,5071866195,4.76,0.1,sell,False,2022-09-30T19:02:50.191004+00:00
1230,5071865735,4.76,0.1,sell,False,2022-09-30T19:02:45.582028+00:00
1231,5071865050,4.76,0.1,sell,False,2022-09-30T19:02:40.753678+00:00
1232,5071863909,4.76,0.1,sell,False,2022-09-30T19:02:36.791524+00:00
1233,5071862733,4.76,0.1,sell,False,2022-09-30T19:02:31.469178+00:00
1234,5071862402,4.76,0.1,sell,False,2022-09-30T19:02:27.420885+00:00
1235,5071862121,4.76,0.1,sell,False,2022-09-30T19:02:22.506563+00:00
1236,5071861747,4.76,0.1,sell,False,2022-09-30T19:02:19.045933+00:00
1237,5071861693,4.75,0.1,sell,False,2022-09-30T19:02:18.247656+00:00
1238,5071861019,4.75,0.1,sell,False,2022-09-30T19:02:13.472065+00:00
1239,5071860318,4.75,0.1,sell,False,2022-09-30T19:02:08.666428+00:00
1240,5071859278,4.75,0.1,sell,False,2022-09-30T19:02:04.469622+00:00
1241,5071858719,4.75,0.1,sell,False,2022-09-30T19:01:59.333344+00:00
1242,5071858324,4.75,0.1,sell,False,2022-09-30T19:01:54.787398+00:00
1243,5071857824,4.75,0.1,sell,False,2022-09-30T19:01:50.767426+00:00
1244,5071857474,4.75,0.1,sell,False,2022-09-30T19:01:46.116363+00:00
1245,5071857249,4.75,0.1,sell,False,2022-09-30T19:01:41.696294+00:00
1246,5071856982,4.75,0.1,sell,False,2022-09-30T19:01:36.229712+00:00
1247,5071856764,4.75,0.1,sell,False,2022-09-30T19:01:32.431861+00:00
1248,5071856196,4.75,0.1,sell,False,2022-09-30T19:01:27.697245+00:00
1249,5071855863,4.75,0.1,sell,False,2022-09-30T19:01:22.719791+00:00
1250,5071855448,4.75,0.1,sell,False,2022-09-30T19:01:18.467494+00:00
1251,5071854730,4.74,0.1,sell,False,2022-09-30T19:01:13.161454+00:00
1252,5071854181,4.74,0.1,sell,False,2022-09-30T19:01:09.609392+00:00
1253,5071854149,4.74,0.1,sell,False,2022-09-30T19:01:09.415557+00:00
1254,5071853755,4.74,0.1,sell,False,2022-09-30T19:01:04.685421+00:00
1255,5071853201,4.74,0.1,sell,False,2022-09-30T19:00:59.671406+00:00
1256,5071853017,4.74,0.1,sell,False,2022-09-30T19:00:55.523842+00:00
1257,5071852627,4.74,0.1,sell,False,2022-09-30T19:00:50.776012+00:00
1258,5071852177,4.74,0.1,sell,False,2022-09-30T19:00:46.119769+00:00
1259,5071851715,4.74,0.1,sell,False,2022-09-30T19:00:41.086744+00:00
1260,5071851281,4.74,0.1,sell,False,2022-09-30T19:00:36.358415+00:00
1261,5071851038,4.74,0.1,sell,False,2022-09-30T19:00:31.821312+00:00
1262,5071850652,4.74,0.1,sell,False,2022-09-30T19:00:27.753386+00:00
1263,5071850280,4.74,0.1,sell,False,2022-09-30T19:00:22.751076+00:00
1264,5071849727,4.74,0.1,sell,False,2022-09-30T19:00:18.459194+00:00
1265,5071849065,4.74,0.1,sell,False,2022-09-30T19:00:14.038516+00:00
1266,5071848738,4.74,0.1,sell,False,2022-09-30T19:00:09.670360+00:00
1267,5071848495,4.74,0.1,sell,False,2022-09-30T19:00:04.352381+00:00
1268,5071848217,4.74,0.1,sell,False,2022-09-30T19:00:00.390051+00:00
1269,5071848203,4.74,0.1,sell,False,2022-09-30T19:00:00.136492+00:00
1270,5064272058,4.775,62.8,buy,False,2022-09-29T16:51:20.255856+00:00
1271,5063168301,4.75,1.2,sell,False,2022-09-29T14:06:31.012088+00:00
1272,5056318241,4.935,73.1,buy,False,2022-09-28T14:03:19.085156+00:00
1273,5056318183,4.935,5.2,buy,False,2022-09-28T14:03:18.626410+00:00
1274,5056318159,4.935,5.2,buy,False,2022-09-28T14:03:18.516785+00:00
1275,5021773039,5.0275,0.7,sell,False,2022-09-23T16:28:27.238172+00:00
1276,5017971286,5.23,0.7,sell,False,2022-09-23T07:01:40.584589+00:00
1277,5017971285,5.23,0.9,sell,False,2022-09-23T07:01:40.584589+00:00
1278,5010344769,5.3925,0.1,sell,False,2022-09-22T07:02:29.471181+00:00
1279,5010344768,5.4075,0.9,sell,False,2022-09-22T07:02:29.471181+00:00
1280,5000871481,5.725,1.0,buy,False,2022-09-21T08:29:00.377063+00:00
1281,4986295656,5.7125,0.5,sell,False,2022-09-19T08:00:01.499350+00:00
1282,4951043719,5.9125,0.6,sell,False,2022-09-14T13:33:48.400812+00:00
1283,4946408918,5.9175,16.0,sell,False,2022-09-13T23:16:34.615922+00:00
1284,4935959557,6.2375,16.0,buy,False,2022-09-12T21:12:36.888880+00:00
1285,4932963529,6.075,1.3,buy,False,2022-09-12T13:30:46.704571+00:00
1286,4887081777,5.915,29.0,buy,False,2022-09-06T10:17:44.707220+00:00
1287,4864931229,5.6675,0.7,sell,False,2022-09-02T08:01:58.498417+00:00
1288,4860158198,5.765,0.6,sell,False,2022-09-01T13:56:03.826312+00:00
1289,4858635913,5.8475,0.8,sell,False,2022-09-01T08:34:18.633721+00:00
1290,4844710309,6.1725,1.9,buy,False,2022-08-30T11:33:21.280545+00:00
1291,4837882904,6.0425,0.9,sell,False,2022-08-29T08:57:45.997636+00:00
1292,4823709909,6.1025,0.9,sell,False,2022-08-26T19:41:06.429818+00:00
1293,4807052733,6.135,0.8,sell,False,2022-08-24T09:46:40.619991+00:00
1294,4791684676,6.2125,0.4,sell,False,2022-08-22T08:00:11.199625+00:00
1295,4772083801,6.47,0.7,sell,False,2022-08-19T14:52:45.658418+00:00
1296,4768871687,6.6625,29.0,sell,False,2022-08-19T08:00:05.575942+00:00
1297,4762329489,6.7525,0.5,sell,False,2022-08-18T16:14:21.257097+00:00
1298,4759921798,6.585,0.3,sell,False,2022-08-18T08:00:19.037455+00:00
1299,4740830883,6.8925,0.2,buy,False,2022-08-15T20:24:21.055171+00:00
1300,4704330278,6.9525,0.8,buy,False,2022-08-10T18:35:28.501078+00:00
1301,4695514097,6.63,0.6,sell,False,2022-08-09T16:21:28.650282+00:00
1302,4692002523,6.905,14.6,sell,False,2022-08-09T08:00:07.704313+00:00
1303,4687405985,7.0225,29.3,buy,False,2022-08-08T15:15:50.384650+00:00
1304,4687326678,6.9925,0.7,buy,False,2022-08-08T14:59:11.078979+00:00
1305,4669714963,6.5625,3.2,sell,False,2022-08-05T11:06:22.934463+00:00
1306,4669042040,6.4575,1.4,sell,False,2022-08-05T08:19:32.000532+00:00
1307,4669041626,6.5575,1.4,sell,False,2022-08-05T08:19:23.487873+00:00
1308,4664736333,6.655,0.5,buy,False,2022-08-04T16:39:38.739785+00:00
1309,4663586282,6.58,0.5,sell,False,2022-08-04T13:51:55.851286+00:00
1310,4662843713,6.5375,0.5,buy,False,2022-08-04T11:43:10.661756+00:00
1311,4616935401,6.085,1.0,buy,False,2022-07-29T15:02:14.598958+00:00
1312,4616935363,6.085,1.0,buy,False,2022-07-29T15:02:13.920428+00:00
1313,4601068691,5.9775,10.0,buy,False,2022-07-28T00:52:39.301419+00:00
1314,4601069322,5.9775,10.0,buy,False,2022-07-28T00:52:38.647877+00:00
1315,4601069283,5.9775,10.0,buy,False,2022-07-28T00:52:37.974612+00:00
1316,4601038883,5.9775,1.0,buy,False,2022-07-28T00:47:24.144161+00:00
1317,4601038811,5.9775,1.0,buy,False,2022-07-28T00:47:21.044096+00:00
1318,4601038713,5.9775,1.0,buy,False,2022-07-28T00:47:19.894100+00:00
1319,4601037436,5.9775,1.0,buy,False,2022-07-28T00:47:19.018806+00:00
1320,4601037432,5.9775,1.0,buy,False,2022-07-28T00:47:18.972716+00:00
1321,4594389091,5.835,1.0,buy,False,2022-07-27T06:58:40.839233+00:00
1322,4593922468,5.84,1.0,buy,False,2022-07-27T04:48:01.475263+00:00
1323,4593921282,5.84,1.0,buy,False,2022-07-27T04:48:00.574294+00:00
1324,4593920270,5.84,1.0,buy,False,2022-07-27T04:47:59.822818+00:00
1325,4593912556,5.835,1.7,buy,False,2022-07-27T04:43:46.618675+00:00
1326,4593911588,5.835,1.7,buy,False,2022-07-27T04:43:46.593249+00:00
1327,4593368765,5.7675,0.1,sell,False,2022-07-27T01:39:05.560013+00:00
1328,4593359516,5.815,0.1,buy,False,2022-07-27T01:35:50.561631+00:00
1329,4589329807,5.9675,1.6,buy,False,2022-07-26T10:45:06.467004+00:00
1330,4527505540,5.875,9.8,buy,False,2022-07-18T07:49:51.844330+00:00
1331,4443550830,5.61,1.0,sell,False,2022-07-06T00:20:59.333298+00:00
1332,4440490112,5.4925,1.0,buy,False,2022-07-05T14:28:55.710257+00:00
1333,4410809395,5.4025,1.2,buy,False,2022-06-30T20:03:28.355190+00:00
1334,4408562091,5.3525,18.5,sell,False,2022-06-30T13:39:50.718339+00:00
1335,4398078483,5.78,17.4,buy,False,2022-06-29T07:42:30.417619+00:00
1336,4341718634,5.37,11.5,buy,False,2022-06-21T17:06:03.914428+00:00
1337,4313822582,5.17,22.0,sell,True,2022-06-18T20:03:27.327570+00:00
1338,4267532655,5.2475,0.1,buy,False,2022-06-14T12:00:10.643043+00:00
1339,4264605122,5.1975,0.1,buy,False,2022-06-14T06:16:19.834505+00:00
1340,4264364965,5.19,0.1,buy,False,2022-06-14T05:53:32.304948+00:00
1341,4264310804,5.185,0.1,buy,False,2022-06-14T05:48:22.338977+00:00
1342,4263720819,5.18,0.1,buy,False,2022-06-14T05:13:25.822969+00:00
1343,4263002998,5.1725,0.1,buy,False,2022-06-14T04:04:09.981930+00:00
1344,4262974145,5.165,0.1,buy,False,2022-06-14T04:02:18.720568+00:00
1345,4258673500,5.155,0.1,sell,False,2022-06-13T22:00:03.489074+00:00
1346,4258604927,5.1675,0.1,sell,False,2022-06-13T21:49:26.984055+00:00
1347,4258341260,5.1875,0.1,sell,False,2022-06-13T21:00:17.280933+00:00
1348,4258341622,5.1775,0.1,sell,False,2022-06-13T21:00:15.400208+00:00
1349,4252138692,5.275,1.7,sell,False,2022-06-13T12:00:10.563848+00:00
1350,4242624757,5.525,0.1,sell,False,2022-06-12T23:16:08.880399+00:00
1351,4242527884,5.5675,0.1,sell,False,2022-06-12T23:00:28.464739+00:00
1352,4242527857,5.5625,0.1,sell,False,2022-06-12T23:00:27.510158+00:00
1353,4242527773,5.56,0.1,sell,False,2022-06-12T23:00:26.535167+00:00
1354,4242527727,5.5575,0.1,sell,False,2022-06-12T23:00:25.588246+00:00
1355,4242526959,5.555,0.1,sell,False,2022-06-12T23:00:24.582754+00:00
1356,4242526791,5.5525,0.1,sell,False,2022-06-12T23:00:22.910992+00:00
1357,4242526687,5.55,0.1,sell,False,2022-06-12T23:00:21.998802+00:00
1358,4242526629,5.5475,0.1,sell,False,2022-06-12T23:00:21.217794+00:00
1359,4242526488,5.545,0.1,sell,False,2022-06-12T23:00:19.890780+00:00
1360,4242526127,5.5425,0.1,sell,False,2022-06-12T23:00:18.962693+00:00
1361,4242526053,5.54,0.1,sell,False,2022-06-12T23:00:17.861743+00:00
1362,4242526286,5.535,0.1,sell,False,2022-06-12T23:00:17.038764+00:00
1363,4242525906,5.5325,0.1,sell,False,2022-06-12T23:00:15.986754+00:00
1364,4242525141,5.53,0.1,sell,False,2022-06-12T23:00:15.063166+00:00
1365,4242525053,5.5275,0.1,sell,False,2022-06-12T23:00:14.287369+00:00
1366,4225135421,5.5775,0.1,sell,False,2022-06-10T21:00:16.456456+00:00
1367,4221254824,5.8025,0.2,sell,False,2022-06-10T12:00:07.305970+00:00
1368,4217875538,5.815,0.1,sell,False,2022-06-09T22:14:42.502050+00:00
1369,4217659423,5.8475,0.1,sell,False,2022-06-09T21:00:11.214443+00:00
1370,4217658840,5.8325,0.1,sell,False,2022-06-09T21:00:10.364267+00:00
1371,4209927502,6.1275,1.0,sell,False,2022-06-08T13:36:36.069605+00:00
1372,4209460542,6.1075,1.0,buy,False,2022-06-08T12:00:12.573811+00:00
1373,4206209593,6.0875,0.1,buy,False,2022-06-07T23:58:19.510842+00:00
1374,4205794589,6.0675,0.1,buy,False,2022-06-07T23:00:17.466645+00:00
1375,4205794440,6.07,0.1,buy,False,2022-06-07T23:00:16.466685+00:00
1376,4205794117,6.0725,0.1,buy,False,2022-06-07T23:00:15.440285+00:00
1377,4205793999,6.075,0.1,buy,False,2022-06-07T23:00:14.466859+00:00
1378,4205793806,6.0775,0.1,buy,False,2022-06-07T23:00:12.721096+00:00
1379,4205792778,6.08,0.1,buy,False,2022-06-07T23:00:11.796368+00:00
1380,4205792514,6.0825,0.1,buy,False,2022-06-07T23:00:10.084469+00:00
1381,4205791235,6.085,0.1,buy,False,2022-06-07T23:00:08.711253+00:00
1382,4204899672,6.055,0.1,buy,False,2022-06-07T21:00:15.484563+00:00
1383,4204900723,6.07,0.1,buy,False,2022-06-07T21:00:14.934330+00:00
1384,4194893989,5.92,0.2,sell,False,2022-06-06T12:00:13.744693+00:00
1385,4194375658,5.98,0.1,buy,False,2022-06-06T10:03:45.191935+00:00
1386,4193110233,5.91,10.8,buy,False,2022-06-06T05:33:38.830120+00:00
1387,4181747482,5.8675,0.1,sell,False,2022-06-03T22:25:16.428773+00:00
1388,4181484305,5.8825,0.1,sell,False,2022-06-03T21:04:51.940051+00:00
1389,4181484300,5.8975,0.1,sell,False,2022-06-03T21:04:51.385728+00:00
1390,4181484299,5.91,0.1,sell,False,2022-06-03T21:04:51.385728+00:00
1391,4177570963,6.1075,0.1,sell,False,2022-06-03T08:00:56.339122+00:00
1392,4177570945,6.1125,0.1,sell,False,2022-06-03T08:00:55.809566+00:00
1393,4177570944,6.1175,0.1,sell,False,2022-06-03T08:00:55.809566+00:00
1394,4177570943,6.12,0.1,sell,False,2022-06-03T08:00:55.809566+00:00
1395,4177570942,6.125,0.1,sell,False,2022-06-03T08:00:55.809566+00:00
1396,4177570941,6.13,0.1,sell,False,2022-06-03T08:00:55.809566+00:00
1397,4177570940,6.135,0.1,sell,False,2022-06-03T08:00:55.809566+00:00
1398,4177570939,6.1375,0.1,sell,False,2022-06-03T08:00:55.809566+00:00
1399,4175902976,6.1475,0.1,buy,False,2022-06-02T23:50:56.937451+00:00
1400,4175848938,6.1275,0.1,buy,False,2022-06-02T23:34:49.309174+00:00
1401,4175849885,6.13,0.1,buy,False,2022-06-02T23:34:47.384868+00:00
1402,4175849871,6.135,0.1,buy,False,2022-06-02T23:34:46.559870+00:00
1403,4175848861,6.1375,0.1,buy,False,2022-06-02T23:34:44.935021+00:00
1404,4175848850,6.14,0.1,buy,False,2022-06-02T23:34:44.135058+00:00
1405,4175849775,6.145,0.1,buy,False,2022-06-02T23:34:42.355725+00:00
1406,4175255695,6.085,0.1,buy,False,2022-06-02T21:00:05.945048+00:00
1407,4175257037,6.11,0.1,buy,False,2022-06-02T21:00:04.993023+00:00
1408,4171251716,5.755,0.1,buy,False,2022-06-02T08:00:06.356016+00:00
1409,4171251715,5.75,0.1,buy,False,2022-06-02T08:00:06.356016+00:00
1410,4171251714,5.7425,0.1,buy,False,2022-06-02T08:00:06.356016+00:00
1411,4171251713,5.74,0.1,buy,False,2022-06-02T08:00:06.356016+00:00
1412,4170530704,5.72,0.1,sell,False,2022-06-02T05:38:18.213026+00:00
1413,4170446998,5.7225,0.1,sell,False,2022-06-02T05:16:40.549347+00:00
1414,4168328508,5.755,0.1,sell,False,2022-06-01T22:00:02.010416+00:00
1415,4168105747,5.805,0.1,sell,False,2022-06-01T21:00:14.962890+00:00
1416,4168103107,5.78,0.1,sell,False,2022-06-01T21:00:08.319853+00:00
1417,4162280684,6.065,0.1,buy,False,2022-06-01T08:00:03.950687+00:00
1418,4162280683,6.0625,0.1,buy,False,2022-06-01T08:00:03.950687+00:00
1419,4159959279,6.0575,24.6,sell,False,2022-06-01T00:20:58.519503+00:00
1420,4159129370,6.085,0.1,sell,False,2022-05-31T21:00:11.453282+00:00
1421,4154550713,6.5975,0.1,buy,False,2022-05-31T08:35:15.394261+00:00
1422,4154550643,6.5925,0.1,buy,False,2022-05-31T08:35:13.770935+00:00
1423,4154549408,6.59,0.1,buy,False,2022-05-31T08:35:13.144207+00:00
1424,4154549334,6.58,0.1,buy,False,2022-05-31T08:35:10.966385+00:00
1425,4154550538,6.575,0.1,buy,False,2022-05-31T08:35:10.321433+00:00
1426,4154550529,6.57,0.1,buy,False,2022-05-31T08:35:09.209194+00:00
1427,4154550516,6.5675,0.1,buy,False,2022-05-31T08:35:08.658669+00:00
1428,4152384806,6.555,0.1,sell,False,2022-05-31T02:00:11.834116+00:00
1429,4152384742,6.5475,0.1,sell,False,2022-05-31T02:00:11.055153+00:00
1430,4152384533,6.5375,0.1,sell,False,2022-05-31T02:00:09.416019+00:00
1431,4152383846,6.53,0.1,sell,False,2022-05-31T02:00:08.435992+00:00
1432,4150457671,6.6075,0.1,sell,False,2022-05-30T21:00:12.174079+00:00
1433,4150456975,6.6,0.1,sell,False,2022-05-30T21:00:11.470301+00:00
1434,4150456702,6.59,0.1,sell,False,2022-05-30T21:00:10.271168+00:00
1435,4150456270,6.5825,0.1,sell,False,2022-05-30T21:00:09.520675+00:00
1436,4147558995,6.705,0.5,buy,False,2022-05-30T12:00:07.544747+00:00
