,id,price,size,side,liquidation,time
0,5398959027,18.81,0.07,buy,False,2022-11-10T04:54:43.832689+00:00
1,5398733075,14.0,50.0,buy,False,2022-11-10T04:09:03.115376+00:00
2,5398733074,13.96,6.71,buy,False,2022-11-10T04:09:03.115376+00:00
3,5398733073,13.49,19.42,buy,False,2022-11-10T04:09:03.115376+00:00
4,5398733072,13.235,19.8,buy,False,2022-11-10T04:09:03.115376+00:00
5,5397999790,12.88,20.36,buy,False,2022-11-10T02:17:26.647791+00:00
6,5397997834,12.8,50.0,buy,False,2022-11-10T02:17:06.419727+00:00
7,5397997239,12.795,20.34,buy,False,2022-11-10T02:16:56.642831+00:00
8,5395384352,12.875,2.11,buy,False,2022-11-09T22:07:57.850731+00:00
9,5392220792,11.51,4.43,sell,False,2022-11-09T18:27:51.811434+00:00
10,5391726869,11.565,0.34,sell,False,2022-11-09T17:58:25.776783+00:00
11,5384659389,12.35,25.0,sell,False,2022-11-09T09:55:50.310771+00:00
12,5376613352,12.335,11.55,sell,False,2022-11-08T23:03:48.637823+00:00
13,5373781978,12.3,1.99,buy,False,2022-11-08T20:13:18.224045+00:00
14,5372374220,12.195,0.01,sell,False,2022-11-08T19:33:12.041324+00:00
15,5372319561,12.345,0.15,buy,False,2022-11-08T19:32:35.408785+00:00
16,5372255833,12.38,10.07,buy,False,2022-11-08T19:31:40.063112+00:00
17,5372101440,12.24,13.21,sell,False,2022-11-08T19:29:32.753299+00:00
18,5369546265,12.535,21.39,sell,False,2022-11-08T18:19:43.686566+00:00
19,5369546264,12.54,22.45,sell,False,2022-11-08T18:19:43.686566+00:00
20,5368315211,12.65,1.68,sell,True,2022-11-08T17:53:18.198931+00:00
21,5367940787,12.745,6.0,sell,False,2022-11-08T17:38:06.223438+00:00
22,5367644228,12.81,5.38,sell,False,2022-11-08T17:27:08.529263+00:00
23,5366581078,12.72,38.42,sell,False,2022-11-08T16:46:52.747195+00:00
24,5366490172,12.675,379.91,buy,False,2022-11-08T16:43:05.841077+00:00
25,5366468135,12.675,561.25,buy,False,2022-11-08T16:42:29.084834+00:00
26,5366454944,12.675,443.41,buy,False,2022-11-08T16:41:55.019371+00:00
27,5366442149,12.675,362.47,buy,False,2022-11-08T16:41:24.041987+00:00
28,5366425019,12.675,422.29,buy,False,2022-11-08T16:40:41.757921+00:00
29,5366424828,12.675,432.16,buy,False,2022-11-08T16:40:41.208003+00:00
30,5366414726,12.675,185.8,buy,False,2022-11-08T16:40:18.144059+00:00
31,5366413080,12.675,13.6,buy,False,2022-11-08T16:40:14.447165+00:00
32,5366412316,12.675,13.04,buy,False,2022-11-08T16:40:13.214186+00:00
33,5366404656,12.675,144.5,sell,False,2022-11-08T16:39:54.465244+00:00
34,5364761853,12.465,1.36,buy,False,2022-11-08T16:00:03.123059+00:00
35,5364761731,12.465,11.44,buy,False,2022-11-08T16:00:02.585152+00:00
36,5364761622,12.465,9.56,buy,False,2022-11-08T16:00:02.047992+00:00
37,5364761490,12.465,10.8,buy,False,2022-11-08T16:00:01.505740+00:00
38,5364761336,12.465,10.67,buy,False,2022-11-08T16:00:00.968993+00:00
39,5362287798,11.855,6.0,buy,False,2022-11-08T13:05:50.083129+00:00
40,5361569371,11.74,6.0,sell,False,2022-11-08T11:34:17.748258+00:00
41,5361055215,11.84,6.0,buy,False,2022-11-08T10:44:12.965811+00:00
42,5361024862,11.765,8.0,sell,False,2022-11-08T10:40:28.660825+00:00
43,5361019545,11.845,2.0,buy,False,2022-11-08T10:39:40.544871+00:00
44,5361015504,12.035,0.68,buy,False,2022-11-08T10:38:53.914840+00:00
45,5361015503,12.03,5.32,buy,False,2022-11-08T10:38:53.914840+00:00
46,5355233710,11.75,1.8,sell,True,2022-11-08T04:10:17.366015+00:00
47,5348705712,11.615,8.0,sell,False,2022-11-07T18:14:24.162992+00:00
48,5348619066,11.705,8.0,buy,False,2022-11-07T18:01:45.636672+00:00
49,5348559835,11.67,2.02,buy,False,2022-11-07T17:51:53.378897+00:00
50,5348475520,11.74,3.48,sell,False,2022-11-07T17:37:09.786195+00:00
51,5347242975,11.115,8.0,sell,False,2022-11-07T15:28:37.220730+00:00
52,5346904067,11.11,8.0,buy,False,2022-11-07T14:57:07.813956+00:00
53,5346830352,10.94,3.31,sell,False,2022-11-07T14:49:20.148781+00:00
54,5346827284,10.995,1.55,sell,False,2022-11-07T14:49:00.733699+00:00
55,5346827283,10.995,1.55,sell,False,2022-11-07T14:49:00.733699+00:00
56,5346805144,11.02,10.0,buy,False,2022-11-07T14:46:35.058799+00:00
57,5346804100,11.02,1.55,sell,False,2022-11-07T14:46:28.309211+00:00
58,5346705016,11.125,1.58,sell,False,2022-11-07T14:37:26.896680+00:00
59,5346682159,11.225,1.79,sell,False,2022-11-07T14:36:16.959713+00:00
60,5346635806,11.28,1.21,sell,False,2022-11-07T14:33:26.525194+00:00
61,5333333651,11.28,0.79,sell,False,2022-11-06T09:31:04.703208+00:00
62,5324349794,11.585,3.01,buy,False,2022-11-05T09:47:32.288142+00:00
63,5324029683,11.585,0.1,buy,False,2022-11-05T08:55:40.663245+00:00
64,5319814955,12.14,8.86,buy,False,2022-11-04T22:57:38.561384+00:00
65,5319405876,11.29,1.24,sell,False,2022-11-04T21:48:06.946677+00:00
66,5319405875,11.7,0.86,sell,False,2022-11-04T21:48:06.946677+00:00
67,5319112734,11.935,2.0,buy,False,2022-11-04T20:54:11.609744+00:00
68,5319068494,11.935,0.84,buy,False,2022-11-04T20:49:17.458400+00:00
69,5319055083,11.935,0.1,buy,False,2022-11-04T20:47:36.345480+00:00
70,5318616677,11.4,6.03,sell,False,2022-11-04T19:49:58.579360+00:00
71,5318616515,11.4,12.8,sell,False,2022-11-04T19:49:58.040199+00:00
72,5318616463,11.4,13.6,sell,False,2022-11-04T19:49:57.505988+00:00
73,5318616411,11.4,11.42,sell,False,2022-11-04T19:49:56.947805+00:00
74,5318567713,11.405,4.2,sell,False,2022-11-04T19:44:18.771742+00:00
75,5317844665,11.315,2.0,buy,False,2022-11-04T18:13:44.669332+00:00
76,5317842630,11.3,8.0,buy,False,2022-11-04T18:13:15.684480+00:00
77,5317791983,11.41,43.82,sell,False,2022-11-04T18:05:22.254847+00:00
78,5317405584,11.245,1.47,sell,False,2022-11-04T17:09:54.688379+00:00
79,5317405583,11.245,1.47,sell,False,2022-11-04T17:09:54.688379+00:00
80,5317403611,11.27,1.47,sell,False,2022-11-04T17:09:45.874474+00:00
81,5317327241,11.345,30.0,buy,False,2022-11-04T17:02:13.344247+00:00
82,5317292807,11.395,1.5,sell,False,2022-11-04T16:57:50.313016+00:00
83,5317174682,11.5,9.99,sell,False,2022-11-04T16:41:49.072425+00:00
84,5317174622,11.5,10.01,sell,False,2022-11-04T16:41:48.531756+00:00
85,5316736828,11.465,0.47,sell,False,2022-11-04T16:05:02.841102+00:00
86,5316731817,11.49,1.4,sell,False,2022-11-04T16:04:50.173889+00:00
87,5316731816,11.49,1.4,sell,False,2022-11-04T16:04:50.173889+00:00
88,5316730250,11.515,1.4,sell,False,2022-11-04T16:04:44.253571+00:00
89,5316724641,11.53,0.94,buy,False,2022-11-04T16:04:27.233456+00:00
90,5316718219,11.55,3.0,sell,False,2022-11-04T16:04:11.869547+00:00
91,5315984288,11.65,1.42,sell,False,2022-11-04T15:09:29.798308+00:00
92,5315978859,11.725,1.33,sell,False,2022-11-04T15:09:16.916387+00:00
93,5315978858,11.725,1.33,sell,False,2022-11-04T15:09:16.916387+00:00
94,5315978253,11.75,1.33,sell,False,2022-11-04T15:09:15.248983+00:00
95,5315954036,11.905,1.35,sell,False,2022-11-04T15:07:20.350472+00:00
96,5315942820,11.935,1.45,sell,False,2022-11-04T15:06:23.440618+00:00
97,5315929950,11.955,1.27,sell,False,2022-11-04T15:05:09.931006+00:00
98,5315929949,11.955,1.27,sell,False,2022-11-04T15:05:09.931006+00:00
99,5315830393,11.98,1.27,sell,False,2022-11-04T14:55:22.111187+00:00
100,5315583974,12.115,0.34,sell,False,2022-11-04T14:36:52.422339+00:00
101,5315582033,12.145,1.29,sell,False,2022-11-04T14:36:42.559352+00:00
102,5315573736,12.175,1.21,sell,False,2022-11-04T14:36:00.820056+00:00
103,5315573735,12.175,1.21,sell,False,2022-11-04T14:36:00.820056+00:00
104,5315402800,12.295,6.88,sell,False,2022-11-04T14:25:49.020783+00:00
105,5315246980,12.295,31.55,buy,False,2022-11-04T14:21:20.271963+00:00
106,5315183961,12.305,0.4,buy,False,2022-11-04T14:17:06.132778+00:00
107,5315041027,12.2,1.21,sell,False,2022-11-04T14:11:29.633039+00:00
108,5315037456,12.255,6.87,sell,False,2022-11-04T14:11:05.641047+00:00
109,5315037455,12.26,23.51,sell,False,2022-11-04T14:11:05.641047+00:00
110,5314810888,12.39,1.16,sell,False,2022-11-04T13:48:35.837955+00:00
111,5314810887,12.39,1.16,sell,False,2022-11-04T13:48:35.837955+00:00
112,5314809667,12.42,1.15,sell,False,2022-11-04T13:48:26.437351+00:00
113,5314806450,12.5,10.58,sell,False,2022-11-04T13:47:58.014277+00:00
114,5314805833,12.5,9.42,sell,False,2022-11-04T13:47:52.138655+00:00
115,5314780237,12.6,1.1,sell,False,2022-11-04T13:45:22.716394+00:00
116,5314780236,12.6,1.1,sell,False,2022-11-04T13:45:22.716394+00:00
117,5314771793,12.63,1.1,sell,False,2022-11-04T13:44:59.789796+00:00
118,5314759299,12.705,0.65,sell,False,2022-11-04T13:44:03.539727+00:00
119,5314729512,12.72,6.1,sell,False,2022-11-04T13:41:17.723863+00:00
120,5314725063,12.77,0.25,sell,False,2022-11-04T13:40:55.023304+00:00
121,5314716968,12.805,1.05,sell,False,2022-11-04T13:40:07.534732+00:00
122,5314716967,12.805,1.05,sell,False,2022-11-04T13:40:07.534732+00:00
123,5314702407,12.83,1.05,sell,False,2022-11-04T13:38:22.329232+00:00
124,5314696416,12.905,6.1,buy,False,2022-11-04T13:37:52.660281+00:00
125,5314692877,13.0,18.9,sell,False,2022-11-04T13:37:34.273433+00:00
126,5314692802,13.0,11.1,sell,False,2022-11-04T13:37:33.734612+00:00
127,5314692801,13.0,1.01,sell,False,2022-11-04T13:37:33.734612+00:00
128,5314692800,13.0,1.01,sell,False,2022-11-04T13:37:33.734612+00:00
129,5314692447,13.055,0.8,buy,False,2022-11-04T13:37:31.874790+00:00
130,5314692433,13.03,1.01,sell,False,2022-11-04T13:37:31.723391+00:00
131,5314655868,13.19,0.97,sell,False,2022-11-04T13:34:05.485454+00:00
132,5314655867,13.19,0.97,sell,False,2022-11-04T13:34:05.485454+00:00
133,5314298608,13.22,0.96,sell,False,2022-11-04T13:06:02.452370+00:00
134,5314294335,13.295,0.3,sell,False,2022-11-04T13:05:50.442363+00:00
135,5313736424,13.38,0.92,sell,False,2022-11-04T12:34:26.705971+00:00
136,5313736423,13.38,0.92,sell,False,2022-11-04T12:34:26.705971+00:00
137,5313412372,13.41,0.92,sell,False,2022-11-04T12:16:48.273678+00:00
138,5313412133,13.43,0.18,sell,False,2022-11-04T12:16:45.980416+00:00
139,5313253150,13.74,0.22,buy,False,2022-11-04T12:02:16.629397+00:00
140,5313093557,13.56,0.89,sell,False,2022-11-04T11:41:26.308284+00:00
141,5313093556,13.56,0.89,sell,False,2022-11-04T11:41:26.308284+00:00
142,5313092841,13.59,0.88,sell,False,2022-11-04T11:41:21.145218+00:00
143,5313066901,13.735,0.85,sell,False,2022-11-04T11:37:59.532755+00:00
144,5313066900,13.735,0.85,sell,False,2022-11-04T11:37:59.532755+00:00
145,5313066664,13.765,0.85,sell,False,2022-11-04T11:37:57.221676+00:00
146,5313065083,13.905,0.81,sell,False,2022-11-04T11:37:40.138530+00:00
147,5313065082,13.905,0.81,sell,False,2022-11-04T11:37:40.138530+00:00
148,5313064532,13.935,0.81,sell,False,2022-11-04T11:37:36.050463+00:00
149,5313044712,14.07,0.78,sell,False,2022-11-04T11:35:06.310886+00:00
150,5313044711,14.07,0.78,sell,False,2022-11-04T11:35:06.310886+00:00
151,5313043338,14.095,0.14,sell,False,2022-11-04T11:34:53.439047+00:00
152,5313043284,14.1,0.78,sell,False,2022-11-04T11:34:52.904815+00:00
153,5312956162,14.23,0.75,sell,False,2022-11-04T11:23:52.820754+00:00
154,5312956161,14.23,0.75,sell,False,2022-11-04T11:23:52.820754+00:00
155,5312954975,14.265,0.75,sell,False,2022-11-04T11:23:43.039753+00:00
156,5312953625,14.385,0.72,sell,False,2022-11-04T11:23:33.436040+00:00
157,5312953624,14.385,0.72,sell,False,2022-11-04T11:23:33.436040+00:00
158,5312953463,14.42,0.72,sell,False,2022-11-04T11:23:32.019358+00:00
159,5312941239,14.535,0.69,sell,False,2022-11-04T11:21:47.783395+00:00
160,5312941238,14.535,0.69,sell,False,2022-11-04T11:21:47.783395+00:00
161,5312940981,14.57,0.69,sell,False,2022-11-04T11:21:44.982604+00:00
162,5312938009,14.68,0.68,buy,False,2022-11-04T11:21:21.741122+00:00
163,5312937936,14.68,0.68,buy,False,2022-11-04T11:21:21.283763+00:00
164,5312925691,14.72,0.68,sell,False,2022-11-04T11:20:00.811209+00:00
165,5312895032,14.485,0.1,buy,False,2022-11-04T11:16:55.244316+00:00
166,5312895031,14.485,0.63,buy,False,2022-11-04T11:16:55.244316+00:00
167,5312890089,14.77,0.1,sell,False,2022-11-04T11:16:26.138393+00:00
168,5312755633,16.235,0.63,sell,False,2022-11-04T11:01:36.085338+00:00
169,5312749034,16.4,3.17,buy,False,2022-11-04T11:01:01.758806+00:00
170,5303932350,15.92,0.63,buy,False,2022-11-03T14:58:17.164555+00:00
171,5303245992,15.28,0.72,sell,False,2022-11-03T13:45:33.987790+00:00
172,5303160941,15.45,0.08,sell,False,2022-11-03T13:36:40.342925+00:00
173,5303160841,15.455,0.69,sell,False,2022-11-03T13:36:39.812097+00:00
174,5302719901,15.625,0.66,sell,False,2022-11-03T12:41:13.217643+00:00
175,5302599426,15.79,0.64,sell,False,2022-11-03T12:28:00.750306+00:00
176,5299399322,16.02,0.62,buy,False,2022-11-03T04:18:16.426709+00:00
177,5296147419,15.945,0.63,buy,False,2022-11-02T20:07:40.376315+00:00
178,5295556972,16.135,0.06,sell,False,2022-11-02T19:25:05.413901+00:00
179,5292421390,16.865,11.41,buy,False,2022-11-02T15:20:20.508979+00:00
180,5289787694,16.78,10.89,sell,False,2022-11-02T08:09:20.222408+00:00
181,5289735745,16.83,0.04,sell,False,2022-11-02T08:00:01.810557+00:00
182,5285859358,17.475,0.52,sell,False,2022-11-01T21:22:32.167122+00:00
183,5285859357,17.535,0.06,sell,False,2022-11-01T21:22:32.167122+00:00
184,5285855920,17.32,0.07,buy,False,2022-11-01T21:21:33.795542+00:00
185,5283175425,16.56,0.07,sell,False,2022-11-01T13:30:30.268465+00:00
186,5283171641,16.24,0.07,buy,False,2022-11-01T13:30:05.050366+00:00
187,5279704495,16.065,1.27,buy,False,2022-11-01T04:36:47.559160+00:00
188,5279704494,16.06,0.73,buy,False,2022-11-01T04:36:47.559160+00:00
189,5275161509,15.595,0.73,sell,False,2022-10-31T16:16:55.087659+00:00
190,5274654609,15.585,0.66,sell,False,2022-10-31T15:23:08.859325+00:00
191,5274270916,15.52,0.07,buy,False,2022-10-31T14:45:35.179199+00:00
192,5274267606,15.44,0.07,buy,False,2022-10-31T14:45:20.992253+00:00
193,5273019129,15.245,1.63,buy,False,2022-10-31T13:31:15.425535+00:00
194,5260747309,15.245,0.66,buy,False,2022-10-30T06:05:17.487001+00:00
195,5235721904,14.76,1.23,buy,False,2022-10-27T14:13:25.757551+00:00
196,5235721548,14.76,13.9,buy,False,2022-10-27T14:13:25.223753+00:00
197,5229665933,14.565,1.74,sell,False,2022-10-26T23:11:38.933751+00:00
198,5225225439,14.755,0.07,buy,False,2022-10-26T13:50:45.493076+00:00
199,5225218883,14.7,0.82,buy,False,2022-10-26T13:50:06.639765+00:00
200,5225217993,14.65,12.72,buy,False,2022-10-26T13:50:00.745315+00:00
201,5225067106,14.375,1.87,buy,False,2022-10-26T13:37:58.925226+00:00
202,5225067033,14.375,11.84,buy,False,2022-10-26T13:37:58.255221+00:00
203,5225058555,14.325,1.43,buy,False,2022-10-26T13:37:31.897095+00:00
204,5225058420,14.325,11.26,buy,False,2022-10-26T13:37:31.364526+00:00
205,5216173420,12.31,4.07,sell,False,2022-10-25T17:04:12.665167+00:00
206,5216173419,12.345,1.13,sell,False,2022-10-25T17:04:12.665167+00:00
207,5216173129,12.345,0.1,sell,False,2022-10-25T17:04:12.015237+00:00
208,5216173128,12.385,0.86,sell,False,2022-10-25T17:04:12.015237+00:00
209,5216156054,12.565,6.66,sell,False,2022-10-25T17:03:42.063605+00:00
210,5216155843,12.565,4.47,sell,False,2022-10-25T17:03:41.894001+00:00
211,5214878460,13.94,0.32,sell,False,2022-10-25T15:33:52.493582+00:00
212,5214878456,13.94,1.5,sell,False,2022-10-25T15:33:52.430440+00:00
213,5214878442,13.94,2.23,sell,False,2022-10-25T15:33:52.166082+00:00
214,5214876131,13.92,1.74,buy,False,2022-10-25T15:33:37.437993+00:00
215,5208425435,12.74,1.57,buy,False,2022-10-24T15:02:13.440577+00:00
216,5208115192,12.54,0.8,sell,False,2022-10-24T14:23:25.278463+00:00
217,5207926569,12.655,6.19,sell,False,2022-10-24T14:08:27.650928+00:00
218,5207926315,12.655,2.71,sell,False,2022-10-24T14:08:27.296977+00:00
219,5207926314,12.655,5.98,sell,False,2022-10-24T14:08:27.296977+00:00
220,5207926313,12.655,1.29,sell,False,2022-10-24T14:08:27.296977+00:00
221,5207926312,12.655,6.95,sell,False,2022-10-24T14:08:27.296977+00:00
222,5207924599,12.665,0.79,buy,False,2022-10-24T14:08:11.344672+00:00
223,5189790041,13.09,44.99,sell,False,2022-10-21T11:55:03.875165+00:00
224,5181803381,13.165,2.64,buy,False,2022-10-20T04:49:29.541468+00:00
225,5181803380,13.16,0.49,buy,False,2022-10-20T04:49:29.541468+00:00
226,5179413570,12.385,0.37,sell,False,2022-10-19T20:12:48.460045+00:00
227,5154270092,12.43,0.49,sell,False,2022-10-15T07:33:40.511513+00:00
228,5150839829,12.45,0.8,buy,False,2022-10-14T18:17:44.545121+00:00
229,5150775672,12.5,10.0,sell,False,2022-10-14T18:06:31.876694+00:00
230,5150553992,12.535,1.18,sell,False,2022-10-14T17:21:19.791290+00:00
231,5140758245,12.905,0.43,buy,False,2022-10-13T13:45:23.151572+00:00
232,5140615886,12.575,1.17,sell,False,2022-10-13T13:33:48.172289+00:00
233,5140612412,12.615,1.17,sell,False,2022-10-13T13:33:29.247484+00:00
234,5140611455,12.635,0.22,sell,False,2022-10-13T13:33:24.921624+00:00
235,5140412558,12.72,0.53,sell,False,2022-10-13T13:15:16.137385+00:00
236,5136618548,13.09,0.43,sell,False,2022-10-13T06:39:56.815133+00:00
237,5132777707,13.0,10.0,sell,False,2022-10-12T13:58:14.015109+00:00
238,5132726841,13.21,0.57,buy,False,2022-10-12T13:47:16.008302+00:00
239,5127728758,14.38,13.72,buy,False,2022-10-11T16:45:25.571896+00:00
240,5127617578,13.915,0.43,sell,False,2022-10-11T16:21:41.373416+00:00
241,5127451373,13.68,0.73,buy,False,2022-10-11T15:47:21.664170+00:00
242,5127305662,13.4,0.22,buy,False,2022-10-11T15:18:09.377214+00:00
243,5127252659,13.2,10.0,sell,False,2022-10-11T15:06:38.449645+00:00
244,5127148249,13.0,10.0,sell,False,2022-10-11T14:45:52.387700+00:00
245,5127055824,12.99,0.31,buy,False,2022-10-11T14:29:54.724024+00:00
246,5127022516,12.89,0.78,buy,False,2022-10-11T14:22:37.587860+00:00
247,5126915690,12.69,6.31,sell,False,2022-10-11T14:07:59.758521+00:00
248,5126893535,12.755,1.12,sell,False,2022-10-11T14:05:38.186371+00:00
249,5126843330,12.795,1.12,sell,False,2022-10-11T14:01:23.370729+00:00
250,5126836155,12.835,1.18,sell,False,2022-10-11T14:01:07.752181+00:00
251,5126835486,12.84,1.12,sell,False,2022-10-11T14:01:06.454858+00:00
252,5126830770,12.97,1.07,sell,False,2022-10-11T14:00:50.351930+00:00
253,5126780858,13.01,1.07,sell,False,2022-10-11T13:58:43.734174+00:00
254,5126772175,13.055,1.07,sell,False,2022-10-11T13:57:30.819062+00:00
255,5126765113,13.075,1.13,sell,False,2022-10-11T13:56:17.993409+00:00
256,5126732452,13.18,1.02,sell,False,2022-10-11T13:49:07.430867+00:00
257,5126727228,13.22,1.02,sell,False,2022-10-11T13:48:07.690185+00:00
258,5126703872,13.265,1.02,sell,False,2022-10-11T13:45:04.626107+00:00
259,5126698860,13.285,0.17,sell,False,2022-10-11T13:43:57.096052+00:00
260,5126697634,13.305,1.08,sell,False,2022-10-11T13:43:40.745180+00:00
261,5126690562,13.385,0.98,sell,False,2022-10-11T13:42:20.617689+00:00
262,5126675108,13.425,0.98,sell,False,2022-10-11T13:39:45.516109+00:00
263,5126674870,13.455,0.76,buy,False,2022-10-11T13:39:42.951078+00:00
264,5126671246,13.455,6.18,sell,False,2022-10-11T13:38:56.169419+00:00
265,5126671045,13.455,1.63,sell,False,2022-10-11T13:38:55.738790+00:00
266,5126671044,13.47,0.97,sell,False,2022-10-11T13:38:55.738790+00:00
267,5126669649,13.53,1.03,sell,False,2022-10-11T13:38:36.040258+00:00
268,5126662508,13.58,0.94,sell,False,2022-10-11T13:37:25.918738+00:00
269,5126650288,13.625,0.93,sell,False,2022-10-11T13:35:53.591416+00:00
270,5126625836,13.665,6.25,sell,False,2022-10-11T13:33:50.819292+00:00
271,5126625835,13.67,0.93,sell,False,2022-10-11T13:33:50.819292+00:00
272,5126625733,13.69,13.22,sell,False,2022-10-11T13:33:50.397313+00:00
273,5126625724,13.69,4.38,sell,False,2022-10-11T13:33:50.290067+00:00
274,5126625723,13.75,0.98,sell,False,2022-10-11T13:33:50.290067+00:00
275,5126625722,13.775,0.9,sell,False,2022-10-11T13:33:50.290067+00:00
276,5126625721,13.815,0.9,sell,False,2022-10-11T13:33:50.290067+00:00
277,5126625720,13.86,0.89,sell,False,2022-10-11T13:33:50.290067+00:00
278,5126622266,13.945,0.13,sell,False,2022-10-11T13:33:25.064796+00:00
279,5126621840,13.96,0.86,sell,False,2022-10-11T13:33:20.791782+00:00
280,5126621839,13.96,0.94,sell,False,2022-10-11T13:33:20.791782+00:00
281,5126619894,14.0,0.86,sell,False,2022-10-11T13:33:05.472738+00:00
282,5126618880,14.05,0.85,sell,False,2022-10-11T13:32:59.364565+00:00
283,5126602104,14.14,0.82,sell,False,2022-10-11T13:31:18.382401+00:00
284,5126600117,14.17,0.9,sell,False,2022-10-11T13:31:09.993574+00:00
285,5125924880,14.185,0.37,sell,False,2022-10-11T10:58:08.247339+00:00
286,5125472163,14.23,8.05,buy,False,2022-10-11T08:38:24.365702+00:00
287,5125472162,14.23,7.18,buy,False,2022-10-11T08:38:24.332916+00:00
288,5125472159,14.23,13.22,buy,False,2022-10-11T08:38:24.118904+00:00
289,5125472113,14.23,6.18,buy,False,2022-10-11T08:38:23.459720+00:00
290,5124446198,14.185,0.45,sell,False,2022-10-11T03:53:43.958372+00:00
291,5124230987,14.285,2.6,buy,False,2022-10-11T02:48:26.999357+00:00
292,5122560622,14.23,0.82,sell,False,2022-10-10T22:10:41.117875+00:00
293,5122447802,14.27,0.39,buy,False,2022-10-10T22:07:11.874846+00:00
294,5122189732,14.3,10.0,sell,False,2022-10-10T20:56:54.470739+00:00
295,5122048064,14.315,0.79,sell,False,2022-10-10T19:58:24.119708+00:00
296,5121377322,14.36,0.79,sell,False,2022-10-10T17:05:02.470143+00:00
297,5121376451,14.365,0.86,sell,False,2022-10-10T17:04:47.410122+00:00
298,5121371618,14.405,0.79,sell,False,2022-10-10T17:03:41.088198+00:00
299,5121351594,14.485,0.76,sell,False,2022-10-10T17:00:00.803568+00:00
300,5121298237,14.53,0.76,sell,False,2022-10-10T16:51:00.344748+00:00
301,5121297552,14.56,0.83,sell,False,2022-10-10T16:50:51.230578+00:00
302,5121275510,14.58,0.75,sell,False,2022-10-10T16:45:53.100647+00:00
303,5121240810,14.615,0.1,sell,False,2022-10-10T16:37:25.976963+00:00
304,5121200693,14.65,0.73,sell,False,2022-10-10T16:29:29.841328+00:00
305,5121150412,14.695,0.73,sell,False,2022-10-10T16:23:48.229219+00:00
306,5120761175,14.745,0.72,sell,False,2022-10-10T14:55:25.738398+00:00
307,5120761109,14.75,0.79,sell,False,2022-10-10T14:55:24.549125+00:00
308,5120654674,14.81,0.7,sell,False,2022-10-10T14:37:57.213262+00:00
309,5120649034,14.855,0.7,sell,False,2022-10-10T14:37:27.212216+00:00
310,5120643056,14.905,0.7,sell,False,2022-10-10T14:36:05.861581+00:00
311,5120641042,14.93,0.76,sell,False,2022-10-10T14:35:32.948818+00:00
312,5120630611,14.965,0.67,sell,False,2022-10-10T14:33:11.682810+00:00
313,5120627602,15.015,0.67,sell,False,2022-10-10T14:32:45.698841+00:00
314,5120584059,15.06,0.67,sell,False,2022-10-10T14:25:38.721143+00:00
315,5120582876,15.11,0.73,sell,False,2022-10-10T14:25:17.915207+00:00
316,5120582090,15.12,0.67,sell,False,2022-10-10T14:25:07.801358+00:00
317,5120573443,15.21,0.66,buy,False,2022-10-10T14:22:37.099017+00:00
318,5120569121,15.16,0.66,buy,False,2022-10-10T14:21:09.373167+00:00
319,5120546338,15.2,0.38,buy,False,2022-10-10T14:14:57.152333+00:00
320,5120535294,15.28,0.7,sell,False,2022-10-10T14:10:55.839389+00:00
321,5120535246,15.285,0.07,sell,False,2022-10-10T14:10:54.615057+00:00
322,5120482532,15.45,0.67,sell,False,2022-10-10T13:59:54.188920+00:00
323,5120454410,15.61,0.65,sell,False,2022-10-10T13:53:30.173020+00:00
324,5120443522,15.765,0.64,buy,False,2022-10-10T13:51:08.683419+00:00
325,5120379914,15.72,15.55,buy,False,2022-10-10T13:37:19.075029+00:00
326,5120374610,15.595,2.57,sell,False,2022-10-10T13:36:21.747153+00:00
327,5120346555,15.965,0.06,sell,False,2022-10-10T13:33:05.780018+00:00
328,5120345037,16.03,0.37,buy,False,2022-10-10T13:32:58.286064+00:00
329,5120329466,16.36,1.34,sell,False,2022-10-10T13:30:38.111311+00:00
330,5108570916,16.89,0.1,buy,False,2022-10-07T13:13:50.489709+00:00
331,5108288259,16.77,0.1,sell,False,2022-10-07T12:50:18.721228+00:00
332,5108204863,16.89,0.1,sell,False,2022-10-07T12:46:27.014146+00:00
333,5108084056,17.0,0.1,buy,False,2022-10-07T12:35:27.501322+00:00
334,5107952291,16.89,0.1,sell,False,2022-10-07T12:30:32.628411+00:00
335,5107773832,17.0,0.1,buy,False,2022-10-07T12:23:51.618324+00:00
336,5107741162,16.89,0.1,sell,False,2022-10-07T12:13:46.656309+00:00
337,5107600012,17.0,0.1,sell,False,2022-10-07T11:25:39.108841+00:00
338,5107505410,17.11,0.1,buy,False,2022-10-07T11:02:29.348781+00:00
339,5107500679,17.0,0.1,buy,False,2022-10-07T11:02:01.327734+00:00
340,5107481361,16.89,0.1,buy,False,2022-10-07T11:00:32.595661+00:00
341,5107479194,16.77,0.1,buy,False,2022-10-07T11:00:05.195958+00:00
342,5107452728,16.66,0.1,sell,False,2022-10-07T10:50:46.241728+00:00
343,5107424825,16.77,0.1,buy,False,2022-10-07T10:38:49.316411+00:00
344,5107423378,16.66,0.1,sell,False,2022-10-07T10:38:10.316137+00:00
345,5107422923,16.77,0.1,sell,False,2022-10-07T10:37:53.533593+00:00
346,5107422736,16.89,0.1,sell,False,2022-10-07T10:37:48.396650+00:00
347,5107422316,17.0,0.1,sell,False,2022-10-07T10:37:31.725497+00:00
348,5107422061,17.11,0.1,sell,False,2022-10-07T10:37:22.668299+00:00
349,5107421470,17.23,0.1,sell,False,2022-10-07T10:37:03.874795+00:00
350,5107015850,17.34,0.1,sell,False,2022-10-07T08:15:03.235191+00:00
351,5106978584,17.45,0.1,buy,False,2022-10-07T08:03:04.814556+00:00
352,5106975416,17.34,0.1,buy,False,2022-10-07T08:02:36.689378+00:00
353,5106965129,17.23,0.1,buy,False,2022-10-07T08:00:23.484863+00:00
354,5106964608,17.11,0.1,buy,False,2022-10-07T08:00:16.743402+00:00
355,5106964359,17.0,0.1,buy,False,2022-10-07T08:00:13.699061+00:00
356,5106964358,16.77,0.1,buy,False,2022-10-07T08:00:13.699061+00:00
357,5106964202,16.89,0.1,buy,False,2022-10-07T08:00:11.388794+00:00
358,5106964091,16.77,0.1,buy,False,2022-10-07T08:00:09.473994+00:00
359,5106963980,16.66,0.1,buy,False,2022-10-07T08:00:08.443669+00:00
360,5106963935,16.55,0.1,buy,False,2022-10-07T08:00:07.911685+00:00
361,5106963548,16.32,0.1,sell,False,2022-10-07T08:00:03.639140+00:00
362,5106963498,16.43,0.1,sell,False,2022-10-07T08:00:02.905678+00:00
363,5106963497,16.55,0.1,sell,False,2022-10-07T08:00:02.905678+00:00
364,5106963496,16.655,0.04,sell,False,2022-10-07T08:00:02.905678+00:00
365,5106963495,16.66,0.1,sell,False,2022-10-07T08:00:02.905678+00:00
366,5106963494,16.77,0.1,sell,False,2022-10-07T08:00:02.790145+00:00
367,5106963493,16.89,0.1,sell,False,2022-10-07T08:00:02.790145+00:00
368,5106963492,17.0,0.1,sell,False,2022-10-07T08:00:02.790145+00:00
369,5106963491,17.045,1.18,sell,False,2022-10-07T08:00:02.790145+00:00
370,5106963490,17.11,0.1,sell,False,2022-10-07T08:00:02.790145+00:00
371,5106963489,17.23,0.1,sell,False,2022-10-07T08:00:02.790145+00:00
372,5106963456,17.34,0.1,sell,False,2022-10-07T08:00:02.116229+00:00
373,5105464659,17.45,0.1,buy,False,2022-10-06T23:31:37.226234+00:00
374,5105264973,17.34,0.1,sell,False,2022-10-06T22:33:46.088862+00:00
375,5105143849,17.45,0.1,sell,False,2022-10-06T22:04:43.873606+00:00
376,5105137443,17.57,0.1,sell,False,2022-10-06T22:03:42.146159+00:00
377,5105134951,17.68,0.1,sell,False,2022-10-06T22:03:16.323398+00:00
378,5105129383,17.77,0.57,sell,False,2022-10-06T22:02:39.121046+00:00
379,5105129199,17.79,0.1,sell,False,2022-10-06T22:02:36.628380+00:00
380,5105044216,17.91,0.1,sell,False,2022-10-06T21:52:03.999761+00:00
381,5105011080,18.02,0.1,sell,False,2022-10-06T21:43:40.078745+00:00
382,5105010257,18.13,0.46,sell,False,2022-10-06T21:43:28.218218+00:00
383,5105009694,18.13,0.1,buy,False,2022-10-06T21:43:23.541400+00:00
384,5105005431,18.02,0.1,buy,False,2022-10-06T21:42:37.713878+00:00
385,5105004850,17.91,0.1,buy,False,2022-10-06T21:42:29.125713+00:00
386,5105004002,17.79,0.1,buy,False,2022-10-06T21:42:14.758506+00:00
387,5105003007,17.68,0.1,buy,False,2022-10-06T21:41:58.538530+00:00
388,5105002977,17.505,0.58,sell,False,2022-10-06T21:41:57.358025+00:00
389,5105002611,17.57,0.1,buy,False,2022-10-06T21:41:50.557967+00:00
390,5105000563,17.45,0.1,buy,False,2022-10-06T21:41:20.727390+00:00
391,5104999077,17.34,0.07,buy,False,2022-10-06T21:41:02.093091+00:00
392,5104997914,17.34,0.03,buy,False,2022-10-06T21:40:44.872892+00:00
393,5104996962,17.25,0.4,buy,False,2022-10-06T21:40:33.077172+00:00
394,5104993477,17.23,0.1,buy,False,2022-10-06T21:39:48.982285+00:00
395,5104989688,17.11,0.1,buy,False,2022-10-06T21:38:58.666527+00:00
396,5104987240,17.0,0.1,sell,False,2022-10-06T21:38:23.349531+00:00
397,5104979762,17.11,0.1,buy,False,2022-10-06T21:36:43.974353+00:00
398,5104969634,17.0,0.1,sell,False,2022-10-06T21:34:34.441583+00:00
399,5104964289,17.135,0.1,sell,False,2022-10-06T21:33:33.898296+00:00
400,5104964029,16.91,0.23,sell,False,2022-10-06T21:33:31.147559+00:00
401,5104964028,17.0,0.1,sell,False,2022-10-06T21:33:31.147559+00:00
402,5104962743,17.11,0.1,sell,False,2022-10-06T21:33:16.175238+00:00
403,5104962583,17.23,0.19,sell,False,2022-10-06T21:33:14.273088+00:00
404,5104962573,17.23,0.1,buy,False,2022-10-06T21:33:14.193209+00:00
405,5104962572,17.11,0.1,buy,False,2022-10-06T21:33:14.193209+00:00
406,5104962571,17.0,0.1,buy,False,2022-10-06T21:33:14.193209+00:00
407,5104962570,16.89,0.1,buy,False,2022-10-06T21:33:14.193209+00:00
408,5104961432,16.77,0.1,sell,False,2022-10-06T21:33:00.410744+00:00
409,5104961138,16.89,0.1,sell,False,2022-10-06T21:32:57.052635+00:00
410,5104961069,16.965,1.66,sell,False,2022-10-06T21:32:55.935160+00:00
411,5104961050,16.965,10.87,sell,False,2022-10-06T21:32:55.731486+00:00
412,5104960939,17.0,0.1,sell,False,2022-10-06T21:32:54.971439+00:00
413,5104959747,17.11,0.1,buy,False,2022-10-06T21:32:44.120044+00:00
414,5104959163,17.0,0.1,buy,False,2022-10-06T21:32:32.916172+00:00
415,5104959078,16.89,0.1,buy,False,2022-10-06T21:32:31.715964+00:00
416,5104958992,16.77,0.1,buy,False,2022-10-06T21:32:30.297168+00:00
417,5104958896,16.66,0.1,buy,False,2022-10-06T21:32:28.954695+00:00
418,5104958843,16.55,0.1,buy,False,2022-10-06T21:32:28.246521+00:00
419,5104958819,16.43,0.1,buy,False,2022-10-06T21:32:27.715873+00:00
420,5104958724,16.32,0.1,buy,False,2022-10-06T21:32:26.666224+00:00
421,5104958645,16.21,0.1,buy,False,2022-10-06T21:32:26.107839+00:00
422,5104958611,16.09,0.1,buy,False,2022-10-06T21:32:25.531516+00:00
423,5104958556,15.98,0.1,buy,False,2022-10-06T21:32:24.545641+00:00
424,5104774691,15.87,0.1,sell,False,2022-10-06T20:38:23.320294+00:00
425,5104762336,15.98,0.1,sell,False,2022-10-06T20:34:19.591322+00:00
426,5104374659,16.09,0.1,sell,False,2022-10-06T18:46:43.980935+00:00
427,5103967903,16.21,0.1,buy,False,2022-10-06T17:19:45.752546+00:00
428,5103607750,16.09,0.1,sell,False,2022-10-06T15:59:51.749905+00:00
429,5103549377,16.21,0.1,buy,False,2022-10-06T15:49:14.685631+00:00
430,5103115238,16.09,0.1,sell,False,2022-10-06T14:34:32.317085+00:00
431,5103060624,16.21,0.1,sell,False,2022-10-06T14:27:52.828806+00:00
432,5102914487,16.32,0.1,sell,False,2022-10-06T14:11:32.898891+00:00
433,5102832089,16.43,0.1,sell,False,2022-10-06T14:05:24.748681+00:00
434,5102770157,16.55,0.1,sell,False,2022-10-06T14:01:37.264484+00:00
435,5102749566,16.66,0.1,sell,False,2022-10-06T14:00:38.348584+00:00
436,5102719854,16.77,0.1,sell,False,2022-10-06T13:57:14.945940+00:00
437,5102650165,16.89,0.1,sell,False,2022-10-06T13:47:15.790861+00:00
438,5102624866,17.0,0.1,buy,False,2022-10-06T13:43:49.054386+00:00
439,5102555474,16.89,0.1,buy,False,2022-10-06T13:35:01.745701+00:00
440,5102548395,16.77,0.1,buy,False,2022-10-06T13:33:51.908325+00:00
441,5102268476,16.66,0.1,buy,False,2022-10-06T12:42:07.340253+00:00
442,5101696614,16.55,0.1,sell,False,2022-10-06T10:13:06.923136+00:00
443,5101363887,16.66,0.1,sell,False,2022-10-06T08:32:31.177241+00:00
444,5099036458,16.685,1.9,sell,False,2022-10-05T22:56:17.182557+00:00
445,5098223438,16.77,0.1,buy,False,2022-10-05T19:15:45.595956+00:00
446,5098049282,16.66,0.1,buy,False,2022-10-05T18:47:19.592118+00:00
447,5097613650,16.55,0.1,buy,False,2022-10-05T17:13:13.760934+00:00
448,5097248939,16.43,0.1,buy,False,2022-10-05T16:16:49.093973+00:00
449,5097167834,16.32,0.1,buy,False,2022-10-05T16:07:44.113950+00:00
450,5096615970,16.21,0.1,sell,False,2022-10-05T14:29:06.198058+00:00
451,5096536739,16.32,0.1,sell,False,2022-10-05T14:18:20.774956+00:00
452,5096504838,16.43,0.1,buy,False,2022-10-05T14:12:24.912837+00:00
453,5096467698,16.32,0.1,sell,False,2022-10-05T14:05:31.337448+00:00
454,5096352104,16.43,0.1,buy,False,2022-10-05T13:47:30.096476+00:00
455,5096327769,16.28,0.34,sell,False,2022-10-05T13:44:45.014434+00:00
456,5096327768,16.32,0.1,sell,False,2022-10-05T13:44:45.014434+00:00
457,5096310262,16.43,0.1,sell,False,2022-10-05T13:42:28.722652+00:00
458,5096110569,16.55,0.1,sell,False,2022-10-05T13:14:09.590261+00:00
459,5095561881,16.66,0.1,sell,False,2022-10-05T11:20:41.823734+00:00
460,5091801742,16.77,0.1,buy,False,2022-10-04T18:24:14.420324+00:00
461,5091610118,16.66,0.1,buy,False,2022-10-04T17:41:21.673516+00:00
462,5091496123,16.55,0.1,sell,False,2022-10-04T17:19:28.970503+00:00
463,5091453292,16.66,0.1,sell,False,2022-10-04T17:13:12.779643+00:00
464,5091421504,16.77,0.1,sell,False,2022-10-04T17:09:06.669846+00:00
465,5090982468,16.89,0.1,buy,False,2022-10-04T15:54:47.338037+00:00
466,5090796533,16.77,0.1,buy,False,2022-10-04T15:14:29.134598+00:00
467,5090722128,16.66,0.1,sell,False,2022-10-04T14:59:34.969926+00:00
468,5090659543,16.77,0.1,buy,False,2022-10-04T14:44:58.166801+00:00
469,5090649175,16.66,0.1,buy,False,2022-10-04T14:43:02.830465+00:00
470,5090449212,16.55,0.1,buy,False,2022-10-04T14:11:41.944748+00:00
471,5090307548,16.43,0.1,sell,False,2022-10-04T13:56:45.732749+00:00
472,5090262845,16.56,7.56,buy,False,2022-10-04T13:48:26.912074+00:00
473,5090262598,16.55,0.1,buy,False,2022-10-04T13:48:26.355649+00:00
474,5090146195,16.43,0.1,buy,False,2022-10-04T13:32:14.255615+00:00
475,5090130825,16.32,0.1,buy,False,2022-10-04T13:31:06.908626+00:00
476,5090129687,16.205,0.32,sell,False,2022-10-04T13:30:51.575839+00:00
477,5090127930,16.21,0.1,buy,False,2022-10-04T13:30:33.298218+00:00
478,5090126532,16.095,4.65,buy,False,2022-10-04T13:30:18.940946+00:00
479,5090125805,16.09,6.2,buy,False,2022-10-04T13:30:15.993650+00:00
480,5090125804,16.09,0.1,buy,False,2022-10-04T13:30:15.993650+00:00
481,5090122370,15.98,0.1,buy,False,2022-10-04T13:30:03.005690+00:00
482,5089394386,15.87,0.1,buy,False,2022-10-04T10:24:42.216127+00:00
483,5088974802,15.75,0.1,buy,False,2022-10-04T08:37:19.166107+00:00
484,5088974252,15.64,1.66,buy,False,2022-10-04T08:37:09.470297+00:00
485,5088974251,15.64,0.1,buy,False,2022-10-04T08:37:09.470297+00:00
486,5085885884,15.53,0.1,buy,False,2022-10-03T18:47:29.442776+00:00
487,5085571961,15.41,0.1,buy,False,2022-10-03T17:33:29.073744+00:00
488,5085457065,15.3,0.1,buy,False,2022-10-03T17:11:15.605301+00:00
489,5085154936,15.19,0.1,sell,False,2022-10-03T15:56:34.882899+00:00
490,5084929566,15.3,0.1,buy,False,2022-10-03T15:10:27.453332+00:00
491,5084808857,15.19,0.1,sell,False,2022-10-03T14:49:12.370432+00:00
492,5084709500,15.3,0.1,buy,False,2022-10-03T14:34:14.767630+00:00
493,5084626286,15.19,0.1,buy,False,2022-10-03T14:27:05.254721+00:00
494,5084608556,15.07,0.1,buy,False,2022-10-03T14:25:09.678256+00:00
495,5084577914,14.96,0.1,sell,False,2022-10-03T14:21:16.427692+00:00
496,5084396675,15.07,0.1,buy,False,2022-10-03T13:55:40.813983+00:00
497,5084360403,14.96,0.1,buy,False,2022-10-03T13:48:58.719411+00:00
498,5084321646,14.85,0.1,buy,False,2022-10-03T13:42:56.545767+00:00
499,5084295232,14.73,0.1,sell,False,2022-10-03T13:40:03.438491+00:00
500,5084289555,14.85,0.1,sell,False,2022-10-03T13:39:00.335939+00:00
501,5084256800,14.96,0.1,sell,False,2022-10-03T13:34:09.565882+00:00
502,5084240846,15.07,0.1,sell,False,2022-10-03T13:33:12.799328+00:00
503,5084234479,15.19,0.1,sell,False,2022-10-03T13:32:27.729220+00:00
504,5084231667,15.3,0.1,sell,False,2022-10-03T13:31:57.598535+00:00
505,5084190416,15.41,0.1,buy,False,2022-10-03T13:24:48.296671+00:00
506,5083873731,15.3,0.1,buy,False,2022-10-03T12:05:50.932328+00:00
507,5074511710,15.255,0.01,buy,False,2022-10-01T09:20:46.242793+00:00
508,5072171672,15.115,0.02,sell,False,2022-09-30T19:59:58.234841+00:00
509,5072171634,15.115,0.02,sell,False,2022-09-30T19:59:57.722803+00:00
510,5072171453,15.12,0.02,sell,False,2022-09-30T19:59:56.425370+00:00
511,5072171445,15.12,0.02,sell,False,2022-09-30T19:59:56.294462+00:00
512,5072171254,15.12,0.02,sell,False,2022-09-30T19:59:54.451637+00:00
513,5072171252,15.12,0.02,sell,False,2022-09-30T19:59:54.419381+00:00
514,5072171042,15.11,0.02,sell,False,2022-09-30T19:59:52.072312+00:00
515,5072171007,15.115,0.02,sell,False,2022-09-30T19:59:51.585484+00:00
516,5072170791,15.115,0.02,sell,False,2022-09-30T19:59:50.324821+00:00
517,5072170692,15.115,0.02,sell,False,2022-09-30T19:59:49.872228+00:00
518,5072170565,15.115,0.02,sell,False,2022-09-30T19:59:48.473461+00:00
519,5072170564,15.115,0.02,sell,False,2022-09-30T19:59:48.472966+00:00
520,5072170271,15.125,0.02,sell,False,2022-09-30T19:59:46.113720+00:00
521,5072170226,15.125,0.02,sell,False,2022-09-30T19:59:45.771029+00:00
522,5072169892,15.125,0.02,sell,False,2022-09-30T19:59:44.180280+00:00
523,5072169852,15.125,0.02,sell,False,2022-09-30T19:59:43.683068+00:00
524,5072169672,15.115,0.02,sell,False,2022-09-30T19:59:41.964158+00:00
525,5072169664,15.115,0.02,sell,False,2022-09-30T19:59:41.894338+00:00
526,5072169471,15.115,0.02,sell,False,2022-09-30T19:59:40.520203+00:00
527,5072169447,15.115,0.02,sell,False,2022-09-30T19:59:40.251639+00:00
528,5072169224,15.12,0.02,sell,False,2022-09-30T19:59:38.174014+00:00
529,5072169211,15.12,0.02,sell,False,2022-09-30T19:59:38.057132+00:00
530,5072168937,15.12,0.02,sell,False,2022-09-30T19:59:35.946599+00:00
531,5072168902,15.12,0.02,sell,False,2022-09-30T19:59:35.661263+00:00
532,5072168840,15.12,0.02,sell,False,2022-09-30T19:59:34.422571+00:00
533,5072168784,15.12,0.02,sell,False,2022-09-30T19:59:33.568848+00:00
534,5072168663,15.135,0.02,sell,False,2022-09-30T19:59:31.893318+00:00
535,5072168662,15.135,0.02,sell,False,2022-09-30T19:59:31.892748+00:00
536,5072168360,15.135,0.02,sell,False,2022-09-30T19:59:30.372048+00:00
537,5072168322,15.135,0.02,sell,False,2022-09-30T19:59:29.895942+00:00
538,5072168125,15.135,0.02,sell,False,2022-09-30T19:59:28.112278+00:00
539,5072168101,15.135,0.02,sell,False,2022-09-30T19:59:27.966494+00:00
540,5072167843,15.135,0.02,sell,False,2022-09-30T19:59:26.575003+00:00
541,5072167809,15.135,0.02,sell,False,2022-09-30T19:59:26.227225+00:00
542,5072167595,15.135,0.02,sell,False,2022-09-30T19:59:24.213977+00:00
543,5072167591,15.135,0.02,sell,False,2022-09-30T19:59:24.024214+00:00
544,5072167279,15.135,0.02,sell,False,2022-09-30T19:59:22.543269+00:00
545,5072167269,15.135,0.02,sell,False,2022-09-30T19:59:22.435971+00:00
546,5072166949,15.135,0.02,sell,False,2022-09-30T19:59:20.669460+00:00
547,5072166948,15.135,0.02,sell,False,2022-09-30T19:59:20.668883+00:00
548,5072166601,15.135,0.02,sell,False,2022-09-30T19:59:18.553832+00:00
549,5072166533,15.135,0.02,sell,False,2022-09-30T19:59:18.003333+00:00
550,5072166314,15.135,0.02,sell,False,2022-09-30T19:59:15.966693+00:00
551,5072166300,15.135,0.02,sell,False,2022-09-30T19:59:15.803201+00:00
552,5072166058,15.135,0.02,sell,False,2022-09-30T19:59:14.389914+00:00
553,5072166055,15.135,0.02,sell,False,2022-09-30T19:59:14.314759+00:00
554,5072165854,15.145,0.02,sell,False,2022-09-30T19:59:12.473312+00:00
555,5072165775,15.145,0.02,sell,False,2022-09-30T19:59:11.884006+00:00
556,5072165470,15.145,0.02,sell,False,2022-09-30T19:59:10.202263+00:00
557,5072165450,15.145,0.02,sell,False,2022-09-30T19:59:09.918701+00:00
558,5072165116,15.145,0.02,sell,False,2022-09-30T19:59:08.368088+00:00
559,5072165060,15.145,0.02,sell,False,2022-09-30T19:59:08.101796+00:00
560,5072164893,15.145,0.02,sell,False,2022-09-30T19:59:06.326606+00:00
561,5072164834,15.145,0.02,sell,False,2022-09-30T19:59:05.625910+00:00
562,5072164739,15.145,0.02,sell,False,2022-09-30T19:59:04.168136+00:00
563,5072164677,15.145,0.02,sell,False,2022-09-30T19:59:03.646284+00:00
564,5072164548,15.145,0.02,sell,False,2022-09-30T19:59:02.395241+00:00
565,5072164518,15.145,0.02,sell,False,2022-09-30T19:59:02.292544+00:00
566,5072163811,15.145,0.02,sell,False,2022-09-30T19:59:00.147669+00:00
567,5072163791,15.145,0.02,sell,False,2022-09-30T19:58:59.755400+00:00
568,5072163632,15.145,0.02,sell,False,2022-09-30T19:58:58.204782+00:00
569,5072163607,15.145,0.02,sell,False,2022-09-30T19:58:57.998528+00:00
570,5072163441,15.145,0.02,sell,False,2022-09-30T19:58:56.101900+00:00
571,5072163406,15.145,0.02,sell,False,2022-09-30T19:58:55.894881+00:00
572,5072163271,15.145,0.02,sell,False,2022-09-30T19:58:54.498606+00:00
573,5072163224,15.145,0.02,sell,False,2022-09-30T19:58:54.319121+00:00
574,5072162987,15.145,0.02,sell,False,2022-09-30T19:58:52.582680+00:00
575,5072162932,15.145,0.02,sell,False,2022-09-30T19:58:51.692368+00:00
576,5072162824,15.145,0.02,sell,False,2022-09-30T19:58:50.392084+00:00
577,5072162770,15.145,0.02,sell,False,2022-09-30T19:58:49.905503+00:00
578,5072162629,15.145,0.02,sell,False,2022-09-30T19:58:48.559619+00:00
579,5072162628,15.145,0.02,sell,False,2022-09-30T19:58:48.558919+00:00
580,5072162031,15.145,0.02,sell,False,2022-09-30T19:58:45.901446+00:00
581,5072162022,15.145,0.02,sell,False,2022-09-30T19:58:45.857241+00:00
582,5072161705,15.11,0.02,sell,False,2022-09-30T19:58:44.341194+00:00
583,5072161587,15.11,0.02,sell,False,2022-09-30T19:58:43.958804+00:00
584,5072161413,15.11,0.02,sell,False,2022-09-30T19:58:42.490824+00:00
585,5072161353,15.11,0.02,sell,False,2022-09-30T19:58:42.200505+00:00
586,5072161038,15.135,0.02,sell,False,2022-09-30T19:58:39.939862+00:00
587,5072161037,15.135,0.02,sell,False,2022-09-30T19:58:39.881063+00:00
588,5072160948,15.135,0.02,sell,False,2022-09-30T19:58:37.972236+00:00
589,5072160936,15.135,0.02,sell,False,2022-09-30T19:58:37.733724+00:00
590,5072160554,15.135,0.02,sell,False,2022-09-30T19:58:36.052275+00:00
591,5072160544,15.135,0.02,sell,False,2022-09-30T19:58:35.885957+00:00
592,5072160493,15.135,0.02,sell,False,2022-09-30T19:58:34.672504+00:00
593,5072160449,15.135,0.02,sell,False,2022-09-30T19:58:34.018559+00:00
594,5072160327,15.135,0.02,sell,False,2022-09-30T19:58:31.999439+00:00
595,5072160265,15.135,0.02,sell,False,2022-09-30T19:58:31.636180+00:00
596,5072160178,15.135,0.02,sell,False,2022-09-30T19:58:30.549110+00:00
597,5072160155,15.135,0.02,sell,False,2022-09-30T19:58:30.124659+00:00
598,5072159968,15.135,0.02,sell,False,2022-09-30T19:58:28.514441+00:00
599,5072159877,15.135,0.02,sell,False,2022-09-30T19:58:27.769555+00:00
600,5072159839,15.135,0.02,sell,False,2022-09-30T19:58:26.408794+00:00
601,5072159824,15.135,0.02,sell,False,2022-09-30T19:58:26.224299+00:00
602,5072159733,15.135,0.02,sell,False,2022-09-30T19:58:23.952490+00:00
603,5072159704,15.135,0.02,sell,False,2022-09-30T19:58:23.804695+00:00
604,5072159517,15.135,0.02,sell,False,2022-09-30T19:58:22.488629+00:00
605,5072159464,15.135,0.02,sell,False,2022-09-30T19:58:22.140178+00:00
606,5072159350,15.135,0.02,sell,False,2022-09-30T19:58:20.665850+00:00
607,5072159349,15.135,0.02,sell,False,2022-09-30T19:58:20.665310+00:00
608,5072159163,15.135,0.02,sell,False,2022-09-30T19:58:18.661500+00:00
609,5072159099,15.135,0.02,sell,False,2022-09-30T19:58:18.348773+00:00
610,5072158816,15.135,0.02,sell,False,2022-09-30T19:58:16.232055+00:00
611,5072158806,15.135,0.02,sell,False,2022-09-30T19:58:16.129962+00:00
612,5072158436,15.135,0.02,sell,False,2022-09-30T19:58:14.259672+00:00
613,5072158384,15.135,0.02,sell,False,2022-09-30T19:58:14.068565+00:00
614,5072157983,15.135,0.02,sell,False,2022-09-30T19:58:12.159233+00:00
615,5072157872,15.135,0.02,sell,False,2022-09-30T19:58:11.880037+00:00
616,5072157720,15.135,0.02,sell,False,2022-09-30T19:58:10.211579+00:00
617,5072157579,15.135,0.02,sell,False,2022-09-30T19:58:09.898760+00:00
618,5072157479,15.135,0.02,sell,False,2022-09-30T19:58:08.101732+00:00
619,5072157453,15.135,0.02,sell,False,2022-09-30T19:58:07.882653+00:00
620,5072157401,15.135,0.02,sell,False,2022-09-30T19:58:05.905605+00:00
621,5072157400,15.135,0.02,sell,False,2022-09-30T19:58:05.904796+00:00
622,5072157307,15.135,0.02,sell,False,2022-09-30T19:58:04.364870+00:00
623,5072157254,15.135,0.02,sell,False,2022-09-30T19:58:03.847741+00:00
624,5072157057,15.135,0.02,sell,False,2022-09-30T19:58:02.492094+00:00
625,5072156921,15.135,0.02,sell,False,2022-09-30T19:58:01.626402+00:00
626,5072156706,15.135,0.02,sell,False,2022-09-30T19:58:00.230602+00:00
627,5072156699,15.135,0.02,sell,False,2022-09-30T19:58:00.135763+00:00
628,5072156575,15.135,0.02,sell,False,2022-09-30T19:57:58.128693+00:00
629,5072156528,15.135,0.02,sell,False,2022-09-30T19:57:57.771385+00:00
630,5072156371,15.135,0.02,sell,False,2022-09-30T19:57:56.686889+00:00
631,5072155869,15.135,0.02,sell,False,2022-09-30T19:57:55.876147+00:00
632,5072155811,15.135,0.02,sell,False,2022-09-30T19:57:54.588121+00:00
633,5072155777,15.135,0.02,sell,False,2022-09-30T19:57:54.174508+00:00
634,5072155348,15.135,0.02,sell,False,2022-09-30T19:57:52.383094+00:00
635,5072155269,15.135,0.02,sell,False,2022-09-30T19:57:51.920123+00:00
636,5072155223,15.135,0.02,sell,False,2022-09-30T19:57:50.638622+00:00
637,5072155170,15.135,0.02,sell,False,2022-09-30T19:57:49.802946+00:00
638,5072155094,15.135,0.02,sell,False,2022-09-30T19:57:48.171481+00:00
639,5072155077,15.135,0.02,sell,False,2022-09-30T19:57:47.932471+00:00
640,5072154905,15.135,0.02,sell,False,2022-09-30T19:57:45.783476+00:00
641,5072154896,15.135,0.02,sell,False,2022-09-30T19:57:45.651003+00:00
642,5072154779,15.135,0.02,sell,False,2022-09-30T19:57:44.098335+00:00
643,5072154738,15.135,0.02,sell,False,2022-09-30T19:57:43.578521+00:00
644,5072154574,15.135,0.02,sell,False,2022-09-30T19:57:42.350852+00:00
645,5072154456,15.135,0.02,sell,False,2022-09-30T19:57:42.101739+00:00
646,5072154240,15.135,0.02,sell,False,2022-09-30T19:57:40.449506+00:00
647,5072154196,15.135,0.02,sell,False,2022-09-30T19:57:39.821098+00:00
648,5072154109,15.135,0.02,sell,False,2022-09-30T19:57:37.927744+00:00
649,5072154103,15.135,0.02,sell,False,2022-09-30T19:57:37.824776+00:00
650,5072154010,15.135,0.02,sell,False,2022-09-30T19:57:36.485221+00:00
651,5072153944,15.135,0.02,sell,False,2022-09-30T19:57:36.096060+00:00
652,5072153768,15.135,0.02,sell,False,2022-09-30T19:57:34.338236+00:00
653,5072153672,15.135,0.02,sell,False,2022-09-30T19:57:33.783758+00:00
654,5072153512,15.135,0.02,sell,False,2022-09-30T19:57:31.924666+00:00
655,5072153506,15.135,0.02,sell,False,2022-09-30T19:57:31.882677+00:00
656,5072153204,15.135,0.02,sell,False,2022-09-30T19:57:30.272727+00:00
657,5072153182,15.135,0.02,sell,False,2022-09-30T19:57:29.852352+00:00
658,5072153080,15.135,0.02,sell,False,2022-09-30T19:57:28.581414+00:00
659,5072153041,15.135,0.02,sell,False,2022-09-30T19:57:27.949811+00:00
660,5072152846,15.135,0.02,sell,False,2022-09-30T19:57:26.242828+00:00
661,5072152789,15.135,0.02,sell,False,2022-09-30T19:57:25.591262+00:00
662,5072152607,15.135,0.02,sell,False,2022-09-30T19:57:24.401310+00:00
663,5072152523,15.135,0.02,sell,False,2022-09-30T19:57:23.991778+00:00
664,5072152151,15.135,0.02,sell,False,2022-09-30T19:57:22.717847+00:00
665,5072151732,15.135,0.02,sell,False,2022-09-30T19:57:21.912249+00:00
666,5072151452,15.135,0.02,sell,False,2022-09-30T19:57:20.370426+00:00
667,5072151312,15.135,0.02,sell,False,2022-09-30T19:57:19.571375+00:00
668,5072151197,15.135,0.02,sell,False,2022-09-30T19:57:17.939275+00:00
669,5072151189,15.135,0.02,sell,False,2022-09-30T19:57:17.708823+00:00
670,5072151139,15.135,0.02,sell,False,2022-09-30T19:57:16.486732+00:00
671,5072151085,15.135,0.02,sell,False,2022-09-30T19:57:15.876461+00:00
672,5072151035,15.135,0.02,sell,False,2022-09-30T19:57:14.535167+00:00
673,5072151031,15.135,0.02,sell,False,2022-09-30T19:57:14.493169+00:00
674,5072150784,15.135,0.02,sell,False,2022-09-30T19:57:12.511771+00:00
675,5072150756,15.135,0.02,sell,False,2022-09-30T19:57:12.310880+00:00
676,5072150620,15.135,0.02,sell,False,2022-09-30T19:57:10.328273+00:00
677,5072150585,15.135,0.02,sell,False,2022-09-30T19:57:09.764364+00:00
678,5072150529,15.135,0.02,sell,False,2022-09-30T19:57:08.290591+00:00
679,5072150447,15.135,0.02,sell,False,2022-09-30T19:57:07.801761+00:00
680,5072150270,15.135,0.02,sell,False,2022-09-30T19:57:06.560220+00:00
681,5072150247,15.135,0.02,sell,False,2022-09-30T19:57:06.480051+00:00
682,5072149958,15.125,0.02,sell,False,2022-09-30T19:57:04.354615+00:00
683,5072149945,15.125,0.02,sell,False,2022-09-30T19:57:04.174873+00:00
684,5072149869,15.125,0.02,sell,False,2022-09-30T19:57:02.301923+00:00
685,5072149844,15.125,0.02,sell,False,2022-09-30T19:57:01.795502+00:00
686,5072149714,15.125,0.02,sell,False,2022-09-30T19:56:59.942333+00:00
687,5072149681,15.125,0.02,sell,False,2022-09-30T19:56:59.756526+00:00
688,5072149622,15.125,0.02,sell,False,2022-09-30T19:56:58.142684+00:00
689,5072149606,15.125,0.02,sell,False,2022-09-30T19:56:57.605741+00:00
690,5072149575,15.125,0.02,sell,False,2022-09-30T19:56:56.466880+00:00
691,5072149517,15.125,0.02,sell,False,2022-09-30T19:56:55.864760+00:00
692,5072149431,15.125,0.02,sell,False,2022-09-30T19:56:54.387291+00:00
693,5072149417,15.125,0.02,sell,False,2022-09-30T19:56:54.065470+00:00
694,5072149367,15.13,0.02,sell,False,2022-09-30T19:56:52.235876+00:00
695,5072149358,15.13,0.02,sell,False,2022-09-30T19:56:52.064536+00:00
696,5072149141,15.13,0.02,sell,False,2022-09-30T19:56:50.517312+00:00
697,5072149137,15.13,0.02,sell,False,2022-09-30T19:56:50.399976+00:00
698,5072148954,15.13,0.02,sell,False,2022-09-30T19:56:47.815111+00:00
699,5072148933,15.13,0.02,sell,False,2022-09-30T19:56:47.739980+00:00
700,5072148765,15.13,0.02,sell,False,2022-09-30T19:56:46.350846+00:00
701,5072148673,15.13,0.02,sell,False,2022-09-30T19:56:46.074392+00:00
702,5072148596,15.13,0.02,sell,False,2022-09-30T19:56:44.506857+00:00
703,5072148588,15.13,0.02,sell,False,2022-09-30T19:56:44.429522+00:00
704,5072148416,15.13,0.02,sell,False,2022-09-30T19:56:42.288113+00:00
705,5072148405,15.13,0.02,sell,False,2022-09-30T19:56:41.877995+00:00
706,5072148325,15.13,0.02,sell,False,2022-09-30T19:56:39.931881+00:00
707,5072148321,15.13,0.02,sell,False,2022-09-30T19:56:39.878849+00:00
708,5072148207,15.13,0.02,sell,False,2022-09-30T19:56:37.742046+00:00
709,5072148175,15.13,0.02,sell,False,2022-09-30T19:56:37.596287+00:00
710,5072148045,15.13,0.02,sell,False,2022-09-30T19:56:36.345252+00:00
711,5072148031,15.13,0.02,sell,False,2022-09-30T19:56:36.272353+00:00
712,5072147653,15.13,0.02,sell,False,2022-09-30T19:56:34.337483+00:00
713,5072147629,15.13,0.02,sell,False,2022-09-30T19:56:33.810952+00:00
714,5072147564,15.13,0.02,sell,False,2022-09-30T19:56:32.382807+00:00
715,5072147545,15.13,0.02,sell,False,2022-09-30T19:56:32.108557+00:00
716,5072147435,15.135,0.02,sell,False,2022-09-30T19:56:30.537326+00:00
717,5072147411,15.135,0.02,sell,False,2022-09-30T19:56:29.976301+00:00
718,5072147285,15.135,0.02,sell,False,2022-09-30T19:56:28.422109+00:00
719,5072147235,15.13,0.02,sell,False,2022-09-30T19:56:27.656806+00:00
720,5072147140,15.13,0.02,sell,False,2022-09-30T19:56:26.178628+00:00
721,5072147139,15.13,0.02,sell,False,2022-09-30T19:56:26.177968+00:00
722,5072147015,15.13,0.02,sell,False,2022-09-30T19:56:24.145144+00:00
723,5072147006,15.13,0.02,sell,False,2022-09-30T19:56:23.941292+00:00
724,5072146707,15.14,0.02,sell,False,2022-09-30T19:56:22.114598+00:00
725,5072146673,15.14,0.02,sell,False,2022-09-30T19:56:21.898031+00:00
726,5072146574,15.14,0.02,sell,False,2022-09-30T19:56:20.118878+00:00
727,5072146572,15.14,0.02,sell,False,2022-09-30T19:56:20.080740+00:00
728,5072146471,15.14,0.02,sell,False,2022-09-30T19:56:18.430501+00:00
729,5072146461,15.14,0.02,sell,False,2022-09-30T19:56:18.277601+00:00
730,5072146263,15.14,0.02,sell,False,2022-09-30T19:56:16.357358+00:00
731,5072146147,15.14,0.02,sell,False,2022-09-30T19:56:15.679201+00:00
732,5072146007,15.14,0.02,sell,False,2022-09-30T19:56:14.542168+00:00
733,5072145955,15.14,0.02,sell,False,2022-09-30T19:56:14.130781+00:00
734,5072145807,15.14,0.02,sell,False,2022-09-30T19:56:11.936639+00:00
735,5072145788,15.14,0.02,sell,False,2022-09-30T19:56:11.680035+00:00
736,5072145674,15.14,0.02,sell,False,2022-09-30T19:56:10.242519+00:00
737,5072145653,15.14,0.02,sell,False,2022-09-30T19:56:10.095382+00:00
738,5072145441,15.14,0.02,sell,False,2022-09-30T19:56:07.873259+00:00
739,5072145409,15.14,0.02,sell,False,2022-09-30T19:56:07.802543+00:00
740,5072145186,15.14,0.02,sell,False,2022-09-30T19:56:06.570191+00:00
741,5072145138,15.14,0.02,sell,False,2022-09-30T19:56:06.125660+00:00
742,5072145064,15.14,0.02,sell,False,2022-09-30T19:56:04.457326+00:00
743,5072145050,15.14,0.02,sell,False,2022-09-30T19:56:04.160162+00:00
744,5072144887,15.14,0.02,sell,False,2022-09-30T19:56:02.307971+00:00
745,5072144859,15.14,0.02,sell,False,2022-09-30T19:56:02.063073+00:00
746,5072144720,15.14,0.02,sell,False,2022-09-30T19:56:00.497253+00:00
747,5072144687,15.14,0.02,sell,False,2022-09-30T19:56:00.248165+00:00
748,5072144516,15.14,0.02,sell,False,2022-09-30T19:55:58.263330+00:00
749,5072144501,15.14,0.02,sell,False,2022-09-30T19:55:57.980475+00:00
750,5072144420,15.13,0.02,sell,False,2022-09-30T19:55:56.544605+00:00
751,5072144409,15.13,0.02,sell,False,2022-09-30T19:55:56.350812+00:00
752,5072144016,15.13,0.02,sell,False,2022-09-30T19:55:54.551826+00:00
753,5072143887,15.13,0.02,sell,False,2022-09-30T19:55:53.849431+00:00
754,5072143615,15.13,0.02,sell,False,2022-09-30T19:55:52.539441+00:00
755,5072143551,15.13,0.02,sell,False,2022-09-30T19:55:51.801909+00:00
756,5072143420,15.14,0.02,sell,False,2022-09-30T19:55:50.263868+00:00
757,5072143412,15.14,0.02,sell,False,2022-09-30T19:55:50.119914+00:00
758,5072143293,15.14,0.02,sell,False,2022-09-30T19:55:48.441973+00:00
759,5072143258,15.14,0.02,sell,False,2022-09-30T19:55:48.162095+00:00
760,5072142837,15.14,0.02,sell,False,2022-09-30T19:55:46.015827+00:00
761,5072142836,15.14,0.02,sell,False,2022-09-30T19:55:45.987863+00:00
762,5072142721,15.14,0.02,sell,False,2022-09-30T19:55:44.561791+00:00
763,5072142652,15.14,0.02,sell,False,2022-09-30T19:55:44.222721+00:00
764,5072142437,15.14,0.02,sell,False,2022-09-30T19:55:41.993192+00:00
765,5072142428,15.14,0.02,sell,False,2022-09-30T19:55:41.878148+00:00
766,5072142377,15.14,0.02,sell,False,2022-09-30T19:55:40.574423+00:00
767,5072142355,15.14,0.02,sell,False,2022-09-30T19:55:40.216667+00:00
768,5072142171,15.14,0.02,sell,False,2022-09-30T19:55:38.557532+00:00
769,5072142145,15.14,0.02,sell,False,2022-09-30T19:55:38.179022+00:00
770,5072141941,15.14,0.02,sell,False,2022-09-30T19:55:36.231243+00:00
771,5072141890,15.14,0.02,sell,False,2022-09-30T19:55:35.663278+00:00
772,5072141805,15.14,0.02,sell,False,2022-09-30T19:55:33.921705+00:00
773,5072141794,15.14,0.02,sell,False,2022-09-30T19:55:33.678663+00:00
774,5072141684,15.14,0.02,sell,False,2022-09-30T19:55:31.805738+00:00
775,5072141662,15.14,0.02,sell,False,2022-09-30T19:55:31.586638+00:00
776,5072141553,15.14,0.02,sell,False,2022-09-30T19:55:30.321257+00:00
777,5072141521,15.14,0.02,sell,False,2022-09-30T19:55:30.009877+00:00
778,5072141425,15.15,0.02,sell,False,2022-09-30T19:55:28.100586+00:00
779,5072141401,15.15,0.02,sell,False,2022-09-30T19:55:27.662251+00:00
780,5072141264,15.15,0.02,sell,False,2022-09-30T19:55:25.835408+00:00
781,5072141246,15.15,0.02,sell,False,2022-09-30T19:55:25.697868+00:00
782,5072141090,15.15,0.02,sell,False,2022-09-30T19:55:23.992247+00:00
783,5072141082,15.15,0.02,sell,False,2022-09-30T19:55:23.680152+00:00
784,5072140995,15.15,0.02,sell,False,2022-09-30T19:55:22.360718+00:00
785,5072140986,15.15,0.02,sell,False,2022-09-30T19:55:22.130778+00:00
786,5072140767,15.15,0.02,sell,False,2022-09-30T19:55:20.198115+00:00
787,5072140758,15.15,0.02,sell,False,2022-09-30T19:55:20.019111+00:00
788,5072140650,15.15,0.02,sell,False,2022-09-30T19:55:18.486590+00:00
789,5072140586,15.15,0.02,sell,False,2022-09-30T19:55:17.707803+00:00
790,5072140464,15.15,0.02,sell,False,2022-09-30T19:55:16.218892+00:00
791,5072140463,15.15,0.02,sell,False,2022-09-30T19:55:16.218465+00:00
792,5072140171,15.15,0.02,sell,False,2022-09-30T19:55:14.355421+00:00
793,5072140065,15.15,0.02,sell,False,2022-09-30T19:55:13.837534+00:00
794,5072139799,15.15,0.02,sell,False,2022-09-30T19:55:11.720564+00:00
795,5072139798,15.15,0.02,sell,False,2022-09-30T19:55:11.720017+00:00
796,5072139592,15.15,0.02,sell,False,2022-09-30T19:55:09.901024+00:00
797,5072139587,15.15,0.02,sell,False,2022-09-30T19:55:09.848399+00:00
798,5072139448,15.15,0.02,sell,False,2022-09-30T19:55:08.362620+00:00
799,5072139415,15.15,0.02,sell,False,2022-09-30T19:55:08.006472+00:00
800,5072139163,15.135,0.02,sell,False,2022-09-30T19:55:06.262674+00:00
801,5072139129,15.135,0.02,sell,False,2022-09-30T19:55:06.095093+00:00
802,5072138535,15.145,0.02,sell,False,2022-09-30T19:55:04.318621+00:00
803,5072138497,15.145,0.02,sell,False,2022-09-30T19:55:03.784944+00:00
804,5072138281,15.145,0.02,sell,False,2022-09-30T19:55:02.257447+00:00
805,5072138142,15.155,0.02,sell,False,2022-09-30T19:55:01.600389+00:00
806,5072137803,15.155,0.02,sell,False,2022-09-30T19:55:00.127462+00:00
807,5072137798,15.155,0.02,sell,False,2022-09-30T19:55:00.015545+00:00
808,5072137700,15.155,0.02,sell,False,2022-09-30T19:54:58.555324+00:00
809,5072137620,15.155,0.02,sell,False,2022-09-30T19:54:57.690254+00:00
810,5072137485,15.155,0.02,sell,False,2022-09-30T19:54:56.404685+00:00
811,5072137441,15.155,0.02,sell,False,2022-09-30T19:54:55.770580+00:00
812,5072137365,15.155,0.02,sell,False,2022-09-30T19:54:54.342252+00:00
813,5072137356,15.155,0.02,sell,False,2022-09-30T19:54:53.988301+00:00
814,5072137258,15.155,0.02,sell,False,2022-09-30T19:54:51.816803+00:00
815,5072137249,15.155,0.02,sell,False,2022-09-30T19:54:51.658468+00:00
816,5072136979,15.155,0.02,sell,False,2022-09-30T19:54:49.887387+00:00
817,5072136976,15.155,0.02,sell,False,2022-09-30T19:54:49.811748+00:00
818,5072136893,15.155,0.02,sell,False,2022-09-30T19:54:48.352439+00:00
819,5072136861,15.155,0.02,sell,False,2022-09-30T19:54:48.078513+00:00
820,5072136495,15.155,0.02,sell,False,2022-09-30T19:54:46.122090+00:00
821,5072136475,15.155,0.02,sell,False,2022-09-30T19:54:45.637285+00:00
822,5072136398,15.155,0.02,sell,False,2022-09-30T19:54:44.185228+00:00
823,5072136383,15.155,0.02,sell,False,2022-09-30T19:54:43.725690+00:00
824,5072136314,15.155,0.02,sell,False,2022-09-30T19:54:42.451382+00:00
825,5072136299,15.155,0.02,sell,False,2022-09-30T19:54:42.093854+00:00
826,5072136067,15.16,0.02,sell,False,2022-09-30T19:54:40.723859+00:00
827,5072135661,15.16,0.02,sell,False,2022-09-30T19:54:39.708893+00:00
828,5072135590,15.16,0.02,sell,False,2022-09-30T19:54:38.430358+00:00
829,5072135552,15.16,0.02,sell,False,2022-09-30T19:54:37.934458+00:00
830,5072135470,15.16,0.02,sell,False,2022-09-30T19:54:36.427642+00:00
831,5072135453,15.16,0.02,sell,False,2022-09-30T19:54:35.756431+00:00
832,5072135351,15.16,0.02,sell,False,2022-09-30T19:54:34.254225+00:00
833,5072135324,15.16,0.02,sell,False,2022-09-30T19:54:33.713954+00:00
834,5072135186,15.16,0.02,sell,False,2022-09-30T19:54:32.460737+00:00
835,5072135145,15.16,0.02,sell,False,2022-09-30T19:54:31.850618+00:00
836,5072135093,15.16,0.02,sell,False,2022-09-30T19:54:30.446345+00:00
837,5072135070,15.16,0.02,sell,False,2022-09-30T19:54:29.886665+00:00
838,5072134748,15.16,0.02,sell,False,2022-09-30T19:54:28.258697+00:00
839,5072134629,15.16,0.02,sell,False,2022-09-30T19:54:27.933165+00:00
840,5072134400,15.16,0.02,sell,False,2022-09-30T19:54:26.478885+00:00
841,5072134357,15.16,0.02,sell,False,2022-09-30T19:54:25.778792+00:00
842,5072134294,15.16,0.02,sell,False,2022-09-30T19:54:24.443998+00:00
843,5072134222,15.16,0.02,sell,False,2022-09-30T19:54:23.682565+00:00
844,5072134161,15.16,0.02,sell,False,2022-09-30T19:54:22.446709+00:00
845,5072134100,15.16,0.02,sell,False,2022-09-30T19:54:21.716467+00:00
846,5072133688,15.175,0.02,sell,False,2022-09-30T19:54:19.858976+00:00
847,5072133666,15.175,0.02,sell,False,2022-09-30T19:54:19.751266+00:00
848,5072133617,15.175,0.02,sell,False,2022-09-30T19:54:18.622016+00:00
849,5072133599,15.175,0.02,sell,False,2022-09-30T19:54:18.227019+00:00
850,5072133459,15.175,0.02,sell,False,2022-09-30T19:54:16.473578+00:00
851,5072133417,15.175,0.02,sell,False,2022-09-30T19:54:16.064185+00:00
852,5072133285,15.185,0.02,sell,False,2022-09-30T19:54:13.940868+00:00
853,5072133261,15.185,0.02,sell,False,2022-09-30T19:54:13.839368+00:00
854,5072133194,15.185,0.02,sell,False,2022-09-30T19:54:12.537824+00:00
855,5072133160,15.185,0.02,sell,False,2022-09-30T19:54:11.962250+00:00
856,5072132902,15.185,0.02,sell,False,2022-09-30T19:54:10.063687+00:00
857,5072132901,15.185,0.02,sell,False,2022-09-30T19:54:10.063016+00:00
858,5072132694,15.185,0.02,sell,False,2022-09-30T19:54:08.254030+00:00
859,5072132673,15.185,0.02,sell,False,2022-09-30T19:54:08.161902+00:00
860,5072132373,15.185,0.02,sell,False,2022-09-30T19:54:06.497756+00:00
861,5072132282,15.185,0.02,sell,False,2022-09-30T19:54:05.773682+00:00
862,5072132057,15.185,0.02,sell,False,2022-09-30T19:54:04.005887+00:00
863,5072132030,15.185,0.02,sell,False,2022-09-30T19:54:03.898763+00:00
864,5072131632,15.185,0.02,sell,False,2022-09-30T19:54:02.220873+00:00
865,5072131604,15.185,0.02,sell,False,2022-09-30T19:54:02.085985+00:00
866,5072131406,15.185,0.02,sell,False,2022-09-30T19:54:00.488212+00:00
867,5072131325,15.185,0.02,sell,False,2022-09-30T19:54:00.043658+00:00
868,5072131212,15.185,0.02,sell,False,2022-09-30T19:53:58.495910+00:00
869,5072131102,15.185,0.02,sell,False,2022-09-30T19:53:57.832681+00:00
870,5072130850,15.185,0.02,sell,False,2022-09-30T19:53:56.434430+00:00
871,5072130811,15.185,0.02,sell,False,2022-09-30T19:53:56.098855+00:00
872,5072130688,15.185,0.02,sell,False,2022-09-30T19:53:54.523464+00:00
873,5072130578,15.185,0.02,sell,False,2022-09-30T19:53:53.612708+00:00
874,5072130512,15.185,0.02,sell,False,2022-09-30T19:53:52.472269+00:00
875,5072130434,15.185,0.02,sell,False,2022-09-30T19:53:52.010086+00:00
876,5072130186,15.185,0.02,sell,False,2022-09-30T19:53:50.431197+00:00
877,5072130135,15.185,0.02,sell,False,2022-09-30T19:53:49.713153+00:00
878,5072130022,15.185,0.02,sell,False,2022-09-30T19:53:48.404961+00:00
879,5072129966,15.185,0.02,sell,False,2022-09-30T19:53:48.064971+00:00
880,5072129664,15.185,0.02,sell,False,2022-09-30T19:53:46.427656+00:00
881,5072129502,15.185,0.02,sell,False,2022-09-30T19:53:45.790456+00:00
882,5072129301,15.185,0.02,sell,False,2022-09-30T19:53:44.530426+00:00
883,5072129245,15.185,0.02,sell,False,2022-09-30T19:53:43.637164+00:00
884,5072129100,15.185,0.02,sell,False,2022-09-30T19:53:41.971838+00:00
885,5072129073,15.185,0.02,sell,False,2022-09-30T19:53:41.627171+00:00
886,5072128968,15.185,0.02,sell,False,2022-09-30T19:53:39.738801+00:00
887,5072128928,15.185,0.02,sell,False,2022-09-30T19:53:39.599061+00:00
888,5072128657,15.185,0.02,sell,False,2022-09-30T19:53:37.796680+00:00
889,5072128634,15.185,0.02,sell,False,2022-09-30T19:53:37.674031+00:00
890,5072128423,15.185,0.02,sell,False,2022-09-30T19:53:36.377262+00:00
891,5072128399,15.185,0.02,sell,False,2022-09-30T19:53:36.148785+00:00
892,5072128123,15.185,0.02,sell,False,2022-09-30T19:53:34.299374+00:00
893,5072128107,15.185,0.02,sell,False,2022-09-30T19:53:33.964607+00:00
894,5072127897,15.18,0.02,sell,False,2022-09-30T19:53:31.881801+00:00
895,5072127896,15.18,0.02,sell,False,2022-09-30T19:53:31.881127+00:00
896,5072127573,15.18,0.01,sell,False,2022-09-30T19:53:30.423627+00:00
897,5072127572,15.19,0.01,sell,False,2022-09-30T19:53:30.423627+00:00
898,5072127506,15.19,0.02,sell,False,2022-09-30T19:53:30.119237+00:00
899,5072127359,15.19,0.02,sell,False,2022-09-30T19:53:28.567808+00:00
900,5072127266,15.195,0.02,sell,False,2022-09-30T19:53:28.254344+00:00
901,5072126963,15.195,0.02,sell,False,2022-09-30T19:53:26.258225+00:00
902,5072126904,15.195,0.02,sell,False,2022-09-30T19:53:26.076126+00:00
903,5072126563,15.195,0.02,sell,False,2022-09-30T19:53:23.993955+00:00
904,5072126486,15.195,0.02,sell,False,2022-09-30T19:53:23.692662+00:00
905,5072126192,15.205,0.02,sell,False,2022-09-30T19:53:22.310407+00:00
906,5072126165,15.205,0.02,sell,False,2022-09-30T19:53:22.063316+00:00
907,5072125988,15.205,0.02,sell,False,2022-09-30T19:53:20.315403+00:00
908,5072125870,15.205,0.02,sell,False,2022-09-30T19:53:19.880801+00:00
909,5072125320,15.205,0.02,sell,False,2022-09-30T19:53:18.154318+00:00
910,5072125193,15.205,0.02,sell,False,2022-09-30T19:53:17.744934+00:00
911,5072125073,15.205,0.02,sell,False,2022-09-30T19:53:16.385848+00:00
912,5072125067,15.205,0.02,sell,False,2022-09-30T19:53:16.292737+00:00
913,5072124742,15.205,0.02,sell,False,2022-09-30T19:53:14.559401+00:00
914,5072124687,15.205,0.02,sell,False,2022-09-30T19:53:14.306308+00:00
915,5072124371,15.205,0.02,sell,False,2022-09-30T19:53:11.935825+00:00
916,5072124355,15.205,0.02,sell,False,2022-09-30T19:53:11.765578+00:00
917,5072124075,15.205,0.02,sell,False,2022-09-30T19:53:09.921738+00:00
918,5072124058,15.205,0.02,sell,False,2022-09-30T19:53:09.823509+00:00
919,5072123640,15.205,0.02,sell,False,2022-09-30T19:53:08.270538+00:00
920,5072123624,15.205,0.02,sell,False,2022-09-30T19:53:08.180350+00:00
921,5072123121,15.205,0.02,sell,False,2022-09-30T19:53:05.897993+00:00
922,5072123095,15.205,0.02,sell,False,2022-09-30T19:53:05.752168+00:00
923,5072122968,15.205,0.02,sell,False,2022-09-30T19:53:04.573672+00:00
924,5072122887,15.205,0.02,sell,False,2022-09-30T19:53:04.309505+00:00
925,5072122466,15.205,0.02,sell,False,2022-09-30T19:53:01.859238+00:00
926,5072122449,15.205,0.02,sell,False,2022-09-30T19:53:01.737452+00:00
927,5072122012,15.205,0.02,sell,False,2022-09-30T19:53:00.154288+00:00
928,5072121996,15.205,0.02,sell,False,2022-09-30T19:53:00.012892+00:00
929,5072121710,15.205,0.02,sell,False,2022-09-30T19:52:58.532526+00:00
930,5072121493,15.205,0.02,sell,False,2022-09-30T19:52:57.768612+00:00
931,5072121145,15.205,0.02,sell,False,2022-09-30T19:52:56.389400+00:00
932,5072121133,15.205,0.02,sell,False,2022-09-30T19:52:56.310193+00:00
933,5072120713,15.205,0.02,sell,False,2022-09-30T19:52:54.387651+00:00
934,5072120612,15.205,0.02,sell,False,2022-09-30T19:52:53.888927+00:00
935,5072120410,15.205,0.02,sell,False,2022-09-30T19:52:52.549419+00:00
936,5072120274,15.205,0.02,sell,False,2022-09-30T19:52:51.586501+00:00
937,5072120100,15.205,0.02,sell,False,2022-09-30T19:52:50.017084+00:00
938,5072119977,15.205,0.02,sell,False,2022-09-30T19:52:49.584896+00:00
939,5072119416,15.205,0.02,sell,False,2022-09-30T19:52:48.342753+00:00
940,5072119277,15.205,0.02,sell,False,2022-09-30T19:52:47.886353+00:00
941,5072119101,15.205,0.02,sell,False,2022-09-30T19:52:46.332161+00:00
942,5072119100,15.205,0.02,sell,False,2022-09-30T19:52:46.331403+00:00
943,5072118854,15.205,0.02,sell,False,2022-09-30T19:52:44.396835+00:00
944,5072118775,15.205,0.02,sell,False,2022-09-30T19:52:43.879026+00:00
945,5072118459,15.205,0.02,sell,False,2022-09-30T19:52:42.527215+00:00
946,5072118321,15.205,0.02,sell,False,2022-09-30T19:52:41.861149+00:00
947,5072117972,15.205,0.02,sell,False,2022-09-30T19:52:40.011732+00:00
948,5072117802,15.205,0.02,sell,False,2022-09-30T19:52:39.624626+00:00
949,5072117460,15.205,0.02,sell,False,2022-09-30T19:52:37.934862+00:00
950,5072117407,15.205,0.02,sell,False,2022-09-30T19:52:37.794229+00:00
951,5072116952,15.205,0.02,sell,False,2022-09-30T19:52:36.237114+00:00
952,5072116653,15.205,0.02,sell,False,2022-09-30T19:52:35.744699+00:00
953,5072116103,15.205,0.02,sell,False,2022-09-30T19:52:33.671648+00:00
954,5072116100,15.205,0.02,sell,False,2022-09-30T19:52:33.615274+00:00
955,5072115695,15.205,0.02,sell,False,2022-09-30T19:52:32.102352+00:00
956,5072115617,15.205,0.02,sell,False,2022-09-30T19:52:31.744618+00:00
957,5072115281,15.205,0.02,sell,False,2022-09-30T19:52:30.403065+00:00
958,5072115246,15.205,0.02,sell,False,2022-09-30T19:52:30.255437+00:00
959,5072114687,15.205,0.02,sell,False,2022-09-30T19:52:28.532226+00:00
960,5072114434,15.205,0.02,sell,False,2022-09-30T19:52:27.819947+00:00
961,5072113987,15.205,0.02,sell,False,2022-09-30T19:52:26.553050+00:00
962,5072113755,15.205,0.02,sell,False,2022-09-30T19:52:25.907184+00:00
963,5072112416,15.2,0.02,sell,False,2022-09-30T19:52:23.828936+00:00
964,5072112329,15.2,0.02,sell,False,2022-09-30T19:52:23.594820+00:00
965,5072111102,15.215,0.02,sell,False,2022-09-30T19:52:21.714560+00:00
966,5072111057,15.215,0.02,sell,False,2022-09-30T19:52:21.643912+00:00
967,5072109650,15.215,0.02,sell,False,2022-09-30T19:52:19.777981+00:00
968,5072109573,15.215,0.02,sell,False,2022-09-30T19:52:19.666232+00:00
969,5072108291,15.215,0.02,sell,False,2022-09-30T19:52:17.868150+00:00
970,5072108170,15.215,0.02,sell,False,2022-09-30T19:52:17.652390+00:00
971,5072107297,15.215,0.02,sell,False,2022-09-30T19:52:16.242918+00:00
972,5072107024,15.215,0.02,sell,False,2022-09-30T19:52:15.864732+00:00
973,5072105658,15.215,0.02,sell,False,2022-09-30T19:52:14.476741+00:00
974,5072105657,15.215,0.02,sell,False,2022-09-30T19:52:14.476025+00:00
975,5072102663,15.225,0.02,sell,False,2022-09-30T19:52:11.709687+00:00
976,5072102662,15.225,0.02,sell,False,2022-09-30T19:52:11.708989+00:00
977,5072100546,15.225,0.02,sell,False,2022-09-30T19:52:10.365058+00:00
978,5072099704,15.225,0.02,sell,False,2022-09-30T19:52:09.967228+00:00
979,5072096922,15.225,0.02,sell,False,2022-09-30T19:52:07.679825+00:00
980,5072096859,15.225,0.02,sell,False,2022-09-30T19:52:07.595546+00:00
981,5072095720,15.225,0.02,sell,False,2022-09-30T19:52:06.425561+00:00
982,5072095310,15.225,0.02,sell,False,2022-09-30T19:52:05.731346+00:00
983,5072094536,15.225,0.02,sell,False,2022-09-30T19:52:04.283747+00:00
984,5072094101,15.225,0.02,sell,False,2022-09-30T19:52:03.596440+00:00
985,5072092248,15.225,0.02,sell,False,2022-09-30T19:52:01.956411+00:00
986,5072092026,15.225,0.02,sell,False,2022-09-30T19:52:01.631337+00:00
987,5072090966,15.225,0.02,sell,False,2022-09-30T19:52:00.353210+00:00
988,5072090545,15.225,0.02,sell,False,2022-09-30T19:51:59.729487+00:00
989,5072090098,15.225,0.02,sell,False,2022-09-30T19:51:58.468103+00:00
990,5072089805,15.225,0.02,sell,False,2022-09-30T19:51:57.770203+00:00
991,5072089250,15.225,0.02,sell,False,2022-09-30T19:51:56.423803+00:00
992,5072089004,15.225,0.02,sell,False,2022-09-30T19:51:55.651851+00:00
993,5072088682,15.225,0.02,sell,False,2022-09-30T19:51:54.471768+00:00
994,5072088461,15.225,0.02,sell,False,2022-09-30T19:51:53.610273+00:00
995,5072088191,15.225,0.02,sell,False,2022-09-30T19:51:52.506728+00:00
996,5072088003,15.225,0.02,sell,False,2022-09-30T19:51:52.080814+00:00
997,5072087395,15.225,0.02,sell,False,2022-09-30T19:51:50.264337+00:00
998,5072087310,15.225,0.02,sell,False,2022-09-30T19:51:50.112039+00:00
999,5072085823,15.225,0.02,sell,False,2022-09-30T19:51:48.226906+00:00
1000,5072085778,15.225,0.02,sell,False,2022-09-30T19:51:48.145208+00:00
1001,5072085035,15.225,0.02,sell,False,2022-09-30T19:51:46.149819+00:00
1002,5072085025,15.225,0.02,sell,False,2022-09-30T19:51:46.094923+00:00
1003,5072084811,15.225,0.02,sell,False,2022-09-30T19:51:44.214307+00:00
1004,5072084795,15.225,0.02,sell,False,2022-09-30T19:51:43.920992+00:00
1005,5072084410,15.225,0.02,sell,False,2022-09-30T19:51:42.164856+00:00
1006,5072084393,15.225,0.02,sell,False,2022-09-30T19:51:41.833071+00:00
1007,5072084212,15.225,0.02,sell,False,2022-09-30T19:51:40.386115+00:00
1008,5072084191,15.225,0.02,sell,False,2022-09-30T19:51:40.057045+00:00
1009,5072084039,15.2,0.02,sell,False,2022-09-30T19:51:38.167941+00:00
1010,5072084014,15.2,0.02,sell,False,2022-09-30T19:51:38.093796+00:00
1011,5072083880,15.2,0.02,sell,False,2022-09-30T19:51:36.317024+00:00
1012,5072083785,15.2,0.02,sell,False,2022-09-30T19:51:35.601148+00:00
1013,5072083553,15.23,0.02,sell,False,2022-09-30T19:51:34.347947+00:00
1014,5072083367,15.23,0.02,sell,False,2022-09-30T19:51:33.869344+00:00
1015,5072083055,15.23,0.02,sell,False,2022-09-30T19:51:32.214276+00:00
1016,5072083038,15.23,0.02,sell,False,2022-09-30T19:51:32.060483+00:00
1017,5072082310,15.23,0.02,sell,False,2022-09-30T19:51:29.734452+00:00
1018,5072082302,15.23,0.02,sell,False,2022-09-30T19:51:29.619214+00:00
1019,5072082153,15.23,0.02,sell,False,2022-09-30T19:51:28.212332+00:00
1020,5072082123,15.23,0.02,sell,False,2022-09-30T19:51:28.073549+00:00
1021,5072081965,15.23,0.02,sell,False,2022-09-30T19:51:26.323967+00:00
1022,5072081888,15.23,0.02,sell,False,2022-09-30T19:51:25.582893+00:00
1023,5072081699,15.23,0.02,sell,False,2022-09-30T19:51:24.084645+00:00
1024,5072081660,15.23,0.02,sell,False,2022-09-30T19:51:23.682331+00:00
1025,5072081412,15.23,0.02,sell,False,2022-09-30T19:51:22.472739+00:00
1026,5072081407,15.23,0.02,sell,False,2022-09-30T19:51:22.421911+00:00
1027,5072080806,15.23,0.02,sell,False,2022-09-30T19:51:20.431435+00:00
1028,5072080767,15.23,0.02,sell,False,2022-09-30T19:51:20.245534+00:00
1029,5072080555,15.23,0.02,sell,False,2022-09-30T19:51:18.543028+00:00
1030,5072080474,15.23,0.02,sell,False,2022-09-30T19:51:18.103008+00:00
1031,5072080353,15.23,0.02,sell,False,2022-09-30T19:51:16.381326+00:00
1032,5072080279,15.23,0.02,sell,False,2022-09-30T19:51:15.861935+00:00
1033,5072080102,15.23,0.02,sell,False,2022-09-30T19:51:14.460556+00:00
1034,5072080021,15.23,0.02,sell,False,2022-09-30T19:51:13.976549+00:00
1035,5072079731,15.23,0.02,sell,False,2022-09-30T19:51:12.290342+00:00
1036,5072079599,15.23,0.02,sell,False,2022-09-30T19:51:11.912339+00:00
1037,5072079062,15.23,0.02,sell,False,2022-09-30T19:51:10.287743+00:00
1038,5072079027,15.23,0.02,sell,False,2022-09-30T19:51:09.899485+00:00
1039,5072078829,15.23,0.02,sell,False,2022-09-30T19:51:08.534611+00:00
1040,5072078809,15.23,0.02,sell,False,2022-09-30T19:51:08.197697+00:00
1041,5072078466,15.23,0.02,sell,False,2022-09-30T19:51:06.065590+00:00
1042,5072078396,15.23,0.02,sell,False,2022-09-30T19:51:05.712249+00:00
1043,5072078230,15.23,0.02,sell,False,2022-09-30T19:51:04.079051+00:00
1044,5072078209,15.23,0.02,sell,False,2022-09-30T19:51:03.981289+00:00
1045,5072077959,15.23,0.02,sell,False,2022-09-30T19:51:02.126995+00:00
1046,5072077934,15.23,0.02,sell,False,2022-09-30T19:51:01.804611+00:00
1047,5072077747,15.23,0.02,sell,False,2022-09-30T19:51:00.121223+00:00
1048,5072077727,15.23,0.02,sell,False,2022-09-30T19:50:59.694049+00:00
1049,5072077544,15.23,0.02,sell,False,2022-09-30T19:50:58.347430+00:00
1050,5072077523,15.23,0.02,sell,False,2022-09-30T19:50:58.120957+00:00
1051,5072077426,15.23,0.02,sell,False,2022-09-30T19:50:56.492752+00:00
1052,5072077407,15.23,0.02,sell,False,2022-09-30T19:50:56.066780+00:00
1053,5072077341,15.23,0.02,sell,False,2022-09-30T19:50:54.440091+00:00
1054,5072077320,15.23,0.02,sell,False,2022-09-30T19:50:53.964892+00:00
1055,5072077199,15.23,0.02,sell,False,2022-09-30T19:50:52.506154+00:00
1056,5072077151,15.23,0.02,sell,False,2022-09-30T19:50:51.724876+00:00
1057,5072076994,15.23,0.02,sell,False,2022-09-30T19:50:50.179999+00:00
1058,5072076974,15.23,0.02,sell,False,2022-09-30T19:50:50.028339+00:00
1059,5072076873,15.23,0.02,sell,False,2022-09-30T19:50:48.064878+00:00
1060,5072076871,15.23,0.02,sell,False,2022-09-30T19:50:48.004063+00:00
1061,5072076725,15.23,0.02,sell,False,2022-09-30T19:50:46.414660+00:00
1062,5072076684,15.23,0.02,sell,False,2022-09-30T19:50:46.104081+00:00
1063,5072076464,15.2,0.02,sell,False,2022-09-30T19:50:44.244119+00:00
1064,5072076439,15.2,0.02,sell,False,2022-09-30T19:50:44.130174+00:00
1065,5072075997,15.2,0.02,sell,False,2022-09-30T19:50:42.271079+00:00
1066,5072075983,15.2,0.02,sell,False,2022-09-30T19:50:42.138677+00:00
1067,5072075495,15.215,0.02,sell,False,2022-09-30T19:50:40.200515+00:00
1068,5072075476,15.215,0.02,sell,False,2022-09-30T19:50:39.967390+00:00
1069,5072075057,15.215,0.02,sell,False,2022-09-30T19:50:37.762149+00:00
1070,5072075016,15.215,0.02,sell,False,2022-09-30T19:50:37.681730+00:00
1071,5072074830,15.215,0.02,sell,False,2022-09-30T19:50:36.498018+00:00
1072,5072074686,15.215,0.02,sell,False,2022-09-30T19:50:35.736990+00:00
1073,5072073543,15.225,0.02,sell,False,2022-09-30T19:50:34.147254+00:00
1074,5072073353,15.225,0.02,sell,False,2022-09-30T19:50:33.723385+00:00
1075,5072073140,15.225,0.02,sell,False,2022-09-30T19:50:32.228972+00:00
1076,5072073072,15.225,0.02,sell,False,2022-09-30T19:50:31.763774+00:00
1077,5072072886,15.225,0.02,sell,False,2022-09-30T19:50:30.497881+00:00
1078,5072072841,15.2,0.02,sell,False,2022-09-30T19:50:30.140954+00:00
1079,5072072725,15.2,0.02,sell,False,2022-09-30T19:50:28.587740+00:00
1080,5072072589,15.235,0.02,sell,False,2022-09-30T19:50:27.761612+00:00
1081,5072072463,15.235,0.02,sell,False,2022-09-30T19:50:26.140028+00:00
1082,5072072423,15.235,0.02,sell,False,2022-09-30T19:50:25.660187+00:00
1083,5072072272,15.235,0.02,sell,False,2022-09-30T19:50:23.937930+00:00
1084,5072072263,15.235,0.02,sell,False,2022-09-30T19:50:23.862558+00:00
1085,5072072056,15.235,0.02,sell,False,2022-09-30T19:50:22.020610+00:00
1086,5072072008,15.235,0.02,sell,False,2022-09-30T19:50:21.791771+00:00
1087,5072071777,15.235,0.02,sell,False,2022-09-30T19:50:20.464681+00:00
1088,5072071715,15.2,0.02,sell,False,2022-09-30T19:50:20.017333+00:00
1089,5072071275,15.22,0.02,sell,False,2022-09-30T19:50:17.742350+00:00
1090,5072071274,15.22,0.02,sell,False,2022-09-30T19:50:17.741747+00:00
1091,5072070976,15.22,0.02,sell,False,2022-09-30T19:50:16.153821+00:00
1092,5072070704,15.22,0.02,sell,False,2022-09-30T19:50:15.592029+00:00
1093,5072070574,15.22,0.02,sell,False,2022-09-30T19:50:14.530765+00:00
1094,5072070386,15.22,0.02,sell,False,2022-09-30T19:50:13.671697+00:00
1095,5072069268,15.22,0.02,sell,False,2022-09-30T19:50:12.093925+00:00
1096,5072069224,15.245,0.02,sell,False,2022-09-30T19:50:11.588574+00:00
1097,5072068845,15.24,0.02,sell,False,2022-09-30T19:50:09.906668+00:00
1098,5072068791,15.24,0.02,sell,False,2022-09-30T19:50:09.645625+00:00
1099,5072068369,15.24,0.02,sell,False,2022-09-30T19:50:08.382334+00:00
1100,5072068033,15.24,0.02,sell,False,2022-09-30T19:50:07.628053+00:00
1101,5072067736,15.24,0.02,sell,False,2022-09-30T19:50:05.790945+00:00
1102,5072067708,15.24,0.02,sell,False,2022-09-30T19:50:05.647743+00:00
1103,5072067456,15.24,0.02,sell,False,2022-09-30T19:50:04.246160+00:00
1104,5072067418,15.24,0.02,sell,False,2022-09-30T19:50:04.001043+00:00
1105,5072066678,15.24,0.02,sell,False,2022-09-30T19:50:02.122883+00:00
1106,5072066555,15.24,0.02,sell,False,2022-09-30T19:50:01.776441+00:00
1107,5072065453,15.26,0.02,sell,False,2022-09-30T19:50:00.277980+00:00
1108,5072065207,15.26,0.02,sell,False,2022-09-30T19:49:59.593472+00:00
1109,5072065156,15.26,0.02,sell,False,2022-09-30T19:49:57.900590+00:00
1110,5072065136,15.26,0.02,sell,False,2022-09-30T19:49:57.578849+00:00
1111,5072065058,15.26,0.02,sell,False,2022-09-30T19:49:56.012603+00:00
1112,5072065049,15.26,0.02,sell,False,2022-09-30T19:49:55.758284+00:00
1113,5072064892,15.26,0.02,sell,False,2022-09-30T19:49:54.355000+00:00
1114,5072064742,15.26,0.02,sell,False,2022-09-30T19:49:53.758110+00:00
1115,5072064499,15.26,0.02,sell,False,2022-09-30T19:49:52.326041+00:00
1116,5072064487,15.26,0.02,sell,False,2022-09-30T19:49:51.829279+00:00
1117,5072064426,15.26,0.02,sell,False,2022-09-30T19:49:50.416220+00:00
1118,5072064425,15.26,0.02,sell,False,2022-09-30T19:49:50.415774+00:00
1119,5072064378,15.26,0.02,sell,False,2022-09-30T19:49:48.572252+00:00
1120,5072064374,15.26,0.02,sell,False,2022-09-30T19:49:48.370569+00:00
1121,5072064329,15.26,0.02,sell,False,2022-09-30T19:49:46.145258+00:00
1122,5072064324,15.26,0.02,sell,False,2022-09-30T19:49:46.015383+00:00
1123,5072064248,15.26,0.02,sell,False,2022-09-30T19:49:43.768118+00:00
1124,5072064240,15.26,0.02,sell,False,2022-09-30T19:49:43.583133+00:00
1125,5072064179,15.26,0.02,sell,False,2022-09-30T19:49:42.204484+00:00
1126,5072064145,15.26,0.02,sell,False,2022-09-30T19:49:42.053766+00:00
1127,5072064104,15.26,0.02,sell,False,2022-09-30T19:49:40.359515+00:00
1128,5072064095,15.26,0.02,sell,False,2022-09-30T19:49:40.044604+00:00
1129,5072064035,15.26,0.02,sell,False,2022-09-30T19:49:38.165030+00:00
1130,5072064033,15.26,0.02,sell,False,2022-09-30T19:49:38.059025+00:00
1131,5072063981,15.26,0.02,sell,False,2022-09-30T19:49:36.514607+00:00
1132,5072063974,15.26,0.02,sell,False,2022-09-30T19:49:36.081979+00:00
1133,5072063923,15.26,0.02,sell,False,2022-09-30T19:49:34.223658+00:00
1134,5072063917,15.26,0.02,sell,False,2022-09-30T19:49:33.988372+00:00
1135,5072063872,15.24,0.02,sell,False,2022-09-30T19:49:32.380578+00:00
1136,5072063860,15.24,0.02,sell,False,2022-09-30T19:49:31.841137+00:00
1137,5072063819,15.24,0.02,sell,False,2022-09-30T19:49:30.417107+00:00
1138,5072063798,15.24,0.02,sell,False,2022-09-30T19:49:29.851318+00:00
1139,5072063722,15.26,0.02,sell,False,2022-09-30T19:49:28.286705+00:00
1140,5072063713,15.26,0.02,sell,False,2022-09-30T19:49:27.740876+00:00
1141,5072063648,15.24,0.02,sell,False,2022-09-30T19:49:26.056635+00:00
1142,5072063636,15.24,0.02,sell,False,2022-09-30T19:49:25.670733+00:00
1143,5072063577,15.24,0.02,sell,False,2022-09-30T19:49:24.392185+00:00
1144,5072063503,15.24,0.02,sell,False,2022-09-30T19:49:23.592181+00:00
1145,5072063455,15.265,0.02,sell,False,2022-09-30T19:49:22.563497+00:00
1146,5072063434,15.265,0.02,sell,False,2022-09-30T19:49:21.786346+00:00
1147,5072063364,15.265,0.02,sell,False,2022-09-30T19:49:20.304104+00:00
1148,5072063363,15.265,0.02,sell,False,2022-09-30T19:49:20.303506+00:00
1149,5072063309,15.265,0.02,sell,False,2022-09-30T19:49:18.395959+00:00
1150,5072063283,15.265,0.02,sell,False,2022-09-30T19:49:17.919736+00:00
1151,5072063132,15.265,0.02,sell,False,2022-09-30T19:49:16.170517+00:00
1152,5072063118,15.265,0.02,sell,False,2022-09-30T19:49:15.860604+00:00
1153,5072063043,15.265,0.02,sell,False,2022-09-30T19:49:13.875932+00:00
1154,5072063034,15.265,0.02,sell,False,2022-09-30T19:49:13.828144+00:00
1155,5072062882,15.265,0.02,sell,False,2022-09-30T19:49:11.897990+00:00
1156,5072062874,15.265,0.02,sell,False,2022-09-30T19:49:11.708045+00:00
1157,5072062799,15.265,0.02,sell,False,2022-09-30T19:49:10.518533+00:00
1158,5072062794,15.265,0.02,sell,False,2022-09-30T19:49:10.367482+00:00
1159,5072062687,15.265,0.02,sell,False,2022-09-30T19:49:08.463080+00:00
1160,5072062666,15.24,0.02,sell,False,2022-09-30T19:49:07.996065+00:00
1161,5072062614,15.27,0.02,sell,False,2022-09-30T19:49:06.267767+00:00
1162,5072062613,15.27,0.02,sell,False,2022-09-30T19:49:06.267055+00:00
1163,5072062475,15.275,0.02,sell,False,2022-09-30T19:49:04.462183+00:00
1164,5072062460,15.275,0.02,sell,False,2022-09-30T19:49:04.152955+00:00
1165,5072062415,15.27,0.02,sell,False,2022-09-30T19:49:02.329853+00:00
1166,5072062401,15.27,0.02,sell,False,2022-09-30T19:49:01.887839+00:00
1167,5072062317,15.27,0.02,sell,False,2022-09-30T19:49:00.149116+00:00
1168,5072062302,15.27,0.02,sell,False,2022-09-30T19:48:59.748051+00:00
1169,5072062204,15.28,0.02,sell,False,2022-09-30T19:48:58.120998+00:00
1170,5072062195,15.28,0.02,sell,False,2022-09-30T19:48:57.969282+00:00
1171,5072062110,15.28,0.02,sell,False,2022-09-30T19:48:56.019981+00:00
1172,5072062107,15.28,0.02,sell,False,2022-09-30T19:48:55.960354+00:00
1173,5072061938,15.28,0.02,sell,False,2022-09-30T19:48:54.397619+00:00
1174,5072061894,15.28,0.02,sell,False,2022-09-30T19:48:53.653038+00:00
1175,5072061852,15.28,0.02,sell,False,2022-09-30T19:48:52.546817+00:00
1176,5072061793,15.28,0.02,sell,False,2022-09-30T19:48:51.684003+00:00
1177,5072061709,15.28,0.02,sell,False,2022-09-30T19:48:50.260807+00:00
1178,5072061694,15.28,0.02,sell,False,2022-09-30T19:48:49.753861+00:00
1179,5072061639,15.28,0.02,sell,False,2022-09-30T19:48:48.062271+00:00
1180,5072061633,15.28,0.02,sell,False,2022-09-30T19:48:47.867282+00:00
1181,5072061519,15.28,0.02,sell,False,2022-09-30T19:48:45.920327+00:00
1182,5072061511,15.28,0.02,sell,False,2022-09-30T19:48:45.850563+00:00
1183,5072061362,15.28,0.02,sell,False,2022-09-30T19:48:44.497297+00:00
1184,5072061348,15.28,0.02,sell,False,2022-09-30T19:48:44.310492+00:00
1185,5072061305,15.28,0.02,sell,False,2022-09-30T19:48:42.498780+00:00
1186,5072061257,15.28,0.02,sell,False,2022-09-30T19:48:42.069583+00:00
1187,5072061185,15.28,0.02,sell,False,2022-09-30T19:48:40.528871+00:00
1188,5072061148,15.28,0.02,sell,False,2022-09-30T19:48:39.839021+00:00
1189,5072061077,15.27,0.02,sell,False,2022-09-30T19:48:38.155797+00:00
1190,5072061072,15.27,0.02,sell,False,2022-09-30T19:48:38.065619+00:00
1191,5072061029,15.27,0.02,sell,False,2022-09-30T19:48:36.456736+00:00
1192,5072061028,15.27,0.02,sell,False,2022-09-30T19:48:36.456105+00:00
1193,5072060937,15.27,0.02,sell,False,2022-09-30T19:48:34.478225+00:00
1194,5072060803,15.28,0.02,sell,False,2022-09-30T19:48:33.759802+00:00
1195,5072060704,15.28,0.02,sell,False,2022-09-30T19:48:31.955040+00:00
1196,5072060696,15.28,0.02,sell,False,2022-09-30T19:48:31.707300+00:00
1197,5072060658,15.28,0.02,sell,False,2022-09-30T19:48:30.379514+00:00
1198,5072060651,15.28,0.02,sell,False,2022-09-30T19:48:30.147339+00:00
1199,5072060509,15.28,0.02,sell,False,2022-09-30T19:48:28.299387+00:00
1200,5072060483,15.28,0.02,sell,False,2022-09-30T19:48:27.638126+00:00
1201,5072060438,15.28,0.02,sell,False,2022-09-30T19:48:26.489782+00:00
1202,5072060378,15.28,0.02,sell,False,2022-09-30T19:48:25.803985+00:00
1203,5072060301,15.28,0.02,sell,False,2022-09-30T19:48:23.985894+00:00
1204,5072060298,15.28,0.02,sell,False,2022-09-30T19:48:23.910927+00:00
1205,5072060253,15.28,0.02,sell,False,2022-09-30T19:48:22.465519+00:00
1206,5072060230,15.28,0.02,sell,False,2022-09-30T19:48:22.091577+00:00
1207,5072060137,15.29,0.02,sell,False,2022-09-30T19:48:20.426787+00:00
1208,5072060029,15.29,0.02,sell,False,2022-09-30T19:48:19.865226+00:00
1209,5072059977,15.29,0.02,sell,False,2022-09-30T19:48:18.427482+00:00
1210,5072059937,15.29,0.02,sell,False,2022-09-30T19:48:18.005571+00:00
1211,5072059863,15.29,0.02,sell,False,2022-09-30T19:48:16.477064+00:00
1212,5072059751,15.27,0.02,sell,False,2022-09-30T19:48:15.778043+00:00
1213,5072059626,15.27,0.02,sell,False,2022-09-30T19:48:14.243977+00:00
1214,5072059615,15.27,0.02,sell,False,2022-09-30T19:48:13.954339+00:00
1215,5072059445,15.25,0.02,sell,False,2022-09-30T19:48:12.194553+00:00
1216,5072059412,15.25,0.02,sell,False,2022-09-30T19:48:12.073039+00:00
1217,5072059008,15.275,0.02,sell,False,2022-09-30T19:48:10.182914+00:00
1218,5072058996,15.275,0.02,sell,False,2022-09-30T19:48:09.952726+00:00
1219,5072058840,15.275,0.02,sell,False,2022-09-30T19:48:08.045537+00:00
1220,5072058826,15.275,0.02,sell,False,2022-09-30T19:48:07.586267+00:00
1221,5072058738,15.275,0.02,sell,False,2022-09-30T19:48:06.225394+00:00
1222,5072058674,15.275,0.02,sell,False,2022-09-30T19:48:05.566112+00:00
1223,5072058639,15.275,0.02,sell,False,2022-09-30T19:48:04.359631+00:00
1224,5072058638,15.275,0.02,sell,False,2022-09-30T19:48:04.329068+00:00
1225,5072058273,15.275,0.02,sell,False,2022-09-30T19:48:01.921861+00:00
1226,5072058254,15.275,0.02,sell,False,2022-09-30T19:48:01.835704+00:00
1227,5072058054,15.275,0.02,sell,False,2022-09-30T19:48:00.118006+00:00
1228,5072058048,15.275,0.02,sell,False,2022-09-30T19:47:59.939785+00:00
1229,5072057992,15.275,0.02,sell,False,2022-09-30T19:47:58.440245+00:00
1230,5072057965,15.275,0.02,sell,False,2022-09-30T19:47:58.073268+00:00
1231,5072057886,15.275,0.02,sell,False,2022-09-30T19:47:56.052550+00:00
1232,5072057881,15.275,0.02,sell,False,2022-09-30T19:47:55.866237+00:00
1233,5072057822,15.27,0.02,sell,False,2022-09-30T19:47:54.309139+00:00
1234,5072057775,15.27,0.02,sell,False,2022-09-30T19:47:54.088280+00:00
1235,5072057680,15.27,0.02,sell,False,2022-09-30T19:47:52.251450+00:00
1236,5072057674,15.27,0.02,sell,False,2022-09-30T19:47:51.823869+00:00
1237,5072057588,15.28,0.02,sell,False,2022-09-30T19:47:50.072694+00:00
1238,5072057578,15.28,0.02,sell,False,2022-09-30T19:47:49.860619+00:00
1239,5072057441,15.28,0.02,sell,False,2022-09-30T19:47:47.882285+00:00
1240,5072057429,15.28,0.02,sell,False,2022-09-30T19:47:47.616681+00:00
1241,5072057361,15.28,0.02,sell,False,2022-09-30T19:47:46.117692+00:00
1242,5072057346,15.28,0.02,sell,False,2022-09-30T19:47:45.740908+00:00
1243,5072057269,15.28,0.02,sell,False,2022-09-30T19:47:44.076597+00:00
1244,5072057265,15.28,0.02,sell,False,2022-09-30T19:47:43.969518+00:00
1245,5072057229,15.28,0.02,sell,False,2022-09-30T19:47:42.592981+00:00
1246,5072057223,15.28,0.02,sell,False,2022-09-30T19:47:42.449496+00:00
1247,5072057100,15.28,0.02,sell,False,2022-09-30T19:47:39.815256+00:00
1248,5072057097,15.28,0.02,sell,False,2022-09-30T19:47:39.606942+00:00
1249,5072057025,15.25,0.02,sell,False,2022-09-30T19:47:38.022692+00:00
1250,5072057024,15.25,0.02,sell,False,2022-09-30T19:47:38.022083+00:00
1251,5072056966,15.25,0.02,sell,False,2022-09-30T19:47:36.392264+00:00
1252,5072056955,15.25,0.02,sell,False,2022-09-30T19:47:36.168974+00:00
1253,5072056805,15.28,0.02,sell,False,2022-09-30T19:47:34.171574+00:00
1254,5072056797,15.28,0.02,sell,False,2022-09-30T19:47:33.712799+00:00
1255,5072056740,15.28,0.02,sell,False,2022-09-30T19:47:31.786211+00:00
1256,5072056737,15.28,0.02,sell,False,2022-09-30T19:47:31.707317+00:00
1257,5072056686,15.28,0.02,sell,False,2022-09-30T19:47:30.259283+00:00
1258,5072056685,15.28,0.02,sell,False,2022-09-30T19:47:30.258537+00:00
1259,5072056586,15.28,0.02,sell,False,2022-09-30T19:47:28.381534+00:00
1260,5072056583,15.28,0.02,sell,False,2022-09-30T19:47:28.348328+00:00
1261,5072056536,15.28,0.02,sell,False,2022-09-30T19:47:26.580279+00:00
1262,5072056493,15.28,0.02,sell,False,2022-09-30T19:47:25.870646+00:00
1263,5072056471,15.28,0.02,sell,False,2022-09-30T19:47:24.492128+00:00
1264,5072056426,15.28,0.02,sell,False,2022-09-30T19:47:23.642520+00:00
1265,5072056360,15.28,0.02,sell,False,2022-09-30T19:47:21.990100+00:00
1266,5072056349,15.28,0.02,sell,False,2022-09-30T19:47:21.651759+00:00
1267,5072056277,15.28,0.02,sell,False,2022-09-30T19:47:20.079464+00:00
1268,5072056224,15.28,0.02,sell,False,2022-09-30T19:47:19.572586+00:00
1269,5072056160,15.28,0.02,sell,False,2022-09-30T19:47:18.168564+00:00
1270,5072056150,15.28,0.02,sell,False,2022-09-30T19:47:18.083101+00:00
1271,5072055937,15.28,0.02,sell,False,2022-09-30T19:47:16.086255+00:00
1272,5072055912,15.28,0.02,sell,False,2022-09-30T19:47:15.674222+00:00
1273,5072055800,15.25,0.02,sell,False,2022-09-30T19:47:14.126802+00:00
1274,5072055717,15.25,0.02,sell,False,2022-09-30T19:47:13.863626+00:00
1275,5072055413,15.25,0.02,sell,False,2022-09-30T19:47:11.876657+00:00
1276,5072055400,15.25,0.02,sell,False,2022-09-30T19:47:11.713694+00:00
1277,5072055166,15.25,0.02,sell,False,2022-09-30T19:47:10.607332+00:00
1278,5072054970,15.26,0.02,sell,False,2022-09-30T19:47:09.901235+00:00
1279,5072054826,15.26,0.02,sell,False,2022-09-30T19:47:08.166164+00:00
1280,5072054821,15.26,0.02,sell,False,2022-09-30T19:47:07.797630+00:00
1281,5072054759,15.26,0.02,sell,False,2022-09-30T19:47:06.400890+00:00
1282,5072054748,15.26,0.02,sell,False,2022-09-30T19:47:06.333282+00:00
1283,5072054681,15.26,0.02,sell,False,2022-09-30T19:47:04.275130+00:00
1284,5072054679,15.26,0.02,sell,False,2022-09-30T19:47:04.125948+00:00
1285,5072054624,15.26,0.02,sell,False,2022-09-30T19:47:02.563774+00:00
1286,5072054605,15.26,0.02,sell,False,2022-09-30T19:47:02.125998+00:00
1287,5072054525,15.26,0.02,sell,False,2022-09-30T19:47:00.207874+00:00
1288,5072054516,15.26,0.02,sell,False,2022-09-30T19:46:59.835363+00:00
1289,5072054437,15.26,0.02,sell,False,2022-09-30T19:46:58.313796+00:00
1290,5072054430,15.26,0.02,sell,False,2022-09-30T19:46:58.115128+00:00
1291,5072054311,15.26,0.02,sell,False,2022-09-30T19:46:55.877714+00:00
1292,5072054308,15.26,0.02,sell,False,2022-09-30T19:46:55.739296+00:00
1293,5072054222,15.26,0.02,sell,False,2022-09-30T19:46:53.630669+00:00
1294,5072054213,15.26,0.02,sell,False,2022-09-30T19:46:53.576168+00:00
1295,5072054141,15.26,0.02,sell,False,2022-09-30T19:46:52.245983+00:00
1296,5072054128,15.26,0.02,sell,False,2022-09-30T19:46:51.792857+00:00
1297,5072054054,15.26,0.02,sell,False,2022-09-30T19:46:49.785535+00:00
1298,5072054041,15.26,0.02,sell,False,2022-09-30T19:46:49.724713+00:00
1299,5072053964,15.26,0.02,sell,False,2022-09-30T19:46:48.261007+00:00
1300,5072053926,15.26,0.02,sell,False,2022-09-30T19:46:47.653808+00:00
1301,5072053882,15.26,0.02,sell,False,2022-09-30T19:46:46.224206+00:00
1302,5072053862,15.26,0.02,sell,False,2022-09-30T19:46:45.829597+00:00
1303,5072053802,15.26,0.02,sell,False,2022-09-30T19:46:44.509657+00:00
1304,5072053775,15.26,0.02,sell,False,2022-09-30T19:46:43.685796+00:00
1305,5072053696,15.26,0.02,sell,False,2022-09-30T19:46:42.388627+00:00
1306,5072053695,15.26,0.02,sell,False,2022-09-30T19:46:42.388293+00:00
1307,5072053528,15.25,0.02,sell,False,2022-09-30T19:46:40.347911+00:00
1308,5072053521,15.25,0.02,sell,False,2022-09-30T19:46:40.093236+00:00
1309,5072053472,15.25,0.02,sell,False,2022-09-30T19:46:38.420063+00:00
1310,5072053411,15.25,0.02,sell,False,2022-09-30T19:46:37.617994+00:00
1311,5072053251,15.25,0.02,sell,False,2022-09-30T19:46:36.069236+00:00
1312,5072053243,15.25,0.02,sell,False,2022-09-30T19:46:35.700558+00:00
1313,5072053210,15.25,0.02,sell,False,2022-09-30T19:46:34.353217+00:00
1314,5072053152,15.27,0.02,sell,False,2022-09-30T19:46:33.663543+00:00
1315,5072053082,15.27,0.02,sell,False,2022-09-30T19:46:32.468855+00:00
1316,5072053003,15.27,0.02,sell,False,2022-09-30T19:46:31.785868+00:00
1317,5072052900,15.27,0.02,sell,False,2022-09-30T19:46:29.659163+00:00
1318,5072052897,15.27,0.02,sell,False,2022-09-30T19:46:29.608034+00:00
1319,5072052834,15.27,0.02,sell,False,2022-09-30T19:46:28.019901+00:00
1320,5072052828,15.27,0.02,sell,False,2022-09-30T19:46:27.856321+00:00
1321,5072052780,15.27,0.02,sell,False,2022-09-30T19:46:25.975275+00:00
1322,5072052759,15.25,0.02,sell,False,2022-09-30T19:46:25.566532+00:00
1323,5072052700,15.26,0.02,sell,False,2022-09-30T19:46:23.800743+00:00
1324,5072052696,15.26,0.02,sell,False,2022-09-30T19:46:23.696192+00:00
1325,5072052653,15.26,0.02,sell,False,2022-09-30T19:46:22.370027+00:00
1326,5072052631,15.26,0.02,sell,False,2022-09-30T19:46:21.851866+00:00
1327,5072052568,15.27,0.02,sell,False,2022-09-30T19:46:20.415755+00:00
1328,5072052519,15.27,0.02,sell,False,2022-09-30T19:46:19.748045+00:00
1329,5072052475,15.27,0.02,sell,False,2022-09-30T19:46:18.185499+00:00
1330,5072052463,15.27,0.02,sell,False,2022-09-30T19:46:17.665593+00:00
1331,5072052393,15.27,0.02,sell,False,2022-09-30T19:46:15.965446+00:00
1332,5072052392,15.27,0.02,sell,False,2022-09-30T19:46:15.936942+00:00
1333,5072052302,15.27,0.02,sell,False,2022-09-30T19:46:14.303257+00:00
1334,5072052294,15.27,0.02,sell,False,2022-09-30T19:46:14.063863+00:00
1335,5072052174,15.27,0.02,sell,False,2022-09-30T19:46:12.522640+00:00
1336,5072052173,15.27,0.02,sell,False,2022-09-30T19:46:12.488301+00:00
1337,5072051993,15.27,0.02,sell,False,2022-09-30T19:46:10.221712+00:00
1338,5072051989,15.27,0.02,sell,False,2022-09-30T19:46:10.164331+00:00
1339,5072051738,15.27,0.02,sell,False,2022-09-30T19:46:07.859041+00:00
1340,5072051730,15.27,0.02,sell,False,2022-09-30T19:46:07.691058+00:00
1341,5072051603,15.27,0.02,sell,False,2022-09-30T19:46:06.054639+00:00
1342,5072051599,15.27,0.02,sell,False,2022-09-30T19:46:05.899961+00:00
1343,5072051545,15.27,0.02,sell,False,2022-09-30T19:46:04.474616+00:00
1344,5072051544,15.27,0.02,sell,False,2022-09-30T19:46:04.474166+00:00
1345,5072051447,15.27,0.02,sell,False,2022-09-30T19:46:02.086335+00:00
1346,5072051446,15.27,0.02,sell,False,2022-09-30T19:46:02.085691+00:00
1347,5072051341,15.27,0.02,sell,False,2022-09-30T19:46:00.264841+00:00
1348,5072051320,15.27,0.02,sell,False,2022-09-30T19:45:59.879779+00:00
1349,5072051256,15.27,0.02,sell,False,2022-09-30T19:45:58.146288+00:00
1350,5072051237,15.27,0.02,sell,False,2022-09-30T19:45:57.827391+00:00
1351,5072051135,15.27,0.02,sell,False,2022-09-30T19:45:55.914544+00:00
1352,5072051130,15.27,0.02,sell,False,2022-09-30T19:45:55.827903+00:00
1353,5072051079,15.27,0.02,sell,False,2022-09-30T19:45:54.273704+00:00
1354,5072051064,15.27,0.02,sell,False,2022-09-30T19:45:53.987990+00:00
1355,5072050987,15.27,0.02,sell,False,2022-09-30T19:45:52.086337+00:00
1356,5072050955,15.27,0.02,sell,False,2022-09-30T19:45:51.794701+00:00
1357,5072050845,15.27,0.02,sell,False,2022-09-30T19:45:49.889822+00:00
1358,5072050840,15.27,0.02,sell,False,2022-09-30T19:45:49.798220+00:00
1359,5072050755,15.27,0.02,sell,False,2022-09-30T19:45:48.503527+00:00
1360,5072050714,15.27,0.02,sell,False,2022-09-30T19:45:48.305598+00:00
1361,5072050492,15.27,0.02,sell,False,2022-09-30T19:45:46.305982+00:00
1362,5072050435,15.27,0.02,sell,False,2022-09-30T19:45:46.018105+00:00
1363,5072050343,15.285,0.02,sell,False,2022-09-30T19:45:44.123062+00:00
1364,5072050336,15.285,0.02,sell,False,2022-09-30T19:45:44.000940+00:00
1365,5072050245,15.275,0.02,sell,False,2022-09-30T19:45:41.761957+00:00
1366,5072050233,15.275,0.02,sell,False,2022-09-30T19:45:41.628013+00:00
1367,5072050178,15.275,0.02,sell,False,2022-09-30T19:45:40.412886+00:00
1368,5072050177,15.275,0.02,sell,False,2022-09-30T19:45:40.351767+00:00
1369,5072050116,15.275,0.02,sell,False,2022-09-30T19:45:38.544536+00:00
1370,5072050109,15.275,0.02,sell,False,2022-09-30T19:45:38.384796+00:00
1371,5072049976,15.28,0.02,sell,False,2022-09-30T19:45:36.331304+00:00
1372,5072049973,15.28,0.02,sell,False,2022-09-30T19:45:36.260979+00:00
1373,5072049902,15.28,0.02,sell,False,2022-09-30T19:45:34.318011+00:00
1374,5072049847,15.28,0.02,sell,False,2022-09-30T19:45:33.721999+00:00
1375,5072049781,15.28,0.02,sell,False,2022-09-30T19:45:31.962925+00:00
1376,5072049780,15.28,0.02,sell,False,2022-09-30T19:45:31.962244+00:00
1377,5072049664,15.28,0.02,sell,False,2022-09-30T19:45:30.426086+00:00
1378,5072049655,15.28,0.02,sell,False,2022-09-30T19:45:30.183417+00:00
1379,5072049580,15.27,0.02,sell,False,2022-09-30T19:45:27.910881+00:00
1380,5072049573,15.27,0.02,sell,False,2022-09-30T19:45:27.713032+00:00
1381,5072049463,15.27,0.02,sell,False,2022-09-30T19:45:25.772594+00:00
1382,5072049459,15.27,0.02,sell,False,2022-09-30T19:45:25.675892+00:00
1383,5072049412,15.27,0.02,sell,False,2022-09-30T19:45:24.134443+00:00
1384,5072049406,15.27,0.02,sell,False,2022-09-30T19:45:24.056230+00:00
1385,5072049327,15.29,0.02,sell,False,2022-09-30T19:45:22.360816+00:00
1386,5072049326,15.29,0.02,sell,False,2022-09-30T19:45:22.360304+00:00
1387,5072048923,15.29,0.02,sell,False,2022-09-30T19:45:19.771890+00:00
1388,5072048889,15.29,0.02,sell,False,2022-09-30T19:45:19.620284+00:00
1389,5072048821,15.29,0.02,sell,False,2022-09-30T19:45:17.986710+00:00
1390,5072048813,15.29,0.02,sell,False,2022-09-30T19:45:17.621191+00:00
1391,5072048772,15.29,0.02,sell,False,2022-09-30T19:45:16.297846+00:00
1392,5072048767,15.29,0.02,sell,False,2022-09-30T19:45:16.200875+00:00
1393,5072048639,15.29,0.02,sell,False,2022-09-30T19:45:14.306924+00:00
1394,5072048628,15.29,0.02,sell,False,2022-09-30T19:45:13.971042+00:00
1395,5072048465,15.3,0.02,sell,False,2022-09-30T19:45:11.953752+00:00
1396,5072048455,15.3,0.02,sell,False,2022-09-30T19:45:11.751439+00:00
1397,5072048350,15.3,0.02,sell,False,2022-09-30T19:45:09.893458+00:00
1398,5072048331,15.3,0.02,sell,False,2022-09-30T19:45:09.702821+00:00
1399,5072048258,15.3,0.02,sell,False,2022-09-30T19:45:07.974255+00:00
1400,5072048254,15.3,0.02,sell,False,2022-09-30T19:45:07.930839+00:00
