,id,price,size,side,liquidation,time
0,5396327841,32.39,0.06,buy,False,2022-11-09T23:23:18.503373+00:00
1,5396327840,32.23,0.06,buy,False,2022-11-09T23:23:18.503373+00:00
2,5396261674,32.07,0.06,buy,False,2022-11-09T23:18:43.142876+00:00
3,5396154196,31.95,2.88,buy,False,2022-11-09T23:11:36.714352+00:00
4,5396154195,31.91,0.06,buy,False,2022-11-09T23:11:36.714352+00:00
5,5396154194,31.75,0.06,buy,False,2022-11-09T23:11:36.714352+00:00
6,5396154193,31.59,0.06,buy,False,2022-11-09T23:11:36.714352+00:00
7,5396078194,31.44,0.06,buy,False,2022-11-09T23:07:27.930190+00:00
8,5396078193,31.28,0.06,buy,False,2022-11-09T23:07:27.930190+00:00
9,5396061449,31.2,97.04,sell,False,2022-11-09T23:06:17.882659+00:00
10,5396045831,31.12,0.06,buy,False,2022-11-09T23:05:10.039805+00:00
11,5396042160,30.96,0.06,buy,False,2022-11-09T23:04:53.019672+00:00
12,5396042159,30.8,0.06,buy,False,2022-11-09T23:04:53.019672+00:00
13,5396042158,30.64,0.06,buy,False,2022-11-09T23:04:53.019672+00:00
14,5396038463,30.49,0.06,buy,False,2022-11-09T23:04:36.182100+00:00
15,5396038462,30.33,0.06,buy,False,2022-11-09T23:04:36.182100+00:00
16,5396038461,30.17,0.06,buy,False,2022-11-09T23:04:36.182100+00:00
17,5396021235,30.055,0.06,sell,False,2022-11-09T23:03:26.746053+00:00
18,5396021202,30.055,0.06,sell,False,2022-11-09T23:03:26.435053+00:00
19,5396021136,30.055,0.04,sell,False,2022-11-09T23:03:26.106875+00:00
20,5396021135,30.59,0.02,sell,False,2022-11-09T23:03:26.106875+00:00
21,5396021082,30.59,0.06,sell,False,2022-11-09T23:03:25.814314+00:00
22,5396020985,30.59,0.06,sell,False,2022-11-09T23:03:25.495796+00:00
23,5396020944,30.59,0.06,sell,False,2022-11-09T23:03:25.232201+00:00
24,5396020905,30.59,0.06,sell,False,2022-11-09T23:03:24.975281+00:00
25,5396020835,30.59,0.06,sell,False,2022-11-09T23:03:24.628505+00:00
26,5396020766,30.59,0.06,sell,False,2022-11-09T23:03:24.341494+00:00
27,5396020710,30.59,0.06,sell,False,2022-11-09T23:03:24.076607+00:00
28,5396020624,30.59,0.06,sell,False,2022-11-09T23:03:23.396455+00:00
29,5396020594,30.59,0.06,sell,False,2022-11-09T23:03:23.106086+00:00
30,5396020544,30.59,0.06,sell,False,2022-11-09T23:03:22.827334+00:00
31,5396020507,30.59,0.06,sell,False,2022-11-09T23:03:22.553795+00:00
32,5396020425,30.59,0.06,sell,False,2022-11-09T23:03:22.199222+00:00
33,5396020367,30.59,0.06,sell,False,2022-11-09T23:03:21.858687+00:00
34,5396020330,30.59,0.06,sell,False,2022-11-09T23:03:21.563649+00:00
35,5396020292,30.59,0.06,sell,False,2022-11-09T23:03:21.282877+00:00
36,5396020241,30.59,0.06,sell,False,2022-11-09T23:03:20.957008+00:00
37,5396020186,30.59,0.06,sell,False,2022-11-09T23:03:20.614485+00:00
38,5396020127,30.59,0.06,sell,False,2022-11-09T23:03:20.268984+00:00
39,5396020064,30.59,0.06,sell,False,2022-11-09T23:03:19.986056+00:00
40,5396020016,30.59,0.06,sell,False,2022-11-09T23:03:19.704258+00:00
41,5396019972,30.59,0.06,sell,False,2022-11-09T23:03:19.418613+00:00
42,5396019938,30.59,0.06,sell,False,2022-11-09T23:03:19.092214+00:00
43,5396019838,30.59,0.06,sell,False,2022-11-09T23:03:18.448191+00:00
44,5396019793,30.59,0.06,sell,False,2022-11-09T23:03:18.161143+00:00
45,5396019719,30.59,0.06,sell,False,2022-11-09T23:03:17.810927+00:00
46,5396019670,30.59,0.06,sell,False,2022-11-09T23:03:17.524054+00:00
47,5396019613,30.59,0.06,sell,False,2022-11-09T23:03:17.235413+00:00
48,5396016668,25.26,0.06,sell,False,2022-11-09T23:03:03.939846+00:00
49,5396016667,25.42,0.06,sell,False,2022-11-09T23:03:03.939846+00:00
50,5396016666,25.58,0.06,sell,False,2022-11-09T23:03:03.939846+00:00
51,5396016665,25.74,0.06,sell,False,2022-11-09T23:03:03.939846+00:00
52,5396016664,25.9,0.06,sell,False,2022-11-09T23:03:03.939846+00:00
53,5396016663,26.06,0.06,sell,False,2022-11-09T23:03:03.939846+00:00
54,5396016662,26.21,0.06,sell,False,2022-11-09T23:03:03.939846+00:00
55,5396016661,26.37,0.06,sell,False,2022-11-09T23:03:03.939846+00:00
56,5396016660,26.53,0.06,sell,False,2022-11-09T23:03:03.939846+00:00
57,5396016659,26.69,0.06,sell,False,2022-11-09T23:03:03.939846+00:00
58,5396016658,26.85,0.06,sell,False,2022-11-09T23:03:03.939846+00:00
59,5396016657,27.0,0.06,sell,False,2022-11-09T23:03:03.939846+00:00
60,5396016656,27.16,0.06,sell,False,2022-11-09T23:03:03.939846+00:00
61,5396016655,27.32,0.06,sell,False,2022-11-09T23:03:03.939846+00:00
62,5396016654,27.48,0.06,sell,False,2022-11-09T23:03:03.939846+00:00
63,5396016653,27.64,0.06,sell,False,2022-11-09T23:03:03.939846+00:00
64,5396016652,27.8,0.06,sell,False,2022-11-09T23:03:03.939846+00:00
65,5396016651,27.95,0.06,sell,False,2022-11-09T23:03:03.939846+00:00
66,5396016650,28.11,0.06,sell,False,2022-11-09T23:03:03.939846+00:00
67,5396016649,28.27,0.06,sell,False,2022-11-09T23:03:03.939846+00:00
68,5396016648,28.43,0.06,sell,False,2022-11-09T23:03:03.939846+00:00
69,5396016647,28.59,0.06,sell,False,2022-11-09T23:03:03.939846+00:00
70,5396016646,28.75,0.06,sell,False,2022-11-09T23:03:03.939846+00:00
71,5396016645,28.9,0.06,sell,False,2022-11-09T23:03:03.939846+00:00
72,5396016644,29.06,0.06,sell,False,2022-11-09T23:03:03.939846+00:00
73,5396016643,29.22,0.06,sell,False,2022-11-09T23:03:03.939846+00:00
74,5396016642,29.38,0.06,sell,False,2022-11-09T23:03:03.939846+00:00
75,5396016641,29.54,0.04,sell,False,2022-11-09T23:03:03.939846+00:00
76,5396016640,29.69,0.06,sell,False,2022-11-09T23:03:03.939846+00:00
77,5396016639,29.85,0.06,sell,False,2022-11-09T23:03:03.939846+00:00
78,5396016638,30.01,0.06,sell,False,2022-11-09T23:03:03.939846+00:00
79,5396016637,30.17,0.06,sell,False,2022-11-09T23:03:03.939846+00:00
80,5396016636,30.33,0.06,sell,False,2022-11-09T23:03:03.939846+00:00
81,5396016635,30.49,0.06,sell,False,2022-11-09T23:03:03.939846+00:00
82,5396016634,30.64,0.06,sell,False,2022-11-09T23:03:03.939846+00:00
83,5396016633,30.8,0.06,sell,False,2022-11-09T23:03:03.939846+00:00
84,5396016632,30.96,0.06,sell,False,2022-11-09T23:03:03.939846+00:00
85,5396016631,31.12,0.06,sell,False,2022-11-09T23:03:03.939846+00:00
86,5396016630,31.28,0.06,sell,False,2022-11-09T23:03:03.939846+00:00
87,5396016629,31.44,0.42,sell,False,2022-11-09T23:03:03.939846+00:00
88,5396008178,31.44,0.06,buy,False,2022-11-09T23:02:26.129619+00:00
89,5395997901,31.28,0.06,buy,False,2022-11-09T23:01:46.733098+00:00
90,5395989762,31.12,0.06,buy,False,2022-11-09T23:01:04.670052+00:00
91,5395981675,30.96,0.06,buy,False,2022-11-09T23:00:28.166928+00:00
92,5395973612,30.8,0.06,buy,False,2022-11-09T22:59:46.713574+00:00
93,5395964679,30.64,0.06,buy,False,2022-11-09T22:59:02.095834+00:00
94,5395955496,30.49,0.06,buy,False,2022-11-09T22:58:23.074775+00:00
95,5395948759,30.33,0.06,buy,False,2022-11-09T22:57:42.222718+00:00
96,5395944122,30.17,0.06,buy,False,2022-11-09T22:57:06.605729+00:00
97,5395938020,30.01,0.06,buy,False,2022-11-09T22:56:25.036863+00:00
98,5395933730,29.85,0.06,buy,False,2022-11-09T22:55:46.962025+00:00
99,5394212967,29.54,0.02,sell,False,2022-11-09T21:00:14.495261+00:00
100,5394212966,29.69,0.06,sell,False,2022-11-09T21:00:14.495261+00:00
101,5394212965,29.85,0.06,sell,False,2022-11-09T21:00:14.495261+00:00
102,5394212964,30.01,0.06,sell,False,2022-11-09T21:00:14.495261+00:00
103,5394212963,30.17,0.06,sell,False,2022-11-09T21:00:14.495261+00:00
104,5394212962,30.33,0.06,sell,False,2022-11-09T21:00:14.495261+00:00
105,5394212961,30.49,0.06,sell,False,2022-11-09T21:00:14.495261+00:00
106,5394212960,30.64,0.06,sell,False,2022-11-09T21:00:14.495261+00:00
107,5394212959,30.8,0.06,sell,False,2022-11-09T21:00:14.495261+00:00
108,5394212958,30.96,0.06,sell,False,2022-11-09T21:00:14.495261+00:00
109,5394212957,31.12,0.06,sell,False,2022-11-09T21:00:14.495261+00:00
110,5394212956,31.28,0.06,sell,False,2022-11-09T21:00:14.495261+00:00
111,5394212955,31.44,0.06,sell,False,2022-11-09T21:00:14.495261+00:00
112,5394212954,31.59,0.06,sell,False,2022-11-09T21:00:14.495261+00:00
113,5394212953,31.75,0.06,sell,False,2022-11-09T21:00:14.495261+00:00
114,5394212952,31.91,0.06,sell,False,2022-11-09T21:00:14.495261+00:00
115,5394212951,32.07,0.06,sell,False,2022-11-09T21:00:14.495261+00:00
116,5394212950,32.23,0.06,sell,False,2022-11-09T21:00:14.495261+00:00
117,5393433839,32.39,0.06,buy,False,2022-11-09T19:59:50.684614+00:00
118,5393433838,32.23,0.06,buy,False,2022-11-09T19:59:50.684614+00:00
119,5392729526,32.07,0.06,sell,False,2022-11-09T18:58:09.555439+00:00
120,5391105825,32.175,4.79,sell,False,2022-11-09T17:12:13.805867+00:00
121,5391105824,32.23,0.06,sell,False,2022-11-09T17:12:13.805867+00:00
122,5374237253,32.7,5.0,buy,False,2022-11-08T20:31:58.788273+00:00
123,5371616374,32.415,8.59,sell,False,2022-11-08T19:20:35.532633+00:00
124,5371165435,32.39,0.06,buy,False,2022-11-08T19:05:06.264122+00:00
125,5370579479,32.185,20.12,sell,False,2022-11-08T18:46:01.206026+00:00
126,5370579478,32.23,0.06,sell,False,2022-11-08T18:46:01.206026+00:00
127,5366461278,33.24,20.65,sell,False,2022-11-08T16:42:14.032088+00:00
128,5364585980,33.2,0.52,sell,False,2022-11-08T15:49:29.319127+00:00
129,5364106989,32.39,0.06,buy,False,2022-11-08T15:17:25.111406+00:00
130,5364064512,32.23,0.06,buy,False,2022-11-08T15:14:32.357623+00:00
131,5363998184,32.07,0.06,buy,False,2022-11-08T15:10:01.655499+00:00
132,5363992453,31.91,0.06,buy,False,2022-11-08T15:09:30.359763+00:00
133,5363981367,31.75,0.06,buy,False,2022-11-08T15:08:36.516749+00:00
134,5363924404,31.59,0.06,buy,False,2022-11-08T15:05:13.022918+00:00
135,5363712038,31.44,0.06,buy,False,2022-11-08T14:52:23.604553+00:00
136,5360470109,31.28,0.06,buy,False,2022-11-08T09:38:46.689174+00:00
137,5360110252,31.12,0.06,sell,False,2022-11-08T09:02:10.256804+00:00
138,5358484704,31.28,0.06,buy,False,2022-11-08T06:44:56.662242+00:00
139,5358394061,31.23,6.74,sell,False,2022-11-08T06:38:51.259259+00:00
140,5357408439,31.045,80.35,sell,False,2022-11-08T05:37:28.134849+00:00
141,5357408438,31.065,135.44,sell,False,2022-11-08T05:37:28.134849+00:00
142,5357408437,31.115,85.66,sell,False,2022-11-08T05:37:28.134849+00:00
143,5357408436,31.12,0.06,sell,False,2022-11-08T05:37:28.134849+00:00
144,5357408435,31.155,0.01,sell,False,2022-11-08T05:37:28.134849+00:00
145,5357375489,31.155,27.19,sell,False,2022-11-08T05:36:13.158021+00:00
146,5357361658,31.165,40.28,sell,False,2022-11-08T05:35:29.248963+00:00
147,5357353426,31.18,43.21,sell,False,2022-11-08T05:35:04.926467+00:00
148,5357342098,31.19,40.74,sell,False,2022-11-08T05:34:26.561884+00:00
149,5357319487,31.205,0.16,sell,False,2022-11-08T05:33:16.820623+00:00
150,5357313755,31.205,0.12,sell,False,2022-11-08T05:33:01.956602+00:00
151,5357308160,31.205,0.31,sell,False,2022-11-08T05:32:47.287473+00:00
152,5357301569,31.205,0.33,sell,False,2022-11-08T05:32:32.504655+00:00
153,5357295190,31.21,0.27,sell,False,2022-11-08T05:32:16.907180+00:00
154,5357288986,31.17,0.3,sell,False,2022-11-08T05:32:02.417246+00:00
155,5357283058,31.21,0.14,sell,False,2022-11-08T05:31:47.349087+00:00
156,5357275633,31.195,0.14,sell,False,2022-11-08T05:31:31.832267+00:00
157,5356901854,31.18,11.38,sell,False,2022-11-08T05:20:26.866179+00:00
158,5356898764,31.28,0.06,sell,False,2022-11-08T05:20:17.849047+00:00
159,5349728323,31.44,0.06,buy,False,2022-11-07T20:31:44.209010+00:00
160,5348697751,31.28,0.06,sell,False,2022-11-07T18:13:11.840508+00:00
161,5348150756,31.44,0.06,buy,False,2022-11-07T16:54:34.555968+00:00
162,5347482577,31.28,0.06,buy,False,2022-11-07T15:51:36.216970+00:00
163,5347318637,31.12,0.06,buy,False,2022-11-07T15:37:23.576671+00:00
164,5347228750,30.96,0.06,sell,False,2022-11-07T15:26:47.893833+00:00
165,5347177052,31.12,0.06,sell,False,2022-11-07T15:21:16.843227+00:00
166,5346979830,31.28,0.06,sell,False,2022-11-07T15:03:56.015401+00:00
167,5346672348,31.48,36.76,sell,False,2022-11-07T14:35:36.410296+00:00
168,5346672245,31.48,57.06,sell,False,2022-11-07T14:35:35.879629+00:00
169,5346672199,31.48,48.41,sell,False,2022-11-07T14:35:35.352577+00:00
170,5346672127,31.48,56.17,sell,False,2022-11-07T14:35:34.815438+00:00
171,5346620437,31.48,8.54,buy,False,2022-11-07T14:32:17.095140+00:00
172,5346620436,31.44,0.06,buy,False,2022-11-07T14:32:17.095140+00:00
173,5346601762,31.28,0.06,buy,False,2022-11-07T14:31:23.573894+00:00
174,5345641364,31.115,39.23,buy,False,2022-11-07T12:28:28.247564+00:00
175,5345639774,31.155,111.89,buy,False,2022-11-07T12:28:17.923005+00:00
176,5345638764,31.115,43.32,buy,False,2022-11-07T12:28:09.490217+00:00
177,5344582859,31.195,44.76,buy,False,2022-11-07T10:05:26.508365+00:00
178,5344579287,31.19,34.9,buy,False,2022-11-07T10:05:10.819213+00:00
179,5344576312,31.185,42.07,buy,False,2022-11-07T10:04:59.316767+00:00
180,5344570263,31.17,41.99,buy,False,2022-11-07T10:04:22.146823+00:00
181,5344568571,31.17,32.05,buy,False,2022-11-07T10:04:11.180660+00:00
182,5344566701,31.16,45.26,buy,False,2022-11-07T10:03:58.691321+00:00
183,5344562893,31.145,24.2,buy,False,2022-11-07T10:03:32.528772+00:00
184,5344561097,31.135,39.6,buy,False,2022-11-07T10:03:20.783563+00:00
185,5344559907,31.14,31.77,buy,False,2022-11-07T10:03:07.962776+00:00
186,5344559604,31.135,44.66,buy,False,2022-11-07T10:03:04.746196+00:00
187,5344558167,31.14,39.09,buy,False,2022-11-07T10:02:49.783945+00:00
188,5344313988,31.2,30.91,buy,False,2022-11-07T09:25:03.897641+00:00
189,5344306276,31.155,26.19,buy,False,2022-11-07T09:23:34.568622+00:00
190,5344301921,31.16,40.27,buy,False,2022-11-07T09:22:38.628800+00:00
191,5344300349,31.17,44.03,buy,False,2022-11-07T09:22:26.770857+00:00
192,5344293568,31.17,43.84,buy,False,2022-11-07T09:21:08.016332+00:00
193,5344292027,31.165,26.63,buy,False,2022-11-07T09:20:53.215235+00:00
194,5344291646,31.16,31.92,buy,False,2022-11-07T09:20:47.616537+00:00
195,5344290988,31.16,41.77,buy,False,2022-11-07T09:20:39.457366+00:00
196,5344289265,31.12,0.06,buy,False,2022-11-07T09:20:19.334034+00:00
197,5344136381,30.96,0.06,buy,False,2022-11-07T09:01:22.317187+00:00
198,5342409257,30.8,0.06,sell,False,2022-11-07T06:09:57.789394+00:00
199,5340089466,30.96,0.06,sell,False,2022-11-07T00:46:56.823951+00:00
200,5337861768,30.99,44.69,sell,False,2022-11-06T20:20:32.564708+00:00
201,5337807782,31.0,6.69,buy,False,2022-11-06T20:09:56.251195+00:00
202,5337807732,31.0,60.0,buy,False,2022-11-06T20:09:55.724349+00:00
203,5337807729,31.01,33.31,sell,False,2022-11-06T20:09:55.676368+00:00
204,5337807224,31.0,16.33,buy,False,2022-11-06T20:09:48.325647+00:00
205,5337807183,31.0,58.25,buy,False,2022-11-06T20:09:47.795329+00:00
206,5337807180,31.015,25.42,sell,False,2022-11-06T20:09:47.737823+00:00
207,5337805828,31.015,28.31,sell,False,2022-11-06T20:09:30.375688+00:00
208,5337803080,31.04,53.3,buy,False,2022-11-06T20:08:57.067796+00:00
209,5337803068,31.05,34.66,sell,False,2022-11-06T20:08:57.007179+00:00
210,5337802371,31.04,3.72,buy,False,2022-11-06T20:08:52.123012+00:00
211,5337802246,31.04,71.28,buy,False,2022-11-06T20:08:50.238014+00:00
212,5337802243,31.06,47.74,sell,False,2022-11-06T20:08:50.187111+00:00
213,5337802110,31.04,7.13,buy,False,2022-11-06T20:08:46.860889+00:00
214,5337802081,31.04,83.25,buy,False,2022-11-06T20:08:46.329869+00:00
215,5337802080,31.07,32.36,sell,False,2022-11-06T20:08:46.275174+00:00
216,5337801723,31.04,89.5,buy,False,2022-11-06T20:08:39.128189+00:00
217,5337801715,31.075,33.24,sell,False,2022-11-06T20:08:39.081674+00:00
218,5337801126,31.04,45.73,buy,False,2022-11-06T20:08:32.320720+00:00
219,5337801101,31.04,39.59,sell,False,2022-11-06T20:08:32.249413+00:00
220,5337801100,31.075,37.42,sell,False,2022-11-06T20:08:32.249413+00:00
221,5337800541,31.04,83.15,sell,False,2022-11-06T20:08:27.893623+00:00
222,5337800540,31.075,39.59,sell,False,2022-11-06T20:08:27.893623+00:00
223,5337761740,31.08,26.97,sell,False,2022-11-06T20:01:59.697035+00:00
224,5337742706,31.08,33.02,sell,False,2022-11-06T19:58:26.519342+00:00
225,5337686379,31.095,35.54,sell,False,2022-11-06T19:48:06.037045+00:00
226,5337685206,31.05,67.36,sell,False,2022-11-06T19:47:57.811225+00:00
227,5337685205,31.095,28.56,sell,False,2022-11-06T19:47:57.811225+00:00
228,5319422291,31.045,36.59,buy,False,2022-11-04T21:52:05.354300+00:00
229,5319422288,31.045,83.02,sell,False,2022-11-04T21:52:05.294305+00:00
230,5318674490,31.12,0.06,buy,False,2022-11-04T19:58:08.289540+00:00
231,5318334125,30.96,0.06,buy,False,2022-11-04T19:13:06.294391+00:00
232,5318097302,30.8,0.06,buy,False,2022-11-04T18:43:01.674381+00:00
233,5317887400,30.64,0.06,buy,False,2022-11-04T18:20:12.265327+00:00
234,5317869063,30.61,3.21,buy,False,2022-11-04T18:17:44.866761+00:00
235,5316947651,30.49,0.06,buy,False,2022-11-04T16:18:47.246351+00:00
236,5316680636,30.33,0.06,sell,False,2022-11-04T16:02:43.125566+00:00
237,5316228275,30.49,0.06,sell,False,2022-11-04T15:30:14.140913+00:00
238,5316152258,30.64,0.06,buy,False,2022-11-04T15:23:26.735426+00:00
239,5315808095,30.49,0.06,sell,False,2022-11-04T14:53:21.428853+00:00
240,5315649828,30.64,0.06,buy,False,2022-11-04T14:41:24.435669+00:00
241,5315395896,30.495,0.53,sell,False,2022-11-04T14:25:27.584525+00:00
242,5315384455,30.49,0.06,buy,False,2022-11-04T14:25:03.656897+00:00
243,5315246809,30.33,0.06,buy,False,2022-11-04T14:21:19.139833+00:00
244,5314888397,30.17,0.06,buy,False,2022-11-04T13:55:01.111702+00:00
245,5314742736,30.01,0.06,sell,False,2022-11-04T13:42:40.070577+00:00
246,5314731390,30.15,42.89,buy,False,2022-11-04T13:41:28.878447+00:00
247,5314665216,30.17,0.06,buy,False,2022-11-04T13:35:04.207129+00:00
248,5314609518,30.01,0.06,buy,False,2022-11-04T13:31:02.145789+00:00
249,5314601715,29.85,0.06,buy,False,2022-11-04T13:30:24.922054+00:00
250,5314598879,29.69,0.06,buy,False,2022-11-04T13:30:14.855213+00:00
251,5314384453,29.54,0.06,buy,False,2022-11-04T13:13:25.085821+00:00
252,5314252845,29.38,0.06,buy,False,2022-11-04T13:03:14.791278+00:00
253,5314012623,29.22,0.06,buy,False,2022-11-04T12:47:20.400562+00:00
254,5313831795,29.06,0.06,buy,False,2022-11-04T12:37:48.227738+00:00
255,5313585442,28.9,0.06,sell,False,2022-11-04T12:30:26.935619+00:00
256,5312009241,29.06,0.06,buy,False,2022-11-04T09:18:58.587578+00:00
257,5311409987,28.9,0.06,buy,False,2022-11-04T08:12:23.154150+00:00
258,5311303250,28.75,0.06,buy,False,2022-11-04T08:00:53.357822+00:00
259,5311291372,28.59,0.05,buy,False,2022-11-04T08:00:01.282403+00:00
260,5309458686,28.59,0.01,buy,False,2022-11-04T04:14:22.012400+00:00
261,5309458685,28.43,0.06,buy,False,2022-11-04T04:14:22.012400+00:00
262,5308657748,28.31,0.75,buy,False,2022-11-04T02:22:50.540555+00:00
263,5304625956,28.27,0.06,sell,False,2022-11-03T16:36:42.884833+00:00
264,5304197485,28.43,0.06,sell,False,2022-11-03T15:32:56.784842+00:00
265,5304063400,28.59,0.06,sell,False,2022-11-03T15:14:28.381642+00:00
266,5303914200,28.75,0.06,buy,False,2022-11-03T14:56:11.847560+00:00
267,5303850387,28.59,0.06,buy,False,2022-11-03T14:48:42.634383+00:00
268,5303675341,28.43,0.06,buy,False,2022-11-03T14:27:23.371960+00:00
269,5303631115,28.27,0.06,buy,False,2022-11-03T14:22:58.543560+00:00
270,5303475146,28.11,0.06,sell,False,2022-11-03T14:08:03.998888+00:00
271,5303443215,28.27,0.06,buy,False,2022-11-03T14:04:46.027982+00:00
272,5303236322,28.11,0.06,sell,False,2022-11-03T13:45:02.579820+00:00
273,5303214337,28.27,0.06,buy,False,2022-11-03T13:42:36.692180+00:00
274,5303169525,28.11,0.06,buy,False,2022-11-03T13:37:49.518761+00:00
275,5303150717,27.95,0.06,sell,False,2022-11-03T13:35:37.285033+00:00
276,5303094591,28.11,0.06,sell,False,2022-11-03T13:31:11.072817+00:00
277,5300664579,28.27,0.06,sell,False,2022-11-03T08:00:38.385487+00:00
278,5300658396,28.43,0.06,sell,False,2022-11-03T08:00:01.233388+00:00
279,5300090647,28.61,2.09,buy,False,2022-11-03T06:18:48.184910+00:00
280,5295970223,28.59,0.06,sell,False,2022-11-02T19:50:13.462433+00:00
281,5295964723,28.75,0.06,sell,False,2022-11-02T19:49:44.352597+00:00
282,5295697767,28.89,13.85,sell,False,2022-11-02T19:29:31.863933+00:00
283,5295575881,28.9,0.06,sell,False,2022-11-02T19:25:56.868314+00:00
284,5295485868,29.06,0.06,sell,False,2022-11-02T19:21:10.016876+00:00
285,5295459146,29.22,0.06,sell,False,2022-11-02T19:20:00.362830+00:00
286,5295418050,29.38,0.06,sell,False,2022-11-02T19:17:18.869706+00:00
287,5295387006,29.54,0.06,sell,False,2022-11-02T19:15:21.025574+00:00
288,5295286090,29.69,0.06,buy,False,2022-11-02T19:08:51.654541+00:00
289,5294944021,29.54,0.06,sell,False,2022-11-02T18:51:59.985272+00:00
290,5294903661,29.69,0.06,sell,False,2022-11-02T18:51:15.839055+00:00
291,5294875246,29.85,0.06,sell,False,2022-11-02T18:50:32.053524+00:00
292,5294809928,30.01,0.06,sell,False,2022-11-02T18:46:52.877978+00:00
293,5294665179,30.17,0.06,buy,False,2022-11-02T18:42:05.500502+00:00
294,5294492060,30.01,0.06,sell,False,2022-11-02T18:37:59.592465+00:00
295,5294463819,30.17,0.06,sell,False,2022-11-02T18:37:33.152926+00:00
296,5294414162,30.33,0.06,sell,False,2022-11-02T18:36:46.649597+00:00
297,5294402367,30.49,0.06,sell,False,2022-11-02T18:36:36.468750+00:00
298,5294366089,30.64,0.06,buy,False,2022-11-02T18:35:30.303746+00:00
299,5293797562,30.49,0.06,buy,False,2022-11-02T18:07:24.562516+00:00
300,5293740466,30.33,0.06,buy,False,2022-11-02T18:06:17.861567+00:00
301,5293576462,30.17,0.06,buy,False,2022-11-02T18:02:10.968322+00:00
302,5293541957,30.01,0.06,buy,False,2022-11-02T18:01:45.305674+00:00
303,5293469742,29.85,0.06,buy,False,2022-11-02T18:00:59.163499+00:00
304,5293051476,29.69,0.06,sell,False,2022-11-02T17:15:25.738355+00:00
305,5292334940,29.85,0.06,sell,False,2022-11-02T15:03:05.290938+00:00
306,5292149427,30.01,0.06,sell,False,2022-11-02T14:28:50.348317+00:00
307,5292076192,30.17,0.06,sell,False,2022-11-02T14:16:02.626298+00:00
308,5291955540,30.33,0.06,sell,False,2022-11-02T13:56:11.959347+00:00
309,5291854972,30.49,0.06,sell,False,2022-11-02T13:37:17.273638+00:00
310,5289836550,30.64,0.06,buy,False,2022-11-02T08:19:18.718853+00:00
311,5287251804,30.49,0.06,buy,False,2022-11-02T01:39:38.159632+00:00
312,5285292655,30.33,0.06,sell,False,2022-11-01T19:14:27.268391+00:00
313,5284984707,30.49,0.06,buy,False,2022-11-01T18:05:09.521268+00:00
314,5284488730,30.33,0.06,sell,False,2022-11-01T16:31:14.292542+00:00
315,5284327891,30.49,0.06,buy,False,2022-11-01T16:06:01.728677+00:00
316,5283878322,30.33,0.06,sell,False,2022-11-01T14:41:16.317230+00:00
317,5283828084,30.49,0.06,buy,False,2022-11-01T14:34:27.521492+00:00
318,5283607409,30.33,0.06,sell,False,2022-11-01T14:08:11.031811+00:00
319,5283515573,30.49,0.06,sell,False,2022-11-01T14:00:14.938771+00:00
320,5283215196,30.64,0.06,buy,False,2022-11-01T13:35:01.966226+00:00
321,5283177703,30.49,0.06,buy,False,2022-11-01T13:30:53.363890+00:00
322,5281839450,30.33,0.06,buy,False,2022-11-01T10:10:54.447144+00:00
323,5281001087,30.17,0.06,buy,False,2022-11-01T08:05:13.625329+00:00
324,5280966937,30.01,0.06,buy,False,2022-11-01T08:00:15.122583+00:00
325,5280964955,29.85,0.06,buy,False,2022-11-01T08:00:03.802288+00:00
326,5280964954,29.69,0.06,buy,False,2022-11-01T08:00:03.802288+00:00
327,5275394833,29.54,0.06,sell,False,2022-10-31T16:37:48.564841+00:00
328,5274578720,29.69,0.06,sell,False,2022-10-31T15:13:48.486265+00:00
329,5274258353,29.85,0.06,buy,False,2022-10-31T14:44:44.123872+00:00
330,5273614931,29.69,0.06,buy,False,2022-10-31T14:02:17.674863+00:00
331,5272641177,29.54,0.06,sell,False,2022-10-31T12:38:34.650920+00:00
332,5272035545,29.69,0.06,buy,False,2022-10-31T11:15:38.658131+00:00
333,5270827069,29.54,0.06,sell,False,2022-10-31T08:52:56.431955+00:00
334,5270569160,29.69,0.06,sell,False,2022-10-31T08:05:42.456136+00:00
335,5253503971,29.91,24.56,sell,False,2022-10-29T13:05:31.515646+00:00
336,5247467538,29.85,0.06,buy,False,2022-10-28T19:44:55.000153+00:00
337,5247226477,29.69,0.06,buy,False,2022-10-28T18:52:25.073252+00:00
338,5246388239,29.54,0.06,buy,False,2022-10-28T16:48:48.501314+00:00
339,5245540658,29.38,0.06,sell,False,2022-10-28T15:11:50.473913+00:00
340,5245365159,29.54,0.06,buy,False,2022-10-28T14:47:36.489325+00:00
341,5245314312,29.38,0.06,sell,False,2022-10-28T14:40:24.933011+00:00
342,5245083223,29.54,0.06,sell,False,2022-10-28T14:11:05.607759+00:00
343,5244811986,29.69,0.06,sell,False,2022-10-28T13:44:22.484824+00:00
344,5244764306,29.85,0.06,buy,False,2022-10-28T13:40:04.945489+00:00
345,5243553900,29.69,0.06,buy,False,2022-10-28T11:18:45.358672+00:00
346,5242456432,29.54,0.06,sell,False,2022-10-28T08:04:52.278730+00:00
347,5242410760,29.69,0.06,sell,False,2022-10-28T08:00:09.334601+00:00
348,5242409791,29.85,0.06,sell,False,2022-10-28T08:00:04.941508+00:00
349,5242408161,30.01,0.06,sell,False,2022-10-28T08:00:00.949738+00:00
350,5237660923,30.17,0.06,sell,False,2022-10-27T19:09:26.408650+00:00
351,5237556694,30.33,0.06,sell,False,2022-10-27T18:49:54.372452+00:00
352,5237087294,30.49,0.06,buy,False,2022-10-27T17:15:04.715261+00:00
353,5236749324,30.33,0.06,sell,False,2022-10-27T16:25:27.269014+00:00
354,5236392553,30.49,0.06,sell,False,2022-10-27T15:38:33.810337+00:00
355,5236327234,30.64,0.06,sell,False,2022-10-27T15:31:18.061738+00:00
356,5236185356,30.8,0.06,buy,False,2022-10-27T15:10:21.744783+00:00
357,5235927062,30.64,0.06,sell,False,2022-10-27T14:38:01.714366+00:00
358,5235738846,30.8,0.06,buy,False,2022-10-27T14:14:32.433589+00:00
359,5235645620,30.64,0.06,buy,False,2022-10-27T14:05:36.649333+00:00
360,5235490694,30.49,0.06,sell,False,2022-10-27T13:54:50.204762+00:00
361,5235467595,30.64,0.06,sell,False,2022-10-27T13:53:19.799324+00:00
362,5235412736,30.8,0.06,sell,False,2022-10-27T13:49:49.428244+00:00
363,5235362844,30.96,0.06,buy,False,2022-10-27T13:44:26.179731+00:00
364,5235141602,30.8,0.06,buy,False,2022-10-27T13:17:10.360560+00:00
365,5234682025,30.64,0.06,buy,False,2022-10-27T12:32:00.705740+00:00
366,5234468257,30.49,0.06,sell,False,2022-10-27T12:21:42.274254+00:00
367,5233916138,30.64,0.06,sell,False,2022-10-27T10:43:09.439449+00:00
368,5232969944,30.8,0.06,sell,False,2022-10-27T08:00:20.885359+00:00
369,5229949552,30.96,0.06,buy,False,2022-10-26T23:59:52.588279+00:00
370,5228146530,30.8,0.06,sell,False,2022-10-26T18:56:59.256675+00:00
371,5227884280,30.96,0.06,buy,False,2022-10-26T18:11:42.572585+00:00
372,5227764303,30.8,0.06,buy,False,2022-10-26T17:54:59.583907+00:00
373,5227613428,30.64,0.06,sell,False,2022-10-26T17:32:06.546295+00:00
374,5227392185,30.8,0.06,sell,False,2022-10-26T17:02:20.702618+00:00
375,5227320950,30.96,0.06,sell,False,2022-10-26T16:55:09.479753+00:00
376,5227124472,31.12,0.06,buy,False,2022-10-26T16:32:15.357828+00:00
377,5226965180,30.96,0.06,buy,False,2022-10-26T16:13:14.450421+00:00
378,5226443318,30.8,0.06,buy,False,2022-10-26T15:12:14.060005+00:00
379,5226185245,30.64,0.06,buy,False,2022-10-26T14:48:40.257623+00:00
380,5225986510,30.49,0.06,sell,False,2022-10-26T14:36:48.001990+00:00
381,5225539922,30.64,0.06,buy,False,2022-10-26T14:14:26.588306+00:00
382,5225320691,30.49,0.06,buy,False,2022-10-26T14:00:41.690607+00:00
383,5225296927,30.33,0.06,sell,False,2022-10-26T13:59:30.138618+00:00
384,5225255567,30.49,0.06,sell,False,2022-10-26T13:53:47.539707+00:00
385,5225177908,30.64,0.06,buy,False,2022-10-26T13:46:37.535350+00:00
386,5225162801,30.49,0.06,sell,False,2022-10-26T13:45:01.101227+00:00
387,5225042921,30.64,0.06,buy,False,2022-10-26T13:35:58.623172+00:00
388,5225034179,30.49,0.06,buy,False,2022-10-26T13:35:00.973911+00:00
389,5224979899,30.33,0.06,buy,False,2022-10-26T13:31:17.139518+00:00
390,5224675802,30.17,0.06,sell,False,2022-10-26T12:44:25.676331+00:00
391,5222793942,30.33,0.06,buy,False,2022-10-26T08:07:11.254742+00:00
392,5222740658,30.17,0.06,buy,False,2022-10-26T08:00:01.182730+00:00
393,5222340901,30.01,0.06,buy,False,2022-10-26T07:02:09.216312+00:00
394,5222078698,29.85,0.06,buy,False,2022-10-26T06:13:28.035450+00:00
395,5219506264,29.69,0.06,sell,False,2022-10-25T22:01:01.921341+00:00
396,5215102444,29.85,0.06,buy,False,2022-10-25T15:54:14.099773+00:00
397,5214420209,29.69,0.06,sell,False,2022-10-25T14:49:05.260188+00:00
398,5214094178,29.85,0.06,sell,False,2022-10-25T14:08:09.491826+00:00
399,5213974694,30.01,0.06,buy,False,2022-10-25T13:57:47.151693+00:00
400,5213836256,29.85,0.06,buy,False,2022-10-25T13:47:04.403533+00:00
401,5213801467,29.69,0.06,buy,False,2022-10-25T13:44:12.152635+00:00
402,5213718862,29.54,0.06,buy,False,2022-10-25T13:35:01.018381+00:00
403,5213691923,29.38,0.06,buy,False,2022-10-25T13:33:36.430804+00:00
404,5213550990,29.22,0.06,buy,False,2022-10-25T13:20:25.534270+00:00
405,5213503900,29.06,0.06,buy,False,2022-10-25T13:14:53.931531+00:00
406,5212666267,28.9,0.06,sell,False,2022-10-25T09:46:00.222383+00:00
407,5212456113,29.06,0.06,sell,False,2022-10-25T08:56:58.589787+00:00
408,5212284018,29.22,0.06,sell,False,2022-10-25T08:00:02.054815+00:00
409,5210770728,29.38,0.06,buy,False,2022-10-25T00:31:17.888713+00:00
410,5209638497,29.22,0.06,buy,False,2022-10-24T19:25:53.688268+00:00
411,5209090913,29.06,0.06,sell,False,2022-10-24T17:24:23.015249+00:00
412,5208906542,29.22,0.06,sell,False,2022-10-24T16:40:13.941849+00:00
413,5208796053,29.38,0.06,buy,False,2022-10-24T16:15:54.583986+00:00
414,5208731969,29.22,0.06,buy,False,2022-10-24T16:01:34.448453+00:00
415,5208362271,29.06,0.06,buy,False,2022-10-24T14:51:32.898653+00:00
416,5208088232,28.9,0.06,sell,False,2022-10-24T14:21:09.480079+00:00
417,5207853542,29.06,0.06,sell,False,2022-10-24T14:00:31.374359+00:00
418,5207811702,29.22,0.06,buy,False,2022-10-24T13:54:08.889488+00:00
419,5207802125,29.06,0.06,sell,False,2022-10-24T13:52:56.440680+00:00
420,5207774629,29.22,0.06,sell,False,2022-10-24T13:49:15.831270+00:00
421,5207753558,29.38,0.06,buy,False,2022-10-24T13:46:47.955656+00:00
422,5207735171,29.22,0.06,buy,False,2022-10-24T13:45:19.818971+00:00
423,5207685970,29.06,0.06,sell,False,2022-10-24T13:40:53.903769+00:00
424,5207673843,29.22,0.06,buy,False,2022-10-24T13:39:30.178426+00:00
425,5207631488,29.06,0.06,sell,False,2022-10-24T13:35:03.270581+00:00
426,5207631350,29.22,0.06,sell,False,2022-10-24T13:35:01.680341+00:00
427,5207597656,29.38,0.06,sell,False,2022-10-24T13:31:24.455415+00:00
428,5207219653,29.54,0.06,sell,False,2022-10-24T12:19:54.405472+00:00
429,5206686266,29.69,0.06,buy,False,2022-10-24T10:19:49.277417+00:00
430,5206559963,29.54,0.06,buy,False,2022-10-24T09:52:41.384854+00:00
431,5206312660,29.38,0.06,sell,False,2022-10-24T08:43:04.187675+00:00
432,5206226342,29.54,0.06,sell,False,2022-10-24T08:18:25.217721+00:00
433,5206144519,29.69,0.06,sell,False,2022-10-24T08:00:02.348817+00:00
434,5205926307,29.85,0.06,sell,False,2022-10-24T07:18:06.878882+00:00
435,5203070612,30.155,80.55,buy,False,2022-10-23T20:55:55.704802+00:00
436,5203070611,30.1,39.0,buy,False,2022-10-23T20:55:55.704802+00:00
437,5203070610,30.01,0.06,buy,False,2022-10-23T20:55:55.704802+00:00
438,5193058902,29.85,0.06,buy,False,2022-10-21T20:02:20.462938+00:00
439,5192703631,29.69,0.06,buy,False,2022-10-21T18:48:31.701351+00:00
440,5192465335,29.54,0.06,buy,False,2022-10-21T17:52:13.640486+00:00
441,5192152669,29.38,0.06,buy,False,2022-10-21T16:49:14.002785+00:00
442,5191688297,29.22,0.06,buy,False,2022-10-21T15:51:19.265445+00:00
443,5191643405,29.06,0.06,buy,False,2022-10-21T15:44:29.682368+00:00
444,5191600854,28.9,0.06,sell,False,2022-10-21T15:36:56.195581+00:00
445,5191473724,29.06,0.06,buy,False,2022-10-21T15:13:14.698303+00:00
446,5191395114,28.9,0.06,sell,False,2022-10-21T14:57:40.649338+00:00
447,5191374218,29.06,0.06,buy,False,2022-10-21T14:53:34.661540+00:00
448,5191338071,28.9,0.06,buy,False,2022-10-21T14:47:09.006257+00:00
449,5191210834,28.75,0.06,sell,False,2022-10-21T14:27:56.206693+00:00
450,5191109929,28.9,0.06,sell,False,2022-10-21T14:14:30.624529+00:00
451,5191025927,29.06,0.06,buy,False,2022-10-21T14:05:51.752329+00:00
452,5190957632,28.9,0.06,buy,False,2022-10-21T13:58:30.669507+00:00
453,5190909171,28.75,0.06,buy,False,2022-10-21T13:53:34.404535+00:00
454,5190826763,28.59,0.06,buy,False,2022-10-21T13:45:10.578554+00:00
455,5190543860,28.43,0.06,buy,False,2022-10-21T13:09:49.047516+00:00
456,5190451024,28.27,0.06,buy,False,2022-10-21T13:02:54.895792+00:00
457,5190415461,28.11,0.06,buy,False,2022-10-21T13:00:43.420695+00:00
458,5190386234,27.95,0.06,buy,False,2022-10-21T12:58:25.314311+00:00
459,5190213578,27.8,0.06,sell,False,2022-10-21T12:33:28.531702+00:00
460,5188737707,27.95,0.06,sell,False,2022-10-21T08:15:49.339805+00:00
461,5188533869,28.11,0.06,buy,False,2022-10-21T07:24:50.266787+00:00
462,5187943376,27.95,0.06,sell,False,2022-10-21T04:16:40.640248+00:00
463,5186732174,28.11,0.06,sell,False,2022-10-20T23:11:10.579301+00:00
464,5184950108,28.27,0.06,sell,False,2022-10-20T17:10:14.338699+00:00
465,5184927309,28.43,0.06,sell,False,2022-10-20T17:07:39.186484+00:00
466,5184813448,28.59,0.06,sell,False,2022-10-20T16:46:00.408364+00:00
467,5184617710,28.75,0.06,sell,False,2022-10-20T16:09:30.331355+00:00
468,5184462763,28.9,0.06,buy,False,2022-10-20T15:37:39.503526+00:00
469,5184423143,28.75,0.06,sell,False,2022-10-20T15:28:15.503548+00:00
470,5184376907,28.9,0.06,buy,False,2022-10-20T15:16:16.454586+00:00
471,5184214373,28.75,0.06,sell,False,2022-10-20T14:37:19.411947+00:00
472,5184101873,28.9,0.06,buy,False,2022-10-20T14:20:14.642950+00:00
473,5184055429,28.75,0.06,buy,False,2022-10-20T14:13:24.858046+00:00
474,5184033430,28.59,0.06,buy,False,2022-10-20T14:10:18.292369+00:00
475,5184005663,28.43,0.06,buy,False,2022-10-20T14:08:21.118984+00:00
476,5183980228,28.27,0.06,buy,False,2022-10-20T14:04:02.356355+00:00
477,5183894080,28.11,0.06,buy,False,2022-10-20T13:47:21.942389+00:00
478,5183570777,27.95,0.06,sell,False,2022-10-20T12:44:19.058505+00:00
479,5183135342,28.11,0.06,buy,False,2022-10-20T10:54:28.329743+00:00
480,5183049643,27.95,0.06,buy,False,2022-10-20T10:40:13.796307+00:00
481,5181805070,27.81,1.43,buy,False,2022-10-20T04:49:45.242207+00:00
482,5178312936,27.8,0.06,sell,False,2022-10-19T16:08:13.260689+00:00
483,5177941164,27.95,0.06,sell,False,2022-10-19T14:55:11.146866+00:00
484,5177703658,28.11,0.06,buy,False,2022-10-19T14:14:11.721925+00:00
485,5177506064,27.95,0.06,sell,False,2022-10-19T13:45:46.879527+00:00
486,5177486031,28.11,0.06,sell,False,2022-10-19T13:42:52.402245+00:00
487,5176629886,28.27,0.06,sell,False,2022-10-19T10:42:01.830176+00:00
488,5176560321,28.43,0.06,sell,False,2022-10-19T10:22:57.860290+00:00
489,5176469333,28.59,0.06,buy,False,2022-10-19T09:59:30.604442+00:00
490,5176027415,28.43,0.06,sell,False,2022-10-19T08:21:52.447370+00:00
491,5175962784,28.59,0.06,sell,False,2022-10-19T08:10:30.611767+00:00
492,5175908386,28.75,0.06,sell,False,2022-10-19T08:00:01.072679+00:00
493,5173169355,28.9,0.06,buy,False,2022-10-18T20:44:48.547936+00:00
494,5172418541,28.75,0.06,sell,False,2022-10-18T18:47:15.334294+00:00
495,5172026714,28.9,0.06,buy,False,2022-10-18T17:25:36.596841+00:00
496,5171693339,28.75,0.06,buy,False,2022-10-18T16:10:59.131877+00:00
497,5171393344,28.59,0.06,sell,False,2022-10-18T15:22:52.397462+00:00
498,5171354255,28.75,0.06,sell,False,2022-10-18T15:16:49.567461+00:00
499,5171259062,28.9,0.06,buy,False,2022-10-18T15:03:21.198433+00:00
500,5171158746,28.75,0.06,buy,False,2022-10-18T14:48:08.542543+00:00
501,5170988273,28.59,0.06,sell,False,2022-10-18T14:29:52.964419+00:00
502,5170923102,28.75,0.06,sell,False,2022-10-18T14:23:03.685881+00:00
503,5170861849,28.9,0.06,sell,False,2022-10-18T14:16:49.334339+00:00
504,5170776577,29.06,0.06,buy,False,2022-10-18T14:01:16.942579+00:00
505,5170722766,28.9,0.06,sell,False,2022-10-18T13:54:13.885990+00:00
506,5169479633,29.06,0.06,sell,False,2022-10-18T09:00:44.167373+00:00
507,5169193934,29.22,0.06,buy,False,2022-10-18T08:00:06.622496+00:00
508,5169193701,29.06,0.06,buy,False,2022-10-18T08:00:02.599186+00:00
509,5167177085,28.9,0.06,buy,False,2022-10-17T23:28:00.615246+00:00
510,5166208928,28.75,0.06,sell,False,2022-10-17T18:18:05.519381+00:00
511,5166137827,28.9,0.06,sell,False,2022-10-17T18:00:05.878815+00:00
512,5165363410,29.06,0.06,buy,False,2022-10-17T15:08:03.207249+00:00
513,5165091342,28.9,0.06,sell,False,2022-10-17T14:19:03.054595+00:00
514,5165065956,29.06,0.06,buy,False,2022-10-17T14:15:22.691867+00:00
515,5164947994,28.9,0.06,sell,False,2022-10-17T13:56:23.120967+00:00
516,5164830024,29.06,0.06,buy,False,2022-10-17T13:40:30.333476+00:00
517,5164776333,28.9,0.06,buy,False,2022-10-17T13:36:04.412554+00:00
518,5164579863,28.75,0.06,buy,False,2022-10-17T12:58:12.969961+00:00
519,5164429059,28.59,0.06,buy,False,2022-10-17T12:23:00.561635+00:00
520,5164102812,28.43,0.06,sell,False,2022-10-17T11:01:54.689348+00:00
521,5163907923,28.59,0.06,buy,False,2022-10-17T10:09:20.077485+00:00
522,5163722770,28.43,0.06,buy,False,2022-10-17T09:30:02.066729+00:00
523,5163457067,28.27,0.06,buy,False,2022-10-17T08:00:02.152888+00:00
524,5163457022,28.11,0.06,buy,False,2022-10-17T08:00:01.627102+00:00
525,5163457021,27.95,0.06,buy,False,2022-10-17T08:00:01.627102+00:00
526,5158335979,27.685,0.03,sell,False,2022-10-16T03:57:34.164625+00:00
527,5158333618,27.9,0.03,buy,False,2022-10-16T03:56:28.600784+00:00
528,5150169963,27.8,0.06,sell,False,2022-10-14T16:15:33.970733+00:00
529,5150017329,27.95,0.06,sell,False,2022-10-14T16:00:01.249588+00:00
530,5149721619,28.11,0.06,sell,False,2022-10-14T15:16:25.668640+00:00
531,5149687990,28.175,10.0,buy,False,2022-10-14T15:11:32.436699+00:00
532,5149240301,28.27,0.06,sell,False,2022-10-14T14:17:21.653635+00:00
533,5149130632,28.43,0.06,sell,False,2022-10-14T14:11:46.378379+00:00
534,5148876716,28.59,0.06,sell,False,2022-10-14T13:45:38.474315+00:00
535,5148860117,28.75,0.06,sell,False,2022-10-14T13:43:55.586812+00:00
536,5148798863,28.9,0.06,sell,False,2022-10-14T13:35:02.237371+00:00
537,5148789053,29.06,0.06,sell,False,2022-10-14T13:34:00.923384+00:00
538,5148554066,29.22,0.06,buy,False,2022-10-14T12:56:34.011223+00:00
539,5147769762,29.06,0.06,buy,False,2022-10-14T10:29:43.947046+00:00
540,5147534631,28.9,0.06,sell,False,2022-10-14T09:34:15.345116+00:00
541,5147462405,29.06,0.06,sell,False,2022-10-14T09:16:01.340180+00:00
542,5147364923,29.22,0.06,sell,False,2022-10-14T08:48:43.976238+00:00
543,5147145563,29.38,0.06,buy,False,2022-10-14T08:00:05.978424+00:00
544,5143057979,29.22,0.06,sell,False,2022-10-13T18:26:46.679041+00:00
545,5142757930,29.38,0.06,buy,False,2022-10-13T17:31:03.349395+00:00
546,5142693234,29.22,0.06,buy,False,2022-10-13T17:20:22.234124+00:00
547,5142500100,29.06,0.06,buy,False,2022-10-13T16:50:31.068127+00:00
548,5142255930,28.9,0.06,sell,False,2022-10-13T16:16:58.163760+00:00
549,5142206858,29.06,0.06,sell,False,2022-10-13T16:10:59.534469+00:00
550,5141894437,29.22,0.06,buy,False,2022-10-13T15:38:48.532351+00:00
551,5141838997,29.06,0.06,buy,False,2022-10-13T15:35:28.756129+00:00
552,5141753994,28.9,0.06,sell,False,2022-10-13T15:25:55.154929+00:00
553,5141716683,29.06,0.06,buy,False,2022-10-13T15:22:23.357163+00:00
554,5141682363,28.9,0.06,buy,False,2022-10-13T15:20:32.186391+00:00
555,5141659909,28.75,0.06,buy,False,2022-10-13T15:18:54.869504+00:00
556,5141627428,28.59,0.06,buy,False,2022-10-13T15:17:38.702407+00:00
557,5141493365,28.43,0.06,buy,False,2022-10-13T15:09:25.183815+00:00
558,5141436610,28.27,0.06,buy,False,2022-10-13T15:04:15.515772+00:00
559,5141308762,28.11,0.06,buy,False,2022-10-13T14:47:36.448969+00:00
560,5141244880,27.95,0.06,sell,False,2022-10-13T14:38:16.586797+00:00
561,5140865461,28.11,0.06,buy,False,2022-10-13T13:53:05.101164+00:00
562,5140794177,27.95,0.06,buy,False,2022-10-13T13:47:56.682569+00:00
563,5140751956,27.8,0.06,sell,False,2022-10-13T13:44:54.450261+00:00
564,5140673647,27.95,0.06,sell,False,2022-10-13T13:38:26.426502+00:00
565,5140609142,28.11,0.06,sell,False,2022-10-13T13:33:13.547551+00:00
566,5140608193,28.27,0.06,sell,False,2022-10-13T13:33:11.509847+00:00
567,5140427425,28.43,0.06,sell,False,2022-10-13T13:16:24.116752+00:00
568,5139736549,28.59,0.06,sell,False,2022-10-13T12:35:56.903252+00:00
569,5139694767,28.75,0.06,sell,False,2022-10-13T12:34:56.306053+00:00
570,5139585801,28.9,0.06,sell,False,2022-10-13T12:32:49.574130+00:00
571,5139474881,29.06,0.06,sell,False,2022-10-13T12:31:18.719880+00:00
572,5139433915,29.22,0.06,sell,False,2022-10-13T12:30:57.037763+00:00
573,5139387720,29.38,0.06,sell,False,2022-10-13T12:30:34.599650+00:00
574,5139352926,29.54,0.06,sell,False,2022-10-13T12:30:19.399984+00:00
575,5139252640,29.69,0.06,buy,False,2022-10-13T12:29:47.032200+00:00
576,5139096767,29.54,0.06,sell,False,2022-10-13T12:14:39.399639+00:00
577,5134252560,29.69,0.06,buy,False,2022-10-12T19:59:56.115849+00:00
578,5134037270,29.54,0.06,sell,False,2022-10-12T18:50:18.752178+00:00
579,5133890413,29.69,0.06,buy,False,2022-10-12T18:11:46.320527+00:00
580,5133814350,29.54,0.06,buy,False,2022-10-12T18:02:42.961651+00:00
581,5133639575,29.38,0.06,buy,False,2022-10-12T17:28:02.245807+00:00
582,5133180332,29.22,0.06,sell,False,2022-10-12T15:35:04.820956+00:00
583,5133116980,29.38,0.06,buy,False,2022-10-12T15:19:07.538400+00:00
584,5133105281,29.22,0.06,sell,False,2022-10-12T15:16:57.942383+00:00
585,5132989869,29.38,0.06,sell,False,2022-10-12T14:45:40.220066+00:00
586,5132892402,29.54,0.06,sell,False,2022-10-12T14:22:12.722134+00:00
587,5132780955,29.69,0.06,buy,False,2022-10-12T13:58:57.814901+00:00
588,5132757951,29.54,0.06,sell,False,2022-10-12T13:54:06.225024+00:00
589,5132735632,29.69,0.06,buy,False,2022-10-12T13:49:06.412322+00:00
590,5132731085,29.54,0.06,buy,False,2022-10-12T13:48:06.722691+00:00
591,5132661754,29.38,0.06,buy,False,2022-10-12T13:38:00.333518+00:00
592,5132617298,29.22,0.06,sell,False,2022-10-12T13:31:59.425336+00:00
593,5132195825,29.38,0.06,sell,False,2022-10-12T12:30:19.230277+00:00
594,5131509711,29.54,0.06,buy,False,2022-10-12T09:29:11.623898+00:00
595,5130308344,29.38,0.06,buy,False,2022-10-12T04:05:22.573758+00:00
596,5128512921,29.22,0.06,sell,False,2022-10-11T19:32:24.107975+00:00
597,5128340269,29.38,0.06,sell,False,2022-10-11T18:59:33.857173+00:00
598,5128317354,29.54,0.06,sell,False,2022-10-11T18:55:57.310458+00:00
599,5128263868,29.69,0.06,sell,False,2022-10-11T18:47:27.489015+00:00
600,5128205929,29.85,0.06,sell,False,2022-10-11T18:35:19.476669+00:00
601,5127945774,30.01,0.06,sell,False,2022-10-11T17:29:06.806997+00:00
602,5127398946,30.17,0.06,buy,False,2022-10-11T15:36:54.767343+00:00
603,5127378311,30.01,0.06,buy,False,2022-10-11T15:34:11.985857+00:00
604,5127360313,29.85,0.06,buy,False,2022-10-11T15:30:32.158823+00:00
605,5127236797,29.69,0.06,buy,False,2022-10-11T15:04:08.469727+00:00
606,5127098269,29.54,0.06,buy,False,2022-10-11T14:36:54.741533+00:00
607,5126960731,29.38,0.06,buy,False,2022-10-11T14:14:21.390272+00:00
608,5126892710,29.22,0.06,sell,False,2022-10-11T14:05:32.577761+00:00
609,5126834755,29.38,0.06,sell,False,2022-10-11T14:01:04.217042+00:00
610,5126762192,29.54,0.06,sell,False,2022-10-11T13:55:43.462446+00:00
611,5126750878,29.69,0.06,sell,False,2022-10-11T13:53:23.159014+00:00
612,5126690092,29.85,0.06,buy,False,2022-10-11T13:42:17.192910+00:00
613,5126656779,29.69,0.06,buy,False,2022-10-11T13:36:40.086320+00:00
614,5126214533,29.54,0.06,buy,False,2022-10-11T12:12:08.652468+00:00
615,5126018464,29.38,0.06,buy,False,2022-10-11T11:24:13.310633+00:00
616,5125919036,29.22,0.06,buy,False,2022-10-11T10:56:20.844772+00:00
617,5125695886,29.015,5.13,sell,False,2022-10-11T09:46:55.956007+00:00
618,5125695885,29.06,0.06,sell,False,2022-10-11T09:46:55.956007+00:00
619,5125480823,29.22,0.06,sell,False,2022-10-11T08:41:34.132714+00:00
620,5125332816,29.38,0.06,sell,False,2022-10-11T08:00:01.807111+00:00
621,5125332719,29.54,0.06,sell,False,2022-10-11T08:00:01.294127+00:00
622,5121693832,29.69,0.06,sell,False,2022-10-10T18:10:09.791521+00:00
623,5121605780,29.85,0.06,buy,False,2022-10-10T17:51:13.975788+00:00
624,5121508773,29.69,0.06,buy,False,2022-10-10T17:32:20.973136+00:00
625,5121394037,29.54,0.06,sell,False,2022-10-10T17:08:09.955024+00:00
626,5121195643,29.69,0.06,sell,False,2022-10-10T16:28:31.032220+00:00
627,5121089168,29.85,0.06,buy,False,2022-10-10T16:16:48.685172+00:00
628,5120876496,29.69,0.06,buy,False,2022-10-10T15:22:00.892128+00:00
629,5120759730,29.54,0.06,sell,False,2022-10-10T14:55:12.596307+00:00
630,5120659412,29.69,0.06,sell,False,2022-10-10T14:38:23.806747+00:00
631,5120585668,29.85,0.06,sell,False,2022-10-10T14:26:05.011004+00:00
632,5120496528,30.01,0.06,buy,False,2022-10-10T14:02:14.898052+00:00
633,5120427740,29.85,0.06,buy,False,2022-10-10T13:47:20.315957+00:00
634,5120419022,29.69,0.06,buy,False,2022-10-10T13:45:17.081171+00:00
635,5120399507,29.54,0.06,buy,False,2022-10-10T13:41:18.158540+00:00
636,5120361922,29.38,0.06,sell,False,2022-10-10T13:35:01.660821+00:00
637,5118876485,29.54,0.06,sell,False,2022-10-10T08:03:16.813594+00:00
638,5118860744,29.69,0.06,sell,False,2022-10-10T08:00:02.236110+00:00
639,5118860743,29.85,0.06,sell,False,2022-10-10T08:00:02.236110+00:00
640,5117132092,30.01,0.06,sell,False,2022-10-09T22:00:17.086662+00:00
641,5111946321,30.135,3.31,buy,False,2022-10-08T04:51:45.292460+00:00
642,5110446935,30.17,0.06,sell,False,2022-10-07T19:23:45.623115+00:00
643,5110427825,30.215,3.08,sell,False,2022-10-07T19:18:38.709699+00:00
644,5110388476,30.33,0.06,sell,False,2022-10-07T19:06:56.771070+00:00
645,5110228307,30.49,0.06,sell,False,2022-10-07T18:29:14.147575+00:00
646,5110130353,30.64,0.06,sell,False,2022-10-07T18:05:47.969007+00:00
647,5110012942,30.8,0.06,buy,False,2022-10-07T17:41:51.809047+00:00
648,5109795822,30.64,0.06,sell,False,2022-10-07T16:50:12.499850+00:00
649,5109685669,30.8,0.06,sell,False,2022-10-07T16:30:51.633553+00:00
650,5109517010,30.96,0.06,buy,False,2022-10-07T16:12:04.513663+00:00
651,5109486976,30.8,0.06,buy,False,2022-10-07T16:05:03.714791+00:00
652,5109345474,30.64,0.06,sell,False,2022-10-07T15:31:24.451268+00:00
653,5109163661,30.8,0.06,buy,False,2022-10-07T14:48:16.069268+00:00
654,5109131414,30.64,0.06,buy,False,2022-10-07T14:41:18.064769+00:00
655,5109072827,30.49,0.06,sell,False,2022-10-07T14:30:30.927852+00:00
656,5109030082,30.64,0.06,buy,False,2022-10-07T14:23:09.588771+00:00
657,5108892874,30.49,0.06,sell,False,2022-10-07T14:01:26.260804+00:00
658,5108830030,30.64,0.06,sell,False,2022-10-07T13:51:24.892499+00:00
659,5108786420,30.8,0.06,sell,False,2022-10-07T13:44:32.059898+00:00
660,5108752399,30.96,0.06,sell,False,2022-10-07T13:39:00.317376+00:00
661,5108687787,31.12,0.06,buy,False,2022-10-07T13:30:16.533030+00:00
662,5108313788,30.96,0.06,sell,False,2022-10-07T12:51:47.046849+00:00
663,5108216368,31.12,0.06,sell,False,2022-10-07T12:46:47.338793+00:00
664,5108169434,31.28,0.06,sell,False,2022-10-07T12:42:40.966349+00:00
665,5107397908,31.44,0.06,sell,False,2022-10-07T10:28:44.375648+00:00
666,5107166450,31.59,0.06,buy,False,2022-10-07T09:03:32.698082+00:00
667,5106979284,31.44,0.06,sell,False,2022-10-07T08:03:16.930260+00:00
668,5104330278,31.59,0.06,buy,False,2022-10-06T18:36:30.299270+00:00
669,5104241879,31.44,0.06,buy,False,2022-10-06T18:15:58.345104+00:00
670,5103955567,31.28,0.06,buy,False,2022-10-06T17:16:20.619131+00:00
671,5103776897,31.12,0.06,buy,False,2022-10-06T16:29:30.893672+00:00
672,5103594829,30.96,0.06,sell,False,2022-10-06T15:57:49.623930+00:00
673,5103466656,31.12,0.06,sell,False,2022-10-06T15:30:41.820062+00:00
674,5103232196,31.28,0.06,buy,False,2022-10-06T14:49:19.556085+00:00
675,5103065777,31.12,0.06,sell,False,2022-10-06T14:28:37.446989+00:00
676,5102931182,31.28,0.06,buy,False,2022-10-06T14:13:01.630839+00:00
677,5102904444,31.12,0.06,sell,False,2022-10-06T14:10:23.528440+00:00
678,5102823660,31.28,0.06,sell,False,2022-10-06T14:05:03.487163+00:00
679,5102702448,31.44,0.06,buy,False,2022-10-06T13:54:43.308398+00:00
680,5102684275,31.28,0.06,sell,False,2022-10-06T13:51:20.036187+00:00
681,5102642117,31.44,0.06,sell,False,2022-10-06T13:45:55.439244+00:00
682,5102562369,31.59,0.06,buy,False,2022-10-06T13:36:14.535107+00:00
683,5102555406,31.44,0.06,buy,False,2022-10-06T13:35:00.519410+00:00
684,5101460731,31.28,0.06,sell,False,2022-10-06T08:58:59.165086+00:00
685,5101317816,31.44,0.06,sell,False,2022-10-06T08:24:42.610051+00:00
686,5101178999,31.615,19.99,sell,False,2022-10-06T07:52:27.864674+00:00
687,5099270938,31.59,0.06,buy,False,2022-10-06T00:06:14.196315+00:00
688,5098448329,31.44,0.06,buy,False,2022-10-05T20:08:43.709820+00:00
689,5098110899,31.28,0.06,buy,False,2022-10-05T19:00:12.603469+00:00
690,5097655275,31.12,0.06,buy,False,2022-10-05T17:20:00.116204+00:00
691,5097241849,30.96,0.06,buy,False,2022-10-05T16:15:43.312549+00:00
692,5097067537,30.8,0.06,sell,False,2022-10-05T15:48:47.034310+00:00
693,5096796402,30.96,0.06,buy,False,2022-10-05T15:00:55.932190+00:00
694,5096679492,30.8,0.06,buy,False,2022-10-05T14:39:56.216563+00:00
695,5096478317,30.64,0.06,buy,False,2022-10-05T14:07:32.748982+00:00
696,5096442432,30.49,0.06,sell,False,2022-10-05T14:02:05.065090+00:00
697,5096428039,30.64,0.06,sell,False,2022-10-05T14:00:36.389512+00:00
698,5096345593,30.8,0.06,buy,False,2022-10-05T13:47:03.114285+00:00
699,5096296068,30.64,0.06,sell,False,2022-10-05T13:41:07.787836+00:00
700,5096277806,30.8,0.06,sell,False,2022-10-05T13:40:12.676750+00:00
701,5096241630,30.96,0.06,sell,False,2022-10-05T13:34:03.895229+00:00
702,5095812326,31.12,0.06,sell,False,2022-10-05T12:13:29.705687+00:00
703,5095748384,31.28,0.06,buy,False,2022-10-05T11:58:24.632193+00:00
704,5095342937,31.0,2.31,sell,False,2022-10-05T10:16:04.520092+00:00
705,5095267288,31.12,0.06,sell,False,2022-10-05T09:53:33.510890+00:00
706,5094905074,31.28,0.06,sell,False,2022-10-05T08:22:22.658019+00:00
707,5094776267,31.44,0.06,sell,False,2022-10-05T08:09:50.909345+00:00
708,5094630112,31.59,0.06,sell,False,2022-10-05T07:24:09.507886+00:00
709,5093770352,31.605,1.75,sell,False,2022-10-05T02:48:02.434806+00:00
710,5093373774,31.75,0.06,sell,False,2022-10-05T00:51:59.280978+00:00
711,5092052286,31.91,0.06,buy,False,2022-10-04T19:26:55.699437+00:00
712,5091984985,31.75,0.06,sell,False,2022-10-04T19:10:46.134472+00:00
713,5091707098,31.91,0.06,buy,False,2022-10-04T18:02:12.956877+00:00
714,5091581484,31.75,0.06,sell,False,2022-10-04T17:33:53.454324+00:00
715,5091451620,31.91,0.06,sell,False,2022-10-04T17:13:08.024328+00:00
716,5091337639,32.07,0.06,sell,False,2022-10-04T16:55:38.040878+00:00
717,5091123694,32.23,0.06,buy,False,2022-10-04T16:15:42.934662+00:00
718,5090860093,32.1,12.46,buy,False,2022-10-04T15:27:55.625476+00:00
719,5090840639,32.04,53.37,buy,False,2022-10-04T15:24:07.110364+00:00
720,5090838605,32.035,43.13,sell,False,2022-10-04T15:23:38.475297+00:00
721,5090758819,32.075,1.41,sell,False,2022-10-04T15:06:18.690398+00:00
722,5090744191,32.07,0.06,buy,False,2022-10-04T15:03:54.889710+00:00
723,5090673656,31.91,0.06,buy,False,2022-10-04T14:48:03.530829+00:00
724,5090645092,31.75,0.06,buy,False,2022-10-04T14:42:11.191873+00:00
725,5090439967,31.59,0.06,sell,False,2022-10-04T14:10:09.836650+00:00
726,5090404504,31.75,0.06,buy,False,2022-10-04T14:05:07.861838+00:00
727,5090333394,31.59,0.06,buy,False,2022-10-04T14:00:52.750532+00:00
728,5090232937,31.44,0.06,sell,False,2022-10-04T13:44:08.492534+00:00
729,5088685052,31.59,0.06,buy,False,2022-10-04T08:00:03.063546+00:00
730,5088684996,31.44,0.06,buy,False,2022-10-04T08:00:02.528988+00:00
731,5088684935,31.28,0.06,buy,False,2022-10-04T08:00:01.966587+00:00
732,5087100101,31.12,0.06,buy,False,2022-10-04T00:17:48.525557+00:00
733,5086237981,30.96,0.06,buy,False,2022-10-03T19:59:00.397574+00:00
734,5086200962,30.88,4.9,buy,False,2022-10-03T19:49:54.947675+00:00
735,5085730727,30.8,0.06,sell,False,2022-10-03T18:10:37.627564+00:00
736,5085588947,30.96,0.06,buy,False,2022-10-03T17:37:11.685230+00:00
737,5085438816,30.8,0.06,buy,False,2022-10-03T17:08:06.185672+00:00
738,5085257851,30.64,0.06,sell,False,2022-10-03T16:21:20.209951+00:00
739,5085207624,30.8,0.06,buy,False,2022-10-03T16:08:32.875202+00:00
740,5084679452,30.64,0.06,buy,False,2022-10-03T14:30:41.036510+00:00
741,5084627455,30.49,0.06,sell,False,2022-10-03T14:27:12.265767+00:00
742,5084622498,30.64,0.06,sell,False,2022-10-03T14:26:39.999917+00:00
743,5084607180,30.8,0.06,buy,False,2022-10-03T14:25:05.394613+00:00
744,5084594045,30.64,0.06,buy,False,2022-10-03T14:24:34.122892+00:00
745,5084588979,30.49,0.06,buy,False,2022-10-03T14:23:41.909401+00:00
746,5084579564,30.33,0.06,buy,False,2022-10-03T14:21:43.138217+00:00
747,5084567287,30.17,0.06,sell,False,2022-10-03T14:18:42.277912+00:00
748,5084547574,30.33,0.06,sell,False,2022-10-03T14:14:47.452850+00:00
749,5084523797,30.49,0.06,sell,False,2022-10-03T14:10:27.512435+00:00
750,5084499468,30.64,0.06,buy,False,2022-10-03T14:07:20.971257+00:00
751,5084491348,30.49,0.06,buy,False,2022-10-03T14:06:06.763682+00:00
752,5084433371,30.33,0.06,buy,False,2022-10-03T14:00:13.536250+00:00
753,5084416941,30.17,0.06,sell,False,2022-10-03T13:59:10.439525+00:00
754,5084351666,30.33,0.06,buy,False,2022-10-03T13:47:11.996182+00:00
755,5084341067,30.17,0.06,buy,False,2022-10-03T13:45:55.136417+00:00
756,5084165992,30.01,0.06,buy,False,2022-10-03T13:20:46.361692+00:00
757,5083987091,29.85,0.06,buy,False,2022-10-03T12:41:28.796049+00:00
758,5083687401,29.69,0.06,buy,False,2022-10-03T11:03:49.198360+00:00
759,5080801311,29.54,0.03,buy,False,2022-10-02T22:12:08.514259+00:00
760,5074591616,29.54,0.01,buy,False,2022-10-01T10:02:57.368455+00:00
761,5074518184,29.54,0.06,sell,False,2022-10-01T09:24:30.210874+00:00
762,5074479306,29.56,0.06,buy,False,2022-10-01T09:05:08.681072+00:00
763,5072256177,29.47,10.0,sell,False,2022-09-30T20:09:42.885418+00:00
764,5070879376,29.56,1.0,sell,False,2022-09-30T15:50:47.057722+00:00
765,5070804249,29.725,1.0,sell,False,2022-09-30T15:39:17.805360+00:00
766,5063765129,28.365,7.0,sell,False,2022-09-29T15:24:30.547457+00:00
767,5061989530,27.78,0.53,buy,False,2022-09-29T10:56:06.331161+00:00
768,5061989444,27.78,206.31,buy,False,2022-09-29T10:56:05.783110+00:00
769,5061951451,27.785,1.41,buy,False,2022-09-29T10:45:56.590303+00:00
770,5061436221,27.505,0.15,sell,False,2022-09-29T08:31:08.581860+00:00
771,5061436150,27.465,0.01,sell,False,2022-09-29T08:31:07.265616+00:00
772,5061408095,27.625,0.01,sell,False,2022-09-29T08:22:28.047700+00:00
773,5061388413,27.65,0.01,sell,False,2022-09-29T08:16:31.256392+00:00
774,5061368697,27.67,0.01,sell,False,2022-09-29T08:10:25.060575+00:00
775,5061368660,27.68,0.01,sell,False,2022-09-29T08:10:24.210840+00:00
776,5061368124,27.715,0.01,buy,False,2022-09-29T08:10:22.421301+00:00
777,5061368108,27.715,0.01,buy,False,2022-09-29T08:10:21.971895+00:00
778,5061368092,27.715,0.01,buy,False,2022-09-29T08:10:21.446452+00:00
779,5061368062,27.715,0.01,buy,False,2022-09-29T08:10:20.944898+00:00
780,5061367997,27.715,0.01,buy,False,2022-09-29T08:10:20.226003+00:00
781,5061367792,27.68,0.01,sell,False,2022-09-29T08:10:18.873914+00:00
782,5061363566,27.68,0.01,sell,False,2022-09-29T08:09:13.072415+00:00
783,5061363557,27.665,0.01,sell,False,2022-09-29T08:09:12.359424+00:00
784,5061363556,27.665,0.01,sell,False,2022-09-29T08:09:12.359424+00:00
785,5061363544,27.68,0.01,sell,False,2022-09-29T08:09:11.857930+00:00
786,5061362819,27.68,0.01,sell,False,2022-09-29T08:08:55.871662+00:00
787,5061362456,27.685,0.01,buy,False,2022-09-29T08:08:44.779882+00:00
788,5061347599,27.565,0.03,sell,False,2022-09-29T08:04:48.177135+00:00
789,5061346355,27.52,0.04,sell,False,2022-09-29T08:04:24.861268+00:00
790,5058553692,28.245,0.5,sell,False,2022-09-28T20:26:54.217518+00:00
791,5056951340,27.8,0.5,sell,False,2022-09-28T15:27:52.346087+00:00
792,5051104462,26.355,6.45,sell,False,2022-09-27T22:54:41.957399+00:00
793,5049958213,26.41,29.07,sell,False,2022-09-27T18:38:27.261797+00:00
794,5049954738,26.4,114.83,buy,False,2022-09-27T18:37:53.569256+00:00
795,5049954591,26.4,154.51,buy,False,2022-09-27T18:37:51.729510+00:00
796,5049954524,26.4,150.51,buy,False,2022-09-27T18:37:51.211532+00:00
797,5047493473,26.6,75.18,sell,False,2022-09-27T14:12:00.691433+00:00
798,5047425636,26.53,69.71,sell,False,2022-09-27T14:03:15.328019+00:00
799,5047425416,26.53,155.79,sell,False,2022-09-27T14:03:13.796687+00:00
800,5047425349,26.53,148.33,sell,False,2022-09-27T14:03:13.216307+00:00
801,5039957284,26.815,0.01,sell,False,2022-09-26T13:34:24.367143+00:00
802,5039875538,26.935,0.32,sell,False,2022-09-26T13:23:40.229287+00:00
803,5039806109,26.935,29.42,buy,False,2022-09-26T13:08:36.684989+00:00
804,5039737782,26.885,3.71,buy,False,2022-09-26T12:57:38.069874+00:00
805,5038627729,26.735,0.1,buy,False,2022-09-26T10:10:13.842831+00:00
806,5038365155,26.85,0.3,buy,False,2022-09-26T09:38:26.161724+00:00
807,5037847248,27.1,0.01,buy,False,2022-09-26T08:19:46.730374+00:00
808,5037847245,27.1,0.01,buy,False,2022-09-26T08:19:46.701355+00:00
809,5037847190,27.1,0.01,buy,False,2022-09-26T08:19:46.299461+00:00
810,5037847149,27.1,0.01,buy,False,2022-09-26T08:19:45.483377+00:00
811,5037847145,27.1,0.01,buy,False,2022-09-26T08:19:45.454905+00:00
812,5037847122,27.1,0.01,buy,False,2022-09-26T08:19:44.916470+00:00
813,5037847119,27.1,0.01,buy,False,2022-09-26T08:19:44.863417+00:00
814,5037847118,27.1,0.01,buy,False,2022-09-26T08:19:44.862948+00:00
815,5030296165,27.185,0.75,buy,False,2022-09-25T01:32:51.098887+00:00
816,5021236261,27.18,0.1,buy,False,2022-09-23T15:07:30.705367+00:00
817,5021230877,27.17,0.1,buy,False,2022-09-23T15:06:46.764316+00:00
818,5021222753,27.19,0.2,buy,False,2022-09-23T15:05:28.789960+00:00
819,5018337257,28.775,4.0,buy,False,2022-09-23T08:09:17.005287+00:00
820,5018326905,28.765,4.0,sell,False,2022-09-23T08:06:58.553336+00:00
821,4995293462,29.08,0.2,buy,False,2022-09-20T13:45:05.518673+00:00
822,4994962670,29.61,0.4,sell,False,2022-09-20T13:14:47.354565+00:00
823,4994957933,29.555,0.01,buy,False,2022-09-20T13:13:33.145810+00:00
824,4994832449,29.615,0.4,buy,False,2022-09-20T12:42:35.286086+00:00
825,4994515884,29.68,0.1,sell,False,2022-09-20T11:40:24.475511+00:00
826,4989661427,29.505,0.1,buy,False,2022-09-19T17:38:32.509480+00:00
827,4989640914,29.515,0.01,buy,False,2022-09-19T17:36:44.908526+00:00
828,4988627211,29.665,0.99,buy,False,2022-09-19T14:47:15.169825+00:00
829,4968130624,28.71,27.38,buy,False,2022-09-16T13:50:48.300010+00:00
830,4968129863,28.71,184.23,buy,False,2022-09-16T13:50:43.931681+00:00
831,4968129275,28.71,152.89,buy,False,2022-09-16T13:50:36.106932+00:00
832,4968129230,28.71,176.9,buy,False,2022-09-16T13:50:35.495734+00:00
833,4968129114,28.71,168.77,buy,False,2022-09-16T13:50:34.940366+00:00
834,4968053746,28.61,29.09,buy,False,2022-09-16T13:40:05.700804+00:00
835,4968052780,28.61,145.78,buy,False,2022-09-16T13:40:00.578082+00:00
836,4968051722,28.61,277.72,buy,False,2022-09-16T13:39:56.632428+00:00
837,4968051284,28.61,179.44,buy,False,2022-09-16T13:39:56.115488+00:00
838,4949076775,30.39,0.42,sell,False,2022-09-14T08:02:40.800986+00:00
839,4949076694,30.39,2.51,sell,False,2022-09-14T08:02:39.777452+00:00
840,4949076564,30.39,3.14,sell,False,2022-09-14T08:02:38.803395+00:00
841,4949076490,30.39,3.92,sell,False,2022-09-14T08:02:38.288776+00:00
842,4949076419,30.39,4.9,sell,False,2022-09-14T08:02:37.749360+00:00
843,4945400378,30.275,1.34,sell,False,2022-09-13T20:06:16.697378+00:00
844,4945400337,30.275,16.98,sell,False,2022-09-13T20:06:16.119254+00:00
845,4945400127,30.255,9.47,sell,False,2022-09-13T20:06:14.784707+00:00
846,4942777180,30.89,4.89,sell,False,2022-09-13T14:19:33.697513+00:00
847,4936279369,31.785,0.75,sell,False,2022-09-12T22:34:59.486292+00:00
848,4912319568,30.995,5.37,buy,False,2022-09-09T14:05:47.572628+00:00
849,4912262269,30.77,19.8,buy,False,2022-09-09T13:58:34.374176+00:00
850,4912261308,30.77,166.5,buy,False,2022-09-09T13:58:26.770975+00:00
851,4912260976,30.77,151.48,buy,False,2022-09-09T13:58:23.205377+00:00
852,4912257599,30.71,1070.92,sell,False,2022-09-09T13:57:59.449136+00:00
853,4911107274,30.705,16.5,buy,False,2022-09-09T11:55:21.963712+00:00
854,4905204950,29.77,1.99,sell,False,2022-09-08T17:05:46.779477+00:00
855,4903764013,30.0,4.5,buy,False,2022-09-08T13:49:29.382588+00:00
856,4889301748,28.885,0.68,buy,False,2022-09-06T17:00:29.579562+00:00
857,4889295031,28.905,0.07,buy,False,2022-09-06T16:59:12.978013+00:00
858,4867983054,29.325,0.27,buy,False,2022-09-02T17:22:59.866331+00:00
859,4867982546,29.325,0.3,buy,False,2022-09-02T17:22:58.375096+00:00
860,4867980068,29.315,0.33,buy,False,2022-09-02T17:22:38.627694+00:00
861,4867979853,29.315,0.36,buy,False,2022-09-02T17:22:37.952024+00:00
862,4867977138,29.33,0.4,buy,False,2022-09-02T17:22:25.324569+00:00
863,4867977048,29.33,0.45,buy,False,2022-09-02T17:22:24.550804+00:00
864,4867977006,29.33,0.5,buy,False,2022-09-02T17:22:23.791189+00:00
865,4867976966,29.33,0.56,buy,False,2022-09-02T17:22:23.063989+00:00
866,4867976921,29.33,0.62,buy,False,2022-09-02T17:22:22.539002+00:00
867,4867976866,29.33,0.69,buy,False,2022-09-02T17:22:22.014334+00:00
868,4867976825,29.33,0.76,buy,False,2022-09-02T17:22:21.565564+00:00
869,4867976608,29.33,0.85,buy,False,2022-09-02T17:22:20.488187+00:00
870,4867976488,29.33,0.94,buy,False,2022-09-02T17:22:19.920858+00:00
871,4867976389,29.33,1.05,buy,False,2022-09-02T17:22:19.489379+00:00
872,4867976296,29.33,1.16,buy,False,2022-09-02T17:22:18.838212+00:00
873,4867976196,29.33,1.29,buy,False,2022-09-02T17:22:17.939639+00:00
874,4867976080,29.33,1.43,buy,False,2022-09-02T17:22:17.456684+00:00
875,4867974780,29.315,1.59,buy,False,2022-09-02T17:22:11.294272+00:00
876,4867974687,29.315,1.77,buy,False,2022-09-02T17:22:10.244026+00:00
877,4867974626,29.315,1.97,buy,False,2022-09-02T17:22:09.464639+00:00
878,4867974589,29.315,2.19,buy,False,2022-09-02T17:22:08.687923+00:00
879,4867974458,29.315,2.43,buy,False,2022-09-02T17:22:07.685070+00:00
880,4867972220,29.37,2.7,buy,False,2022-09-02T17:21:52.230288+00:00
881,4867972099,29.315,3.0,buy,False,2022-09-02T17:21:51.743808+00:00
882,4867972010,29.315,3.33,buy,False,2022-09-02T17:21:51.035529+00:00
883,4867969792,29.37,2.12,buy,False,2022-09-02T17:21:42.101200+00:00
884,4867969527,29.325,2.35,buy,False,2022-09-02T17:21:41.550612+00:00
885,4867969445,29.325,2.62,buy,False,2022-09-02T17:21:41.012045+00:00
886,4867966157,29.33,2.85,buy,False,2022-09-02T17:21:23.056304+00:00
887,4867966076,29.33,3.17,buy,False,2022-09-02T17:21:22.754880+00:00
888,4867965915,29.33,3.52,buy,False,2022-09-02T17:21:22.277989+00:00
889,4846555144,29.605,337.78,sell,False,2022-08-30T15:55:18.767510+00:00
890,4841509343,30.505,1.0,sell,False,2022-08-29T21:36:46.094116+00:00
891,4841508983,30.71,1.0,buy,False,2022-08-29T21:36:34.092704+00:00
892,4841505445,30.505,0.63,sell,False,2022-08-29T21:34:42.908690+00:00
893,4837287819,26.71,9.69,sell,False,2022-08-29T06:00:50.650910+00:00
894,4837286648,26.65,171.31,sell,False,2022-08-29T06:00:28.795207+00:00
895,4837286647,26.68,318.34,sell,False,2022-08-29T06:00:28.795207+00:00
896,4837286646,27.4,10.0,sell,False,2022-08-29T06:00:28.795207+00:00
897,4837286645,28.4,0.35,sell,False,2022-08-29T06:00:28.795207+00:00
898,4837286615,28.4,6.75,sell,False,2022-08-29T06:00:28.070539+00:00
899,4837286602,28.4,2.9,sell,False,2022-08-29T06:00:27.623770+00:00
900,4837286601,28.405,3.68,sell,False,2022-08-29T06:00:27.623770+00:00
901,4837286593,28.405,0.82,sell,False,2022-08-29T06:00:27.487783+00:00
902,4837285687,30.3,6.58,buy,False,2022-08-29T06:00:20.049313+00:00
903,4837285683,30.3,0.82,buy,False,2022-08-29T06:00:19.999101+00:00
904,4837285565,30.26,6.75,buy,False,2022-08-29T06:00:18.322823+00:00
905,4837283926,30.9,2.0,sell,False,2022-08-29T06:00:00.783233+00:00
906,4837283925,30.9,7.31,sell,False,2022-08-29T06:00:00.783233+00:00
907,4826087715,30.9,0.94,sell,False,2022-08-27T04:35:19.487941+00:00
908,4826084478,30.9,1.45,sell,False,2022-08-27T04:33:54.774494+00:00
909,4817872644,32.615,0.03,sell,False,2022-08-26T06:05:52.513961+00:00
910,4815745768,32.7,0.16,buy,False,2022-08-25T20:04:53.079761+00:00
911,4812671546,32.835,3.7,buy,False,2022-08-25T08:00:01.651300+00:00
912,4808403136,32.245,1.18,buy,False,2022-08-24T14:49:58.544306+00:00
913,4806739493,31.81,0.43,sell,False,2022-08-24T08:21:08.682185+00:00
914,4805920669,31.845,0.1,buy,False,2022-08-24T05:03:56.952968+00:00
915,4804665524,31.955,0.31,buy,False,2022-08-24T00:07:01.214418+00:00
916,4804515684,32.035,10.1,buy,False,2022-08-23T23:26:19.354274+00:00
917,4804515683,31.995,34.99,buy,False,2022-08-23T23:26:19.354274+00:00
918,4804137429,31.99,0.25,buy,False,2022-08-23T21:17:54.634841+00:00
919,4803586076,31.84,0.43,buy,False,2022-08-23T18:48:11.073849+00:00
920,4802437176,32.16,0.15,buy,False,2022-08-23T14:49:57.143351+00:00
921,4802156616,32.55,0.3,buy,False,2022-08-23T14:09:58.309557+00:00
922,4802143243,32.495,0.3,buy,False,2022-08-23T14:08:32.999864+00:00
923,4801811008,31.62,99.01,buy,False,2022-08-23T13:35:02.942704+00:00
924,4794720401,31.12,0.22,buy,False,2022-08-22T15:44:51.760739+00:00
925,4794616627,31.1,26.71,sell,False,2022-08-22T15:30:04.714701+00:00
926,4794616626,31.1,26.66,sell,False,2022-08-22T15:30:04.714701+00:00
927,4794199643,31.04,3.22,sell,False,2022-08-22T14:26:54.486984+00:00
928,4794163210,31.245,12.8,buy,False,2022-08-22T14:21:40.959456+00:00
929,4791418505,30.91,0.33,sell,False,2022-08-22T07:28:56.042578+00:00
930,4791310780,31.02,52.54,sell,False,2022-08-22T07:11:05.525362+00:00
931,4790894088,31.255,0.32,sell,False,2022-08-22T06:00:01.057231+00:00
932,4780598048,31.265,0.38,sell,True,2022-08-20T17:10:53.217251+00:00
933,4771671544,31.6,0.32,sell,False,2022-08-19T13:48:13.859812+00:00
934,4771670085,31.62,23.96,sell,False,2022-08-19T13:47:57.878628+00:00
935,4768132230,31.62,0.59,sell,False,2022-08-19T06:52:31.794717+00:00
936,4766869661,32.005,9.04,sell,False,2022-08-19T04:35:50.656493+00:00
937,4766869000,32.01,31.4,sell,False,2022-08-19T04:35:37.058565+00:00
938,4766867752,32.01,41.15,sell,False,2022-08-19T04:35:19.889428+00:00
939,4766856328,32.015,35.5,sell,False,2022-08-19T04:32:56.331950+00:00
940,4762543132,32.075,0.15,sell,False,2022-08-18T16:49:07.384292+00:00
941,4759623179,31.95,0.32,sell,False,2022-08-18T06:46:32.928118+00:00
942,4755037755,32.22,11.47,sell,False,2022-08-17T15:43:30.240311+00:00
943,4755022083,32.295,0.31,sell,False,2022-08-17T15:41:06.565805+00:00
944,4754142679,32.645,0.31,sell,False,2022-08-17T13:50:28.423250+00:00
945,4753973036,32.82,5.37,sell,False,2022-08-17T13:40:49.224285+00:00
946,4753926304,32.99,0.31,sell,False,2022-08-17T13:36:13.735254+00:00
947,4753913506,33.0,0.16,sell,False,2022-08-17T13:35:12.940818+00:00
948,4738946628,33.34,0.3,sell,False,2022-08-15T13:40:35.217786+00:00
949,4738942718,33.415,2.51,sell,False,2022-08-15T13:39:59.678898+00:00
950,4738475097,33.625,1.38,buy,False,2022-08-15T12:18:37.917939+00:00
951,4737710758,33.685,0.3,sell,False,2022-08-15T09:31:37.008233+00:00
952,4736762016,34.035,0.3,sell,False,2022-08-15T07:15:12.047114+00:00
953,4736040313,34.38,0.3,sell,False,2022-08-15T06:00:01.269924+00:00
954,4729141314,34.71,0.29,buy,False,2022-08-14T07:09:21.676096+00:00
955,4723603359,34.71,0.34,buy,False,2022-08-13T07:17:39.936671+00:00
956,4721141636,34.755,1.02,buy,False,2022-08-12T23:56:43.256416+00:00
957,4718327754,34.33,0.29,buy,False,2022-08-12T13:50:36.615418+00:00
958,4718266565,34.275,0.3,sell,False,2022-08-12T13:41:23.417988+00:00
959,4718254617,34.275,1.18,buy,False,2022-08-12T13:40:52.518152+00:00
960,4713306556,33.7,0.3,sell,False,2022-08-11T19:49:43.746495+00:00
961,4711814943,34.015,1.18,sell,False,2022-08-11T15:21:09.360387+00:00
962,4711812504,34.05,0.3,sell,False,2022-08-11T15:20:55.938994+00:00
963,4711387543,34.395,0.3,sell,False,2022-08-11T14:33:57.605461+00:00
964,4711234077,34.615,0.4,buy,False,2022-08-11T14:13:38.777112+00:00
965,4711147908,34.745,0.29,sell,False,2022-08-11T14:04:24.196475+00:00
966,4711144341,34.745,0.28,buy,False,2022-08-11T14:03:54.395638+00:00
967,4711080289,34.665,0.29,buy,False,2022-08-11T13:55:15.964038+00:00
968,4711076086,34.6,0.28,buy,False,2022-08-11T13:54:36.511062+00:00
969,4711057912,34.52,0.29,buy,False,2022-08-11T13:51:17.974574+00:00
970,4711052969,34.465,0.58,buy,False,2022-08-11T13:50:32.470438+00:00
971,4710977103,34.25,0.3,sell,False,2022-08-11T13:40:13.319415+00:00
972,4705009821,34.58,0.29,buy,False,2022-08-10T20:34:22.344836+00:00
973,4705004223,34.475,0.29,buy,False,2022-08-10T20:33:42.922320+00:00
974,4704764404,34.435,0.3,sell,False,2022-08-10T19:44:40.576286+00:00
975,4704274216,34.615,0.55,sell,False,2022-08-10T18:25:19.265781+00:00
976,4703718627,35.19,0.86,buy,False,2022-08-10T16:39:17.512717+00:00
977,4703584271,34.91,0.88,sell,False,2022-08-10T16:17:37.059753+00:00
978,4702544419,34.7,17.07,sell,False,2022-08-10T14:02:00.447735+00:00
979,4702545480,34.7,271.11,sell,False,2022-08-10T14:01:59.816942+00:00
980,4699902893,34.445,0.88,buy,False,2022-08-10T09:03:43.847576+00:00
981,4699460741,34.25,0.3,buy,False,2022-08-10T07:21:11.835740+00:00
982,4696137164,34.14,36.97,buy,False,2022-08-09T18:31:05.135924+00:00
983,4696136561,34.15,22.33,sell,False,2022-08-09T18:30:54.775688+00:00
984,4696133533,34.15,42.6,sell,False,2022-08-09T18:30:13.342872+00:00
985,4696131469,34.14,50.0,buy,False,2022-08-09T18:29:33.906761+00:00
986,4691179095,34.76,10.47,buy,False,2022-08-09T04:53:08.038708+00:00
987,4686873252,34.625,3.88,buy,False,2022-08-08T13:35:36.597731+00:00
988,4686870757,34.575,0.9,buy,False,2022-08-08T13:35:07.114124+00:00
989,4681813960,34.085,0.17,buy,False,2022-08-07T17:04:41.239777+00:00
990,4673571084,33.72,0.25,sell,False,2022-08-05T22:28:00.382503+00:00
991,4672394548,33.325,30.0,sell,False,2022-08-05T17:20:43.243362+00:00
992,4671393638,33.355,0.9,buy,False,2022-08-05T14:21:19.744216+00:00
993,4670442434,33.51,1.89,sell,False,2022-08-05T12:33:34.332066+00:00
994,4665416993,34.445,37.6,sell,False,2022-08-04T18:26:33.634942+00:00
995,4665418173,34.445,26.26,buy,False,2022-08-04T18:26:29.888303+00:00
996,4665411152,34.425,23.25,buy,False,2022-08-04T18:25:53.195462+00:00
997,4662817680,33.22,1.9,sell,False,2022-08-04T11:34:29.092125+00:00
998,4662760527,33.25,0.5,buy,False,2022-08-04T11:19:47.915974+00:00
999,4657427330,32.4,0.26,sell,False,2022-08-03T16:32:27.254045+00:00
1000,4657382100,32.41,0.67,sell,False,2022-08-03T16:24:15.304872+00:00
1001,4642379546,33.535,3.41,sell,False,2022-08-01T20:34:50.753132+00:00
1002,4642377455,33.54,33.43,sell,False,2022-08-01T20:34:27.941156+00:00
1003,4642374673,33.535,23.92,sell,False,2022-08-01T20:34:09.108983+00:00
1004,4642371863,33.54,28.93,sell,False,2022-08-01T20:33:37.931258+00:00
1005,4641130041,33.66,0.67,buy,False,2022-08-01T17:19:00.568895+00:00
1006,4607927504,33.51,409.88,buy,False,2022-07-28T17:07:33.461758+00:00
1007,4607927503,33.4,37.48,buy,False,2022-07-28T17:07:33.461758+00:00
1008,4607371956,33.445,89.69,buy,False,2022-07-28T16:16:15.498426+00:00
1009,4603171462,32.385,28.21,buy,False,2022-07-28T07:57:50.088344+00:00
1010,4603143057,32.3,24.76,buy,False,2022-07-28T07:53:22.841149+00:00
1011,4603140628,32.29,27.0,buy,False,2022-07-28T07:52:30.315207+00:00
1012,4603140627,32.285,3.96,buy,False,2022-07-28T07:52:30.315207+00:00
1013,4599565379,32.1,6.49,sell,False,2022-07-27T20:30:32.890767+00:00
1014,4599564738,32.1,289.11,buy,False,2022-07-27T20:30:32.706335+00:00
1015,4599564737,32.06,34.4,buy,False,2022-07-27T20:30:32.706335+00:00
1016,4598587099,31.915,0.26,sell,False,2022-07-27T18:57:06.182967+00:00
1017,4590527214,30.82,0.27,sell,False,2022-07-26T15:00:49.947503+00:00
1018,4586573168,30.525,3.0,buy,False,2022-07-25T23:43:01.914204+00:00
1019,4583873497,30.36,16.14,sell,False,2022-07-25T14:05:17.073685+00:00
1020,4583254064,31.22,16.14,buy,False,2022-07-25T11:58:53.659574+00:00
1021,4565964850,31.675,0.43,buy,False,2022-07-22T15:51:11.651959+00:00
1022,4559355564,31.175,4.0,buy,False,2022-07-21T17:26:08.917120+00:00
1023,4559186834,31.085,3.0,buy,False,2022-07-21T17:02:08.142891+00:00
1024,4558744616,31.05,2.7,sell,False,2022-07-21T16:12:21.917549+00:00
1025,4554110900,30.355,2.0,buy,False,2022-07-21T01:48:55.543144+00:00
1026,4528317172,30.85,56.29,sell,False,2022-07-18T09:41:12.431076+00:00
1027,4528315865,30.85,43.13,buy,False,2022-07-18T09:40:59.640377+00:00
1028,4526388431,30.56,1.33,buy,False,2022-07-18T05:22:30.843034+00:00
1029,4509304496,29.59,10.0,sell,False,2022-07-15T13:47:27.394093+00:00
1030,4508062109,29.855,0.2,sell,False,2022-07-15T09:42:02.069817+00:00
1031,4503897240,30.13,30.0,sell,False,2022-07-14T18:33:12.762374+00:00
1032,4503611468,29.95,0.01,sell,False,2022-07-14T17:58:41.513591+00:00
1033,4495495900,31.55,0.8,sell,False,2022-07-13T17:36:35.664491+00:00
1034,4493326885,29.86,190.87,sell,False,2022-07-13T13:31:04.565449+00:00
1035,4478104374,30.94,4.0,buy,False,2022-07-11T13:05:57.544283+00:00
1036,4453293418,31.71,161.42,buy,False,2022-07-07T13:54:45.141574+00:00
1037,4453117927,31.015,1.86,buy,False,2022-07-07T13:30:06.802155+00:00
1038,4447723356,29.975,0.89,sell,False,2022-07-06T15:04:49.983913+00:00
1039,4441362235,30.74,0.98,sell,False,2022-07-05T17:22:42.284345+00:00
1040,4440990816,30.94,5.48,sell,False,2022-07-05T16:02:55.994061+00:00
1041,4440989576,30.94,156.25,sell,False,2022-07-05T16:02:55.416478+00:00
1042,4440497773,31.115,228.9,sell,False,2022-07-05T14:30:33.001764+00:00
1043,4438263127,33.335,151.96,sell,False,2022-07-05T07:59:36.118707+00:00
1044,4418555198,32.735,153.27,sell,False,2022-07-01T16:59:38.860438+00:00
1045,4417892211,32.49,0.79,buy,False,2022-07-01T14:49:29.059306+00:00
1046,4417530943,31.805,0.79,buy,False,2022-07-01T13:55:59.456657+00:00
1047,4409099741,32.165,107.25,sell,False,2022-06-30T14:46:33.373955+00:00
1048,4409099740,32.205,28.26,sell,False,2022-06-30T14:46:33.373955+00:00
1049,4407298571,32.895,70.46,sell,False,2022-06-30T10:05:09.815796+00:00
1050,4407298570,32.95,30.57,sell,False,2022-06-30T10:05:09.815796+00:00
1051,4401713378,33.025,1.59,sell,False,2022-06-29T17:20:25.464183+00:00
1052,4394369200,33.925,1.0,buy,False,2022-06-28T18:38:42.594816+00:00
1053,4394096247,34.0,0.01,sell,False,2022-06-28T18:08:04.882709+00:00
1054,4392990512,34.375,1.02,sell,False,2022-06-28T15:19:41.079318+00:00
1055,4386532819,35.21,0.11,buy,False,2022-06-27T16:56:23.987014+00:00
1056,4385426354,35.27,1.28,sell,False,2022-06-27T13:59:38.866754+00:00
1057,4372006669,35.48,8.11,sell,False,2022-06-25T13:40:46.443989+00:00
1058,4372003323,35.48,39.36,sell,False,2022-06-25T13:40:26.361989+00:00
1059,4371999616,35.48,32.45,sell,False,2022-06-25T13:40:13.769813+00:00
1060,4371997573,35.48,24.85,sell,False,2022-06-25T13:39:53.000360+00:00
1061,4371994225,35.48,32.32,sell,False,2022-06-25T13:39:29.019481+00:00
1062,4371984993,35.48,37.48,sell,False,2022-06-25T13:38:48.879611+00:00
1063,4366277014,35.45,17.26,sell,False,2022-06-24T17:54:28.141697+00:00
1064,4366094934,35.45,22.74,buy,False,2022-06-24T17:21:11.033029+00:00
1065,4358878450,34.39,152.02,buy,False,2022-06-23T19:58:12.316465+00:00
1066,4358878449,34.335,22.55,buy,False,2022-06-23T19:58:12.316465+00:00
1067,4357926432,34.37,0.14,buy,False,2022-06-23T16:51:11.484879+00:00
1068,4350989405,36.39,0.19,sell,False,2022-06-22T18:33:40.035864+00:00
1069,4350255596,36.375,23.21,buy,False,2022-06-22T16:23:10.364606+00:00
1070,4349580486,36.695,30.45,buy,False,2022-06-22T15:09:59.658787+00:00
1071,4349432835,36.805,0.27,buy,False,2022-06-22T14:48:48.651839+00:00
1072,4348145543,36.64,29.26,sell,False,2022-06-22T12:06:55.036905+00:00
1073,4348038463,36.75,22.87,sell,False,2022-06-22T11:46:52.511316+00:00
1074,4347194938,36.025,7.79,buy,False,2022-06-22T09:04:03.288485+00:00
1075,4346887224,35.945,1.39,sell,False,2022-06-22T08:08:08.849830+00:00
1076,4341046042,37.065,2.7,buy,False,2022-06-21T15:13:22.572808+00:00
1077,4340691652,37.195,40.0,buy,False,2022-06-21T14:32:09.880636+00:00
1078,4340239523,36.65,0.01,buy,False,2022-06-21T13:45:38.589964+00:00
1079,4337773459,36.9,43.43,sell,False,2022-06-21T06:35:32.284133+00:00
1080,4337773458,36.9,71.93,sell,False,2022-06-21T06:35:32.284133+00:00
1081,4319672314,36.65,98.51,sell,False,2022-06-19T09:24:33.601819+00:00
1082,4319672313,36.755,29.46,sell,False,2022-06-19T09:24:33.601819+00:00
1083,4303473496,36.51,3.0,sell,False,2022-06-17T14:23:22.663446+00:00
1084,4303064566,37.02,3.0,sell,False,2022-06-17T13:33:52.682353+00:00
1085,4302899488,37.53,3.0,sell,False,2022-06-17T13:09:56.714235+00:00
1086,4270956742,36.07,0.01,sell,False,2022-06-14T17:46:29.157358+00:00
1087,4253393091,38.545,133.26,sell,False,2022-06-13T13:38:14.254657+00:00
1088,4252603101,38.69,8.91,sell,False,2022-06-13T12:32:13.560709+00:00
1089,4252603100,38.73,29.89,sell,False,2022-06-13T12:32:13.560709+00:00
1090,4252132857,38.59,0.02,sell,False,2022-06-13T12:00:01.915680+00:00
1091,4248179385,34.18,215.46,sell,False,2022-06-13T07:28:58.537629+00:00
1092,4248179384,35.77,0.01,sell,False,2022-06-13T07:28:58.537629+00:00
1093,4248179383,36.405,2.76,sell,False,2022-06-13T07:28:58.537629+00:00
1094,4248179382,36.41,3.96,sell,False,2022-06-13T07:28:58.537629+00:00
1095,4248179381,37.215,0.01,sell,False,2022-06-13T07:28:58.537629+00:00
1096,4247250258,40.28,0.04,sell,False,2022-06-13T06:00:02.055615+00:00
1097,4247250257,40.285,0.02,sell,False,2022-06-13T06:00:02.055615+00:00
1098,4247250256,40.295,0.01,sell,False,2022-06-13T06:00:02.055615+00:00
1099,4247215363,40.41,198.74,buy,False,2022-06-13T05:56:37.632905+00:00
1100,4247215362,40.36,23.46,buy,False,2022-06-13T05:56:37.632905+00:00
1101,4242152460,40.31,0.01,buy,False,2022-06-12T22:04:43.721429+00:00
1102,4242151391,40.305,0.01,buy,False,2022-06-12T22:04:39.947682+00:00
1103,4242076428,40.3,0.01,buy,False,2022-06-12T21:56:57.844712+00:00
1104,4227181901,40.28,0.01,buy,False,2022-06-11T07:45:03.365804+00:00
1105,4226358946,40.25,0.01,buy,False,2022-06-11T03:01:05.360682+00:00
1106,4215158948,39.935,0.03,sell,False,2022-06-09T12:00:02.425045+00:00
1107,4212045972,40.25,0.01,sell,False,2022-06-08T22:05:17.314732+00:00
1108,4212046464,40.265,0.01,sell,False,2022-06-08T22:05:05.766262+00:00
1109,4212042119,40.3,0.01,sell,False,2022-06-08T22:04:05.352887+00:00
1110,4212042085,40.285,0.01,sell,False,2022-06-08T22:04:04.476203+00:00
1111,4208453733,40.42,0.01,sell,False,2022-06-08T07:26:00.338398+00:00
1112,4208453732,40.445,0.01,sell,False,2022-06-08T07:26:00.338398+00:00
1113,4206082717,40.615,0.26,buy,True,2022-06-07T23:36:16.615552+00:00
1114,4205200792,40.37,0.01,buy,False,2022-06-07T21:59:35.802365+00:00
1115,4205201541,40.35,0.01,buy,False,2022-06-07T21:59:33.001521+00:00
1116,4205201398,40.325,0.01,buy,False,2022-06-07T21:59:29.327385+00:00
1117,4201843533,40.25,0.03,buy,False,2022-06-07T10:40:51.475659+00:00
1118,4198492572,39.99,0.01,sell,False,2022-06-07T00:22:15.615185+00:00
1119,4198195587,40.14,0.01,sell,False,2022-06-06T23:21:12.548847+00:00
1120,4197928229,40.295,0.01,sell,False,2022-06-06T22:00:03.572954+00:00
1121,4197885477,40.45,0.01,sell,False,2022-06-06T21:46:25.682541+00:00
1122,4194893973,41.49,0.07,buy,False,2022-06-06T12:00:13.393010+00:00
1123,4193804050,41.065,4.8,buy,False,2022-06-06T08:00:01.333088+00:00
1124,4193264565,41.005,0.01,buy,False,2022-06-06T06:15:06.743994+00:00
1125,4193232850,41.0,0.01,buy,False,2022-06-06T06:05:30.762319+00:00
1126,4193211833,40.97,0.01,buy,False,2022-06-06T06:00:09.828369+00:00
1127,4193211784,40.975,0.01,buy,False,2022-06-06T06:00:08.751741+00:00
1128,4193212401,40.98,0.01,buy,False,2022-06-06T06:00:07.814709+00:00
1129,4193212332,40.995,0.01,buy,False,2022-06-06T06:00:06.739392+00:00
1130,4193211524,40.99,0.01,buy,False,2022-06-06T06:00:06.164163+00:00
1131,4180377763,40.935,53.31,buy,False,2022-06-03T15:45:45.789236+00:00
1132,4177336789,41.86,0.01,sell,False,2022-06-03T07:03:48.479103+00:00
1133,4175453559,41.97,0.01,buy,False,2022-06-02T22:05:18.250627+00:00
1134,4171251476,39.54,0.01,buy,False,2022-06-02T08:00:01.955502+00:00
1135,4171251475,39.53,0.02,buy,False,2022-06-02T08:00:01.955502+00:00
1136,4170597698,39.52,0.02,buy,False,2022-06-02T05:47:47.477570+00:00
1137,4170577803,39.515,0.02,buy,False,2022-06-02T05:45:04.803983+00:00
1138,4170459918,39.45,0.01,sell,False,2022-06-02T05:19:40.470082+00:00
1139,4170447897,39.46,0.01,sell,False,2022-06-02T05:16:39.158137+00:00
1140,4170446528,39.465,0.01,sell,False,2022-06-02T05:16:18.871706+00:00
1141,4170445059,39.475,0.01,sell,False,2022-06-02T05:16:01.307715+00:00
1142,4170436661,39.485,0.01,sell,False,2022-06-02T05:14:14.412907+00:00
1143,4170435541,39.49,0.01,sell,False,2022-06-02T05:14:00.113277+00:00
1144,4170434617,39.5,0.01,sell,False,2022-06-02T05:13:42.963694+00:00
1145,4168048206,39.515,2.52,sell,False,2022-06-01T20:52:42.778099+00:00
1146,4163662527,39.405,0.01,buy,False,2022-06-01T12:43:53.359978+00:00
1147,4161509109,39.2,0.01,sell,False,2022-06-01T05:19:54.926301+00:00
1148,4161493603,39.235,0.01,sell,False,2022-06-01T05:15:36.765772+00:00
1149,4161383758,39.25,0.01,sell,False,2022-06-01T04:49:35.152120+00:00
1150,4161172752,39.27,0.01,sell,False,2022-06-01T04:10:58.720588+00:00
1151,4161156326,39.285,0.01,sell,False,2022-06-01T04:09:58.863302+00:00
1152,4161142737,39.315,0.01,sell,False,2022-06-01T04:09:09.163511+00:00
1153,4161129873,39.34,0.01,sell,False,2022-06-01T04:07:51.328859+00:00
1154,4161126290,39.36,0.01,sell,False,2022-06-01T04:07:24.607385+00:00
1155,4160582830,39.39,0.02,buy,False,2022-06-01T02:20:52.126131+00:00
1156,4160302978,39.37,0.02,buy,False,2022-06-01T01:17:02.736821+00:00
1157,4160282652,39.35,0.01,buy,False,2022-06-01T01:12:44.455425+00:00
1158,4159303360,39.315,0.01,buy,False,2022-05-31T22:00:03.899325+00:00
1159,4159302910,39.285,0.01,buy,False,2022-05-31T22:00:02.777371+00:00
1160,4159302871,39.25,0.01,buy,False,2022-05-31T22:00:02.226580+00:00
1161,4158595231,39.0,0.01,sell,False,2022-05-31T19:02:48.709848+00:00
1162,4156417784,40.135,0.37,sell,False,2022-05-31T13:57:20.604573+00:00
1163,4155525329,39.78,0.02,sell,False,2022-05-31T12:00:08.332365+00:00
1164,4154571711,40.16,0.01,buy,False,2022-05-31T08:39:55.482334+00:00
1165,4154569735,40.075,0.01,buy,False,2022-05-31T08:39:16.254232+00:00
1166,4154496205,39.865,44.24,buy,False,2022-05-31T08:21:50.589736+00:00
1167,4152204064,39.945,0.99,buy,False,2022-05-31T01:28:34.258914+00:00
1168,4152118461,39.44,0.97,sell,False,2022-05-31T01:10:08.245121+00:00
1169,4152118460,39.925,0.01,sell,False,2022-05-31T01:10:08.245121+00:00
1170,4151168660,39.975,0.01,sell,False,2022-05-30T22:32:35.050911+00:00
1171,4151139808,40.02,0.01,sell,False,2022-05-30T22:26:54.271975+00:00
1172,4151014747,40.07,0.01,sell,False,2022-05-30T22:06:24.528175+00:00
1173,4150957150,40.115,0.01,sell,False,2022-05-30T22:00:03.760581+00:00
1174,4149882278,40.275,0.62,buy,False,2022-05-30T19:42:19.938942+00:00
1175,4147559019,40.35,0.01,buy,False,2022-05-30T12:00:07.968397+00:00
1176,4132963990,39.88,0.01,buy,False,2022-05-28T02:00:04.748020+00:00
1177,4129551155,39.745,2.52,buy,False,2022-05-27T15:29:53.425781+00:00
1178,4127910936,40.14,0.07,buy,False,2022-05-27T12:00:09.159288+00:00
1179,4122732829,39.62,0.01,buy,False,2022-05-26T23:08:06.384430+00:00
1180,4122732376,39.615,0.01,buy,False,2022-05-26T23:07:57.302507+00:00
1181,4122731190,39.61,0.01,buy,False,2022-05-26T23:07:53.409782+00:00
1182,4122732102,39.605,0.01,buy,False,2022-05-26T23:07:51.102432+00:00
1183,4122731710,39.6,0.01,buy,False,2022-05-26T23:07:49.004563+00:00
1184,4122731586,39.595,0.01,buy,False,2022-05-26T23:07:45.628088+00:00
1185,4122582519,39.58,25.47,sell,False,2022-05-26T22:36:17.726195+00:00
1186,4122484100,39.61,0.01,buy,False,2022-05-26T22:13:53.707419+00:00
1187,4117881623,39.575,0.03,sell,False,2022-05-26T12:00:07.482571+00:00
1188,4115113809,39.35,0.01,sell,False,2022-05-26T06:00:12.819002+00:00
1189,4113280074,39.835,0.01,sell,False,2022-05-26T00:00:10.965462+00:00
1190,4113028530,39.89,0.01,sell,False,2022-05-25T23:01:05.361874+00:00
1191,4103342327,40.415,2.88,buy,False,2022-05-24T16:07:11.280674+00:00
1192,4103169614,40.49,24.69,buy,False,2022-05-24T15:49:25.272886+00:00
1193,4103113473,40.4,48.78,buy,False,2022-05-24T15:47:04.272079+00:00
1194,4102473874,40.0,25.0,buy,False,2022-05-24T14:23:11.583918+00:00
1195,4093691518,40.065,0.6,buy,False,2022-05-23T13:30:09.780560+00:00
1196,4092316737,40.16,24.9,buy,False,2022-05-23T09:38:02.841495+00:00
1197,4091484122,40.04,3.0,buy,False,2022-05-23T07:07:28.742812+00:00
1198,4065842425,39.335,0.09,sell,False,2022-05-19T17:10:48.550309+00:00
1199,4065806170,39.36,25.4,buy,False,2022-05-19T17:05:18.922574+00:00
1200,4065524843,39.29,50.9,buy,False,2022-05-19T16:22:50.654318+00:00
1201,4065492863,39.37,21.43,sell,False,2022-05-19T16:19:07.863641+00:00
1202,4064357046,39.08,12.78,buy,False,2022-05-19T14:21:28.117909+00:00
1203,4064081438,38.77,50.0,buy,False,2022-05-19T13:55:17.649604+00:00
1204,4063765988,38.05,0.13,sell,False,2022-05-19T13:23:43.829088+00:00
1205,4056984714,37.31,13.4,buy,False,2022-05-18T18:26:50.803655+00:00
1206,4053603746,37.9,0.13,buy,False,2022-05-18T11:29:27.062332+00:00
1207,4047823888,38.21,27.89,buy,False,2022-05-17T17:08:13.610567+00:00
1208,4032145275,37.58,2.66,buy,False,2022-05-16T00:56:55.487807+00:00
1209,4022114537,37.04,3.83,sell,False,2022-05-14T21:45:10.800931+00:00
1210,4009547889,37.52,0.01,buy,False,2022-05-13T17:10:16.504466+00:00
1211,4006260952,35.85,27.89,buy,False,2022-05-13T11:56:20.582681+00:00
1212,4005651776,35.615,52.54,sell,False,2022-05-13T10:44:35.701260+00:00
1213,4005651775,35.75,22.46,sell,False,2022-05-13T10:44:35.701260+00:00
1214,4005637534,35.655,70.99,sell,False,2022-05-13T10:42:24.840717+00:00
1215,4005637533,35.78,29.01,sell,False,2022-05-13T10:42:24.840717+00:00
1216,4005205798,36.26,51.88,buy,False,2022-05-13T09:49:12.453655+00:00
1217,4005205797,36.145,23.12,buy,False,2022-05-13T09:49:12.453655+00:00
1218,3996732003,35.4,12.93,sell,False,2022-05-12T18:38:46.284655+00:00
1219,3996731958,35.3,37.07,buy,False,2022-05-12T18:38:46.081290+00:00
1220,3996672349,35.35,50.0,sell,False,2022-05-12T18:32:41.682277+00:00
1221,3995864909,35.805,13.85,buy,False,2022-05-12T17:12:10.253447+00:00
1222,3977019154,37.82,13.22,sell,False,2022-05-11T21:06:05.461479+00:00
1223,3964022081,39.04,12.8,sell,False,2022-05-11T10:39:00.614817+00:00
1224,3951553715,37.86,109.37,sell,False,2022-05-10T18:06:31.928413+00:00
1225,3951553598,37.86,156.25,sell,False,2022-05-10T18:06:31.377996+00:00
1226,3931505666,40.19,12.44,buy,False,2022-05-09T12:42:56.627919+00:00
1227,3928396467,35.905,12.13,sell,False,2022-05-09T06:00:07.542974+00:00
1228,3928396456,35.905,8.52,sell,False,2022-05-09T06:00:07.442524+00:00
1229,3928396455,35.91,0.58,sell,False,2022-05-09T06:00:07.442524+00:00
1230,3928395439,41.125,20.0,sell,False,2022-05-09T06:00:00.855774+00:00
1231,3910621474,41.63,2.4,sell,False,2022-05-06T18:49:46.315256+00:00
1232,3910020149,42.0,5.0,sell,False,2022-05-06T16:50:13.349167+00:00
1233,3903664116,42.0,6.2,sell,False,2022-05-06T00:14:33.694601+00:00
1234,3899026708,42.02,4.74,sell,False,2022-05-05T15:16:44.544647+00:00
1235,3897443956,44.0,3.6,sell,False,2022-05-05T13:34:11.188559+00:00
1236,3897391490,44.5,44.94,sell,False,2022-05-05T13:30:08.357543+00:00
1237,3896879328,44.34,11.27,buy,False,2022-05-05T11:36:00.478901+00:00
1238,3896793697,44.34,3.6,buy,False,2022-05-05T11:13:24.759673+00:00
1239,3893274413,43.925,0.07,sell,False,2022-05-04T22:12:16.782975+00:00
1240,3887904020,43.58,4.58,buy,False,2022-05-04T10:18:40.683854+00:00
1241,3882734262,43.17,23.16,buy,False,2022-05-03T16:22:26.709676+00:00
1242,3882424384,43.37,0.09,sell,False,2022-05-03T15:25:31.746371+00:00
1243,3877344732,42.14,1.6,sell,False,2022-05-02T20:01:26.939203+00:00
1244,3874690690,41.455,4.82,sell,False,2022-05-02T13:41:37.623649+00:00
1245,3874683602,41.6,0.96,sell,False,2022-05-02T13:40:53.056875+00:00
1246,3874477102,41.865,16.68,sell,False,2022-05-02T13:25:58.276667+00:00
1247,3874242505,41.93,4.28,sell,False,2022-05-02T12:44:42.720185+00:00
1248,3874242504,42.0,0.47,sell,False,2022-05-02T12:44:42.720185+00:00
1249,3874108828,42.125,10.19,sell,False,2022-05-02T12:21:27.285042+00:00
1250,3854840225,43.255,0.11,buy,False,2022-04-29T23:03:22.699709+00:00
1251,3852428741,43.5,0.01,sell,False,2022-04-29T16:08:48.432575+00:00
1252,3851741089,44.0,3.6,sell,False,2022-04-29T14:24:42.561012+00:00
1253,3851703725,44.02,2.49,sell,False,2022-04-29T14:20:45.093481+00:00
1254,3851500531,44.34,3.6,buy,False,2022-04-29T13:56:55.568940+00:00
1255,3851336353,44.0,3.6,sell,False,2022-04-29T13:34:34.939458+00:00
1256,3841969411,42.615,14.21,sell,False,2022-04-28T11:24:30.120984+00:00
1257,3841760570,42.775,23.37,sell,False,2022-04-28T10:27:28.111798+00:00
1258,3840160590,42.675,49.47,buy,False,2022-04-28T04:40:39.254849+00:00
1259,3840160589,42.61,20.62,buy,False,2022-04-28T04:40:39.254849+00:00
1260,3839345932,42.565,59.15,sell,False,2022-04-28T01:18:09.180906+00:00
1261,3839345931,42.61,20.24,sell,False,2022-04-28T01:18:09.180906+00:00
1262,3837845814,42.5,0.47,sell,False,2022-04-27T19:08:41.623199+00:00
1263,3837597554,42.91,83.32,sell,False,2022-04-27T18:17:28.463697+00:00
1264,3837597511,42.91,156.25,sell,False,2022-04-27T18:17:27.941245+00:00
1265,3831945019,42.775,96.9,sell,False,2022-04-27T00:31:49.533064+00:00
1266,3831149694,42.76,48.1,sell,False,2022-04-26T22:21:49.558039+00:00
1267,3826260115,44.255,4.51,buy,False,2022-04-26T11:39:22.800697+00:00
1268,3824715693,44.405,0.47,buy,False,2022-04-26T06:05:00.013099+00:00
1269,3819721544,43.705,0.05,buy,False,2022-04-25T14:50:23.060939+00:00
1270,3818666047,43.9,0.68,sell,False,2022-04-25T12:25:20.599063+00:00
1271,3818532098,44.385,11.26,buy,False,2022-04-25T12:04:09.582659+00:00
1272,3815048299,45.365,26.0,sell,False,2022-04-25T01:24:12.720557+00:00
1273,3805862520,45.38,1.67,sell,False,2022-04-23T07:45:01.123065+00:00
1274,3803831001,45.55,1.67,sell,False,2022-04-22T23:49:41.714414+00:00
1275,3803826679,45.71,1.67,sell,False,2022-04-22T23:48:27.610830+00:00
1276,3801323457,46.0,17.39,sell,False,2022-04-22T15:10:13.726650+00:00
1277,3801323456,46.0,0.65,sell,False,2022-04-22T15:10:13.726650+00:00
1278,3800335601,46.6,25.75,sell,False,2022-04-22T13:15:50.938578+00:00
1279,3799556496,46.5,0.64,sell,False,2022-04-22T10:24:49.984252+00:00
1280,3799549408,46.8,0.64,sell,False,2022-04-22T10:22:55.980907+00:00
1281,3799524975,46.9,4.0,sell,False,2022-04-22T10:16:58.403986+00:00
1282,3799484923,46.93,42.91,sell,False,2022-04-22T10:09:23.133931+00:00
1283,3799484901,46.93,156.25,sell,False,2022-04-22T10:09:22.595527+00:00
1284,3793970888,47.0,0.63,sell,False,2022-04-21T18:09:28.096057+00:00
1285,3792687577,47.91,20.87,sell,False,2022-04-21T15:21:51.903509+00:00
1286,3792562561,48.055,395.4,sell,False,2022-04-21T15:01:26.298039+00:00
1287,3792562560,48.105,27.19,sell,False,2022-04-21T15:01:26.298039+00:00
1288,3792452833,48.0,104.16,sell,False,2022-04-21T14:46:30.931820+00:00
1289,3792361668,48.325,0.5,buy,False,2022-04-21T14:37:41.220933+00:00
1290,3792168158,48.5,0.61,sell,False,2022-04-21T14:12:59.089137+00:00
1291,3788550407,49.935,1.01,sell,False,2022-04-21T04:38:30.855206+00:00
1292,3781531906,49.02,20.39,buy,False,2022-04-20T09:01:17.170271+00:00
1293,3780207892,48.775,1.0,sell,False,2022-04-20T04:27:07.454463+00:00
1294,3779536661,49.435,0.41,sell,False,2022-04-20T02:41:55.436604+00:00
1295,3778275128,49.45,10.17,sell,False,2022-04-19T22:21:54.100687+00:00
1296,3778258433,49.445,30.27,buy,False,2022-04-19T22:16:36.432497+00:00
1297,3777072208,49.59,16.03,sell,False,2022-04-19T17:25:07.615519+00:00
1298,3777071959,49.59,165.14,sell,False,2022-04-19T17:25:04.510879+00:00
1299,3776851689,49.65,0.3,sell,False,2022-04-19T16:46:39.706454+00:00
1300,3776514811,49.73,1.01,buy,False,2022-04-19T16:02:42.279841+00:00
1301,3775986890,49.49,1182.01,sell,False,2022-04-19T14:47:21.464777+00:00
1302,3775966968,49.595,156.25,buy,False,2022-04-19T14:44:02.922920+00:00
1303,3775966415,49.595,25.44,sell,False,2022-04-19T14:43:54.150929+00:00
1304,3775865019,49.94,0.41,buy,False,2022-04-19T14:27:43.423658+00:00
1305,3775859718,49.95,0.4,buy,False,2022-04-19T14:26:58.083372+00:00
1306,3769921036,50.995,0.4,sell,False,2022-04-18T17:36:43.767439+00:00
1307,3768225199,51.515,0.39,sell,False,2022-04-18T13:36:33.302264+00:00
1308,3768148950,52.005,0.97,buy,False,2022-04-18T13:30:05.319991+00:00
1309,3767374302,51.75,22.59,buy,False,2022-04-18T11:04:07.215110+00:00
1310,3767373067,51.78,200.0,buy,False,2022-04-18T11:03:42.155865+00:00
1311,3767372222,51.745,171.2,buy,False,2022-04-18T11:03:22.320032+00:00
1312,3767372221,51.7,28.8,buy,False,2022-04-18T11:03:22.320032+00:00
1313,3766667916,51.87,19.27,buy,False,2022-04-18T08:04:30.871770+00:00
1314,3765583598,51.315,48.0,sell,False,2022-04-18T04:52:04.994743+00:00
1315,3764505853,51.585,76.29,sell,False,2022-04-18T02:01:18.887133+00:00
1316,3764505762,51.58,20.63,buy,False,2022-04-18T02:01:16.535819+00:00
1317,3763312247,51.205,1.08,buy,False,2022-04-17T22:51:08.059504+00:00
1318,3758744772,51.205,0.01,buy,False,2022-04-16T23:48:03.407936+00:00
1319,3753980474,51.205,0.3,buy,False,2022-04-15T19:28:09.211081+00:00
1320,3748455348,50.91,30.55,buy,False,2022-04-14T19:20:32.247089+00:00
1321,3747023368,50.125,157.8,sell,False,2022-04-14T15:24:54.005572+00:00
1322,3746536618,50.335,0.4,sell,False,2022-04-14T14:10:21.921066+00:00
1323,3744636116,50.305,0.4,sell,False,2022-04-14T09:05:09.097906+00:00
1324,3743873768,50.695,13.15,sell,False,2022-04-14T06:00:01.845711+00:00
1325,3741074021,50.815,0.99,sell,False,2022-04-13T18:10:15.430838+00:00
1326,3740777959,50.82,1.0,buy,False,2022-04-13T17:07:11.652734+00:00
1327,3739953673,50.21,0.41,sell,False,2022-04-13T15:15:33.092689+00:00
1328,3739766354,50.285,1.42,buy,False,2022-04-13T14:50:50.774024+00:00
1329,3738256242,49.845,5.01,buy,False,2022-04-13T11:33:09.815335+00:00
1330,3734861651,49.1,0.5,buy,False,2022-04-12T22:06:25.415297+00:00
1331,3733800868,49.4,0.41,sell,False,2022-04-12T18:37:43.526171+00:00
1332,3733191775,50.0,0.5,buy,False,2022-04-12T16:39:45.756073+00:00
1333,3732576644,49.87,1.01,buy,False,2022-04-12T14:54:58.999123+00:00
1334,3732551739,49.545,1.44,buy,False,2022-04-12T14:51:03.666778+00:00
1335,3730762267,48.49,0.42,buy,False,2022-04-12T11:26:53.390078+00:00
1336,3724897112,48.055,0.42,sell,False,2022-04-11T17:27:14.485583+00:00
1337,3724246970,48.07,30.0,sell,False,2022-04-11T15:59:32.481717+00:00
1338,3723804241,48.1,95.07,sell,False,2022-04-11T14:37:15.990098+00:00
1339,3723803524,48.1,183.09,sell,False,2022-04-11T14:37:08.889545+00:00
1340,3723803503,48.1,156.25,sell,False,2022-04-11T14:37:08.339916+00:00
1341,3723771471,48.325,19.29,buy,False,2022-04-11T14:31:23.298645+00:00
1342,3723769835,48.325,25.72,buy,False,2022-04-11T14:31:13.502762+00:00
1343,3723356942,49.235,1.02,sell,False,2022-04-11T13:34:44.710661+00:00
1344,3723073575,49.345,59.16,sell,False,2022-04-11T13:01:16.677307+00:00
1345,3723031763,49.345,156.25,sell,False,2022-04-11T12:52:56.751742+00:00
1346,3723016045,49.345,156.25,sell,False,2022-04-11T12:50:01.134752+00:00
1347,3723008825,49.345,18.53,buy,False,2022-04-11T12:48:41.760200+00:00
1348,3722905251,49.09,1.03,buy,False,2022-04-11T12:29:19.304460+00:00
1349,3722290042,48.99,6.12,buy,False,2022-04-11T11:10:25.078652+00:00
1350,3720103784,48.715,10.2,buy,False,2022-04-11T04:25:52.429080+00:00
1351,3716143406,48.615,0.9,sell,False,2022-04-10T15:20:11.288081+00:00
1352,3710662717,48.94,0.9,buy,False,2022-04-09T09:33:12.423798+00:00
1353,3708121788,48.745,0.5,buy,False,2022-04-08T23:19:54.255909+00:00
1354,3706871638,48.625,0.01,sell,False,2022-04-08T19:07:39.669131+00:00
1355,3706119638,48.545,1.03,buy,False,2022-04-08T17:20:26.417771+00:00
1356,3705625142,48.505,55.89,buy,False,2022-04-08T15:57:35.271833+00:00
1357,3705625141,48.44,24.6,buy,False,2022-04-08T15:57:35.271833+00:00
1358,3705023842,48.505,3.16,buy,False,2022-04-08T14:31:02.467220+00:00
1359,3704976261,48.445,44.77,sell,False,2022-04-08T14:26:34.063347+00:00
1360,3704974698,48.445,327.12,sell,False,2022-04-08T14:26:20.146023+00:00
1361,3704974697,48.45,2.71,sell,False,2022-04-08T14:26:20.146023+00:00
1362,3704974008,48.445,161.7,sell,False,2022-04-08T14:26:11.985631+00:00
1363,3704973977,48.445,162.27,sell,False,2022-04-08T14:26:11.466495+00:00
1364,3704973267,48.445,156.25,sell,False,2022-04-08T14:26:05.542749+00:00
1365,3704973202,48.445,156.25,sell,False,2022-04-08T14:26:04.766210+00:00
1366,3692069954,46.62,0.1,buy,False,2022-04-06T22:13:33.200717+00:00
1367,3691231004,46.61,8.6,sell,False,2022-04-06T19:11:07.989662+00:00
1368,3685219231,41.05,2.03,sell,False,2022-04-06T07:30:58.876308+00:00
1369,3685219230,41.055,0.38,sell,False,2022-04-06T07:30:58.876308+00:00
1370,3685218989,46.66,2.41,buy,False,2022-04-06T07:30:53.716682+00:00
1371,3685218988,46.66,0.4,buy,False,2022-04-06T07:30:53.716682+00:00
1372,3685218659,41.055,2.81,sell,False,2022-04-06T07:30:49.767268+00:00
1373,3685218443,46.66,2.81,buy,False,2022-04-06T07:30:44.942299+00:00
1374,3685218139,41.05,4.16,sell,False,2022-04-06T07:30:41.234886+00:00
1375,3685218138,41.055,0.39,sell,False,2022-04-06T07:30:41.234886+00:00
1376,3685218121,41.055,2.81,sell,False,2022-04-06T07:30:40.782891+00:00
1377,3685218120,41.055,0.01,sell,False,2022-04-06T07:30:40.782891+00:00
1378,3685217989,46.66,2.82,buy,False,2022-04-06T07:30:36.704625+00:00
1379,3685217411,46.0,0.65,sell,False,2022-04-06T07:30:28.106025+00:00
1380,3685217410,46.35,3.23,sell,False,2022-04-06T07:30:28.106025+00:00
1381,3685217409,46.54,0.43,sell,False,2022-04-06T07:30:28.106025+00:00
1382,3680383158,47.03,0.43,sell,False,2022-04-05T18:06:11.958660+00:00
1383,3679951487,47.38,44.09,sell,False,2022-04-05T16:56:51.960230+00:00
1384,3679949841,47.38,185.67,sell,False,2022-04-05T16:56:42.509698+00:00
1385,3679949150,47.38,159.84,sell,False,2022-04-05T16:56:36.802741+00:00
1386,3679948891,47.38,156.25,sell,False,2022-04-05T16:56:36.176953+00:00
1387,3679434948,47.52,0.43,sell,False,2022-04-05T15:59:44.641383+00:00
1388,3678932061,48.01,0.42,sell,False,2022-04-05T14:43:01.308330+00:00
1389,3678890665,48.125,24.47,buy,False,2022-04-05T14:39:00.325706+00:00
1390,3678598966,48.5,0.42,sell,False,2022-04-05T14:09:12.228716+00:00
1391,3678358621,49.06,20.38,buy,False,2022-04-05T13:43:45.178560+00:00
1392,3678331809,48.99,1.03,sell,False,2022-04-05T13:39:01.597663+00:00
1393,3678315142,48.82,1.46,buy,False,2022-04-05T13:36:18.272196+00:00
1394,3676904413,48.26,4.14,buy,False,2022-04-05T09:14:19.355042+00:00
1395,3673535546,48.055,1.26,buy,False,2022-04-04T20:21:04.088226+00:00
1396,3673513995,48.055,19.91,sell,False,2022-04-04T20:18:26.225923+00:00
1397,3673509410,48.055,28.83,sell,False,2022-04-04T20:17:53.151637+00:00
1398,3672114929,47.965,0.42,sell,False,2022-04-04T17:02:08.095367+00:00
1399,3670918110,48.45,1.04,sell,False,2022-04-04T14:30:20.608117+00:00
1400,3668561267,48.57,1.05,buy,False,2022-04-04T08:01:09.232737+00:00
1401,3668560907,48.565,108.69,buy,False,2022-04-04T08:01:05.372055+00:00
1402,3655862693,48.1,3.41,sell,False,2022-04-02T15:21:02.761693+00:00
1403,3650097465,48.07,0.85,sell,False,2022-04-01T22:28:26.872603+00:00
1404,3649051250,48.06,1.05,sell,False,2022-04-01T18:48:10.555914+00:00
1405,3648917985,47.62,1.49,buy,False,2022-04-01T18:25:07.625304+00:00
1406,3646537300,46.585,58.92,sell,False,2022-04-01T13:30:01.055011+00:00
1407,3646537210,46.585,163.33,sell,False,2022-04-01T13:30:00.535387+00:00
