,id,price,size,side,liquidation,time
0,5400582927,90.0,1.62,sell,False,2022-11-10T08:12:22.017983+00:00
1,5400581025,100.0,0.94,sell,False,2022-11-10T08:12:07.205785+00:00
2,5400258563,100.0,2.56,sell,False,2022-11-10T07:32:09.839017+00:00
3,5400238523,100.0,0.07,sell,False,2022-11-10T07:29:24.678870+00:00
4,5400205407,100.0,0.09,sell,False,2022-11-10T07:25:44.039437+00:00
5,5400130661,100.0,1.04,sell,False,2022-11-10T07:17:16.803303+00:00
6,5400119891,100.0,0.5,sell,False,2022-11-10T07:16:09.987880+00:00
7,5400059186,100.0,1.75,sell,False,2022-11-10T07:09:59.862729+00:00
8,5399713019,100.0,3.05,sell,False,2022-11-10T06:32:53.772552+00:00
9,5399713018,110.0,10.0,sell,False,2022-11-10T06:32:53.772552+00:00
10,5399713017,110.0,10.0,sell,False,2022-11-10T06:32:53.772552+00:00
11,5399713016,120.0,3.17,sell,False,2022-11-10T06:32:53.772552+00:00
12,5399707458,120.0,1.0,sell,False,2022-11-10T06:32:13.071267+00:00
13,5399669396,120.0,4.0,sell,False,2022-11-10T06:27:59.130738+00:00
14,5399668047,120.0,1.83,sell,False,2022-11-10T06:27:49.001145+00:00
15,5399668046,120.0,8.17,sell,False,2022-11-10T06:27:49.001145+00:00
16,5399667502,120.0,1.83,sell,False,2022-11-10T06:27:44.332623+00:00
17,5399667501,130.0,8.17,sell,False,2022-11-10T06:27:44.332623+00:00
18,5399663397,140.0,10.0,sell,False,2022-11-10T06:27:21.575857+00:00
19,5399416673,130.0,1.83,sell,False,2022-11-10T05:52:10.228771+00:00
20,5399416672,130.0,3.17,sell,False,2022-11-10T05:52:10.228771+00:00
21,5399396634,130.0,6.83,buy,False,2022-11-10T05:50:07.566104+00:00
22,5399386524,130.0,10.0,buy,False,2022-11-10T05:50:04.245476+00:00
23,5399311025,100.0,92.23,sell,False,2022-11-10T05:34:19.112162+00:00
24,5399303305,120.0,9.01,sell,False,2022-11-10T05:33:02.749666+00:00
25,5399301443,121.0,8.66,sell,False,2022-11-10T05:32:47.203292+00:00
26,5399301091,121.0,0.23,sell,False,2022-11-10T05:32:43.199271+00:00
27,5399299088,121.0,1.0,sell,False,2022-11-10T05:32:20.199340+00:00
28,5399297900,121.0,0.11,sell,False,2022-11-10T05:32:08.563925+00:00
29,5399297899,122.0,0.48,sell,False,2022-11-10T05:32:08.563925+00:00
30,5399297898,122.01,0.29,sell,False,2022-11-10T05:32:08.563925+00:00
31,5399297897,134.96,0.03,sell,False,2022-11-10T05:32:08.563925+00:00
32,5399297896,135.17,0.03,sell,False,2022-11-10T05:32:08.563925+00:00
33,5399297895,135.38,0.03,sell,False,2022-11-10T05:32:08.563925+00:00
34,5399297894,135.59,0.03,sell,False,2022-11-10T05:32:08.563925+00:00
35,5399294763,135.8,0.03,sell,False,2022-11-10T05:31:40.739779+00:00
36,5399294762,136.01,0.03,sell,False,2022-11-10T05:31:40.739779+00:00
37,5399294761,136.22,0.03,sell,False,2022-11-10T05:31:40.739779+00:00
38,5399294760,136.43,0.03,sell,False,2022-11-10T05:31:40.739779+00:00
39,5399294759,136.64,0.03,sell,False,2022-11-10T05:31:40.739779+00:00
40,5399293242,136.85,0.03,sell,False,2022-11-10T05:31:23.240916+00:00
41,5399293241,137.06,0.03,sell,False,2022-11-10T05:31:23.240916+00:00
42,5399293240,137.27,0.03,sell,False,2022-11-10T05:31:23.240916+00:00
43,5399293239,137.48,0.03,sell,False,2022-11-10T05:31:23.240916+00:00
44,5399293238,137.69,0.03,sell,False,2022-11-10T05:31:23.240916+00:00
45,5399293237,137.9,0.03,sell,False,2022-11-10T05:31:23.240916+00:00
46,5399293236,138.12,0.03,sell,False,2022-11-10T05:31:23.240916+00:00
47,5399293235,138.34,0.03,sell,False,2022-11-10T05:31:23.240916+00:00
48,5399293234,138.56,0.03,sell,False,2022-11-10T05:31:23.240916+00:00
49,5399293233,138.78,0.03,sell,False,2022-11-10T05:31:23.240916+00:00
50,5399293232,139.0,0.03,sell,False,2022-11-10T05:31:23.240916+00:00
51,5399293231,139.22,0.03,sell,False,2022-11-10T05:31:23.240916+00:00
52,5399293230,139.44,0.03,sell,False,2022-11-10T05:31:23.240916+00:00
53,5399293229,139.66,0.03,sell,False,2022-11-10T05:31:23.240916+00:00
54,5399293228,139.88,0.03,sell,False,2022-11-10T05:31:23.240916+00:00
55,5399293227,140.1,0.03,sell,False,2022-11-10T05:31:23.240916+00:00
56,5399293226,140.32,0.03,sell,False,2022-11-10T05:31:23.240916+00:00
57,5399293225,140.54,0.03,sell,False,2022-11-10T05:31:23.240916+00:00
58,5399293224,140.76,0.03,sell,False,2022-11-10T05:31:23.240916+00:00
59,5399293223,140.98,0.03,sell,False,2022-11-10T05:31:23.240916+00:00
60,5399293222,141.2,0.03,sell,False,2022-11-10T05:31:23.240916+00:00
61,5399293221,141.42,0.03,sell,False,2022-11-10T05:31:23.240916+00:00
62,5399293220,141.64,0.03,sell,False,2022-11-10T05:31:23.240916+00:00
63,5399293219,141.86,0.03,sell,False,2022-11-10T05:31:23.240916+00:00
64,5399293218,142.08,0.02,sell,False,2022-11-10T05:31:23.240916+00:00
65,5399287219,142.3,0.02,sell,False,2022-11-10T05:30:21.936625+00:00
66,5399287218,142.52,0.02,sell,False,2022-11-10T05:30:21.936625+00:00
67,5399287217,142.74,0.02,sell,False,2022-11-10T05:30:21.936625+00:00
68,5399287216,142.96,0.02,sell,False,2022-11-10T05:30:21.936625+00:00
69,5399287215,143.18,0.02,sell,False,2022-11-10T05:30:21.936625+00:00
70,5399287214,143.4,0.02,sell,False,2022-11-10T05:30:21.936625+00:00
71,5399287213,143.62,0.02,sell,False,2022-11-10T05:30:21.936625+00:00
72,5399287034,143.84,0.02,sell,False,2022-11-10T05:30:19.634836+00:00
73,5399287033,144.06,0.02,sell,False,2022-11-10T05:30:19.634836+00:00
74,5399287032,144.28,0.02,sell,False,2022-11-10T05:30:19.634836+00:00
75,5399287031,144.5,0.02,sell,False,2022-11-10T05:30:19.634836+00:00
76,5399287030,144.72,0.02,sell,False,2022-11-10T05:30:19.634836+00:00
77,5399287029,144.94,0.02,sell,False,2022-11-10T05:30:19.634836+00:00
78,5399287028,145.16,0.02,sell,False,2022-11-10T05:30:19.634836+00:00
79,5399287027,145.38,0.02,sell,False,2022-11-10T05:30:19.634836+00:00
80,5399287026,145.6,0.02,sell,False,2022-11-10T05:30:19.634836+00:00
81,5399287025,145.82,0.02,sell,False,2022-11-10T05:30:19.634836+00:00
82,5399285869,146.04,0.02,sell,False,2022-11-10T05:30:08.236932+00:00
83,5399285868,146.26,0.02,sell,False,2022-11-10T05:30:08.236932+00:00
84,5399285867,146.48,0.02,sell,False,2022-11-10T05:30:08.236932+00:00
85,5399285172,152.42,0.02,sell,False,2022-11-10T05:30:03.865174+00:00
86,5399282583,146.7,0.02,sell,False,2022-11-10T05:29:41.017238+00:00
87,5399282582,146.92,0.02,sell,False,2022-11-10T05:29:41.017238+00:00
88,5399282581,147.14,0.02,sell,False,2022-11-10T05:29:41.017238+00:00
89,5399282580,147.36,0.02,sell,False,2022-11-10T05:29:41.017238+00:00
90,5399282579,147.59,0.02,sell,False,2022-11-10T05:29:41.017238+00:00
91,5399282578,147.82,0.02,sell,False,2022-11-10T05:29:41.017238+00:00
92,5399282577,148.05,0.02,sell,False,2022-11-10T05:29:41.017238+00:00
93,5399282576,148.28,0.02,sell,False,2022-11-10T05:29:41.017238+00:00
94,5399282575,148.51,0.02,sell,False,2022-11-10T05:29:41.017238+00:00
95,5399282574,148.74,0.02,sell,False,2022-11-10T05:29:41.017238+00:00
96,5399281681,148.97,0.02,sell,False,2022-11-10T05:29:32.470330+00:00
97,5399281680,149.2,0.02,sell,False,2022-11-10T05:29:32.470330+00:00
98,5399281679,149.43,0.02,sell,False,2022-11-10T05:29:32.470330+00:00
99,5399281678,153.57,0.02,sell,False,2022-11-10T05:29:32.470330+00:00
100,5399281677,153.8,0.02,sell,False,2022-11-10T05:29:32.470330+00:00
101,5399281676,154.03,0.02,sell,False,2022-11-10T05:29:32.470330+00:00
102,5399281675,154.26,0.02,sell,False,2022-11-10T05:29:32.470330+00:00
103,5399281674,154.49,0.02,sell,False,2022-11-10T05:29:32.470330+00:00
104,5399281673,154.72,0.02,sell,False,2022-11-10T05:29:32.470330+00:00
105,5399281672,154.95,0.02,sell,False,2022-11-10T05:29:32.470330+00:00
106,5399279988,149.66,0.02,sell,False,2022-11-10T05:29:18.579915+00:00
107,5399279987,149.89,0.02,sell,False,2022-11-10T05:29:18.579915+00:00
108,5399279986,150.12,0.02,sell,False,2022-11-10T05:29:18.579915+00:00
109,5399279985,150.35,0.02,sell,False,2022-11-10T05:29:18.579915+00:00
110,5399279984,150.58,0.02,sell,False,2022-11-10T05:29:18.579915+00:00
111,5399279983,152.42,0.02,sell,False,2022-11-10T05:29:18.579915+00:00
112,5399279982,152.65,0.02,sell,False,2022-11-10T05:29:18.579915+00:00
113,5399279981,152.88,0.02,sell,False,2022-11-10T05:29:18.579915+00:00
114,5399279980,153.11,0.02,sell,False,2022-11-10T05:29:18.579915+00:00
115,5399279979,153.34,0.02,sell,False,2022-11-10T05:29:18.579915+00:00
116,5399277126,150.81,0.02,sell,False,2022-11-10T05:28:58.372219+00:00
117,5399276452,151.04,0.02,sell,False,2022-11-10T05:28:54.379589+00:00
118,5399275092,151.27,0.02,sell,False,2022-11-10T05:28:45.568042+00:00
119,5399274393,151.5,0.02,sell,False,2022-11-10T05:28:41.169474+00:00
120,5399273761,151.73,0.02,sell,False,2022-11-10T05:28:37.633705+00:00
121,5399273370,147.82,0.02,sell,False,2022-11-10T05:28:34.609303+00:00
122,5399263197,156.3,0.23,buy,False,2022-11-10T05:27:38.803226+00:00
123,5399195698,152.15,0.01,buy,False,2022-11-10T05:20:41.489041+00:00
124,5399195697,151.32,0.01,buy,False,2022-11-10T05:20:41.489041+00:00
125,5399195696,150.48,0.01,buy,False,2022-11-10T05:20:41.489041+00:00
126,5399195695,149.65,0.01,buy,False,2022-11-10T05:20:41.489041+00:00
127,5399195694,148.82,0.01,buy,False,2022-11-10T05:20:41.489041+00:00
128,5399195693,147.99,0.01,buy,False,2022-11-10T05:20:41.489041+00:00
129,5399195692,147.64,0.02,buy,False,2022-11-10T05:20:41.489041+00:00
130,5399195691,146.81,0.02,buy,False,2022-11-10T05:20:41.489041+00:00
131,5399195690,144.34,0.02,buy,False,2022-11-10T05:20:41.489041+00:00
132,5399195689,141.87,0.02,buy,False,2022-11-10T05:20:41.489041+00:00
133,5399195688,140.0,0.35,buy,False,2022-11-10T05:20:41.489041+00:00
134,5399195687,133.84,0.01,buy,False,2022-11-10T05:20:41.489041+00:00
135,5399195686,132.18,0.01,buy,False,2022-11-10T05:20:41.489041+00:00
136,5399195685,131.35,0.01,buy,False,2022-11-10T05:20:41.489041+00:00
137,5399195684,131.1,0.56,buy,False,2022-11-10T05:20:41.489041+00:00
138,5399195683,128.02,0.01,buy,False,2022-11-10T05:20:41.489041+00:00
139,5399195682,127.77,0.01,buy,False,2022-11-10T05:20:41.489041+00:00
140,5399195681,127.19,0.01,buy,False,2022-11-10T05:20:41.489041+00:00
141,5399173612,127.0,8.04,buy,False,2022-11-10T05:18:25.781689+00:00
142,5399036420,127.0,1.96,sell,False,2022-11-10T05:06:08.316485+00:00
143,5398998792,127.0,8.0,buy,False,2022-11-10T05:02:13.355164+00:00
144,5398998791,126.35,0.01,buy,False,2022-11-10T05:02:13.355164+00:00
145,5398998790,125.66,0.03,buy,False,2022-11-10T05:02:13.355164+00:00
146,5398994634,122.0,9.49,buy,False,2022-11-10T05:01:43.882035+00:00
147,5398994633,121.86,0.03,buy,False,2022-11-10T05:01:43.882035+00:00
148,5398992859,120.0,0.99,buy,False,2022-11-10T05:01:28.989257+00:00
149,5398962856,117.37,0.01,sell,False,2022-11-10T04:55:28.782618+00:00
150,5398962855,117.56,0.03,sell,False,2022-11-10T04:55:28.782618+00:00
151,5398962854,117.75,0.03,sell,False,2022-11-10T04:55:28.782618+00:00
152,5398962853,117.94,0.03,sell,False,2022-11-10T04:55:28.782618+00:00
153,5398962852,118.13,0.03,sell,False,2022-11-10T04:55:28.782618+00:00
154,5398962851,118.32,0.03,sell,False,2022-11-10T04:55:28.782618+00:00
155,5398962850,118.51,0.03,sell,False,2022-11-10T04:55:28.782618+00:00
156,5398962849,118.7,0.03,sell,False,2022-11-10T04:55:28.782618+00:00
157,5398962848,118.89,0.03,sell,False,2022-11-10T04:55:28.782618+00:00
158,5398962847,119.08,0.03,sell,False,2022-11-10T04:55:28.782618+00:00
159,5398962846,119.27,0.03,sell,False,2022-11-10T04:55:28.782618+00:00
160,5398962845,119.46,0.03,sell,False,2022-11-10T04:55:28.782618+00:00
161,5398962844,119.66,0.03,sell,False,2022-11-10T04:55:28.782618+00:00
162,5398962843,119.86,0.03,sell,False,2022-11-10T04:55:28.782618+00:00
163,5398962842,120.06,0.03,sell,False,2022-11-10T04:55:28.782618+00:00
164,5398962841,120.26,0.03,sell,False,2022-11-10T04:55:28.782618+00:00
165,5398962840,120.46,0.03,sell,False,2022-11-10T04:55:28.782618+00:00
166,5398962839,120.66,0.03,sell,False,2022-11-10T04:55:28.782618+00:00
167,5398962838,120.86,0.03,sell,False,2022-11-10T04:55:28.782618+00:00
168,5398962837,121.06,0.02,sell,False,2022-11-10T04:55:28.782618+00:00
169,5398962836,121.26,0.03,sell,False,2022-11-10T04:55:28.782618+00:00
170,5398940726,122.0,0.03,buy,False,2022-11-10T04:50:55.740723+00:00
171,5398940691,122.0,0.03,buy,False,2022-11-10T04:50:55.307750+00:00
172,5398940646,122.0,0.03,buy,False,2022-11-10T04:50:54.933412+00:00
173,5398940588,122.0,0.03,buy,False,2022-11-10T04:50:54.576965+00:00
174,5398940542,122.0,0.03,buy,False,2022-11-10T04:50:54.238967+00:00
175,5398940523,122.0,0.03,buy,False,2022-11-10T04:50:53.918148+00:00
176,5398940473,122.0,0.03,buy,False,2022-11-10T04:50:53.251218+00:00
177,5398940388,122.0,0.03,buy,False,2022-11-10T04:50:52.212326+00:00
178,5398940366,122.0,0.03,buy,False,2022-11-10T04:50:51.876299+00:00
179,5398940330,122.0,0.03,buy,False,2022-11-10T04:50:51.559420+00:00
180,5398940322,122.0,0.03,buy,False,2022-11-10T04:50:51.204706+00:00
181,5398940256,122.0,0.03,buy,False,2022-11-10T04:50:50.096721+00:00
182,5398940246,122.0,0.03,buy,False,2022-11-10T04:50:49.705857+00:00
183,5398940153,122.0,0.03,buy,False,2022-11-10T04:50:48.705964+00:00
184,5398940056,122.0,0.03,buy,False,2022-11-10T04:50:47.665745+00:00
185,5398939993,122.0,0.03,buy,False,2022-11-10T04:50:47.267202+00:00
186,5398939901,122.0,0.03,buy,False,2022-11-10T04:50:46.775309+00:00
187,5398939243,121.06,0.01,sell,False,2022-11-10T04:50:39.603303+00:00
188,5398939242,121.26,0.03,sell,False,2022-11-10T04:50:39.603303+00:00
189,5398939241,121.46,0.03,sell,False,2022-11-10T04:50:39.603303+00:00
190,5398939240,121.66,0.03,sell,False,2022-11-10T04:50:39.603303+00:00
191,5398939239,121.86,0.03,sell,False,2022-11-10T04:50:39.603303+00:00
192,5398939238,122.06,0.03,sell,False,2022-11-10T04:50:39.603303+00:00
193,5398902069,101.04,0.03,buy,False,2022-11-10T04:42:33.029454+00:00
194,5398901916,100.87,0.03,buy,False,2022-11-10T04:42:31.132016+00:00
195,5398901706,100.7,0.03,buy,False,2022-11-10T04:42:29.383592+00:00
196,5398901508,100.53,0.03,buy,False,2022-11-10T04:42:27.548057+00:00
197,5398901324,100.36,0.03,buy,False,2022-11-10T04:42:25.806677+00:00
198,5398901180,100.19,0.03,buy,False,2022-11-10T04:42:23.105947+00:00
199,5398900751,100.02,2.99,buy,False,2022-11-10T04:42:18.744736+00:00
200,5398900750,100.02,0.03,buy,False,2022-11-10T04:42:18.744736+00:00
201,5398895520,100.0,0.08,sell,False,2022-11-10T04:41:22.929993+00:00
202,5398895190,100.0,0.5,sell,False,2022-11-10T04:41:18.030194+00:00
203,5398894710,100.0,0.57,sell,False,2022-11-10T04:41:11.131563+00:00
204,5398878723,100.0,1.42,sell,False,2022-11-10T04:37:07.004164+00:00
205,5398878722,100.01,0.57,sell,False,2022-11-10T04:37:07.004164+00:00
206,5398850903,100.0,0.21,sell,False,2022-11-10T04:31:31.088004+00:00
207,5398838362,100.0,4.99,buy,False,2022-11-10T04:29:03.880075+00:00
208,5398726950,99.85,0.03,buy,False,2022-11-10T04:07:07.762298+00:00
209,5398726949,99.68,0.03,buy,False,2022-11-10T04:07:07.762298+00:00
210,5398726948,99.51,0.03,buy,False,2022-11-10T04:07:07.762298+00:00
211,5398726947,99.51,9.73,buy,False,2022-11-10T04:07:07.762298+00:00
212,5398726946,99.34,0.03,buy,False,2022-11-10T04:07:07.762298+00:00
213,5398726945,99.17,0.03,buy,False,2022-11-10T04:07:07.762298+00:00
214,5398726944,99.0,0.03,buy,False,2022-11-10T04:07:07.762298+00:00
215,5398726943,98.83,0.03,buy,False,2022-11-10T04:07:07.762298+00:00
216,5398726942,98.66,0.03,buy,False,2022-11-10T04:07:07.762298+00:00
217,5398726941,98.49,0.03,buy,False,2022-11-10T04:07:07.762298+00:00
218,5398726940,98.4,0.82,buy,False,2022-11-10T04:07:07.762298+00:00
219,5398726939,98.32,0.03,buy,False,2022-11-10T04:07:07.762298+00:00
220,5398726938,98.32,3.97,buy,False,2022-11-10T04:07:07.762298+00:00
221,5398726937,98.15,0.03,buy,False,2022-11-10T04:07:07.762298+00:00
222,5398726936,97.98,0.03,buy,False,2022-11-10T04:07:07.762298+00:00
223,5398726935,97.81,0.03,buy,False,2022-11-10T04:07:07.762298+00:00
224,5398726934,97.64,0.03,buy,False,2022-11-10T04:07:07.762298+00:00
225,5398726933,97.47,0.03,buy,False,2022-11-10T04:07:07.762298+00:00
226,5398726932,97.3,0.03,buy,False,2022-11-10T04:07:07.762298+00:00
227,5398726931,97.13,0.03,buy,False,2022-11-10T04:07:07.762298+00:00
228,5398726930,96.96,0.03,buy,False,2022-11-10T04:07:07.762298+00:00
229,5398726929,96.79,0.03,buy,False,2022-11-10T04:07:07.762298+00:00
230,5398726928,96.62,0.03,buy,False,2022-11-10T04:07:07.762298+00:00
231,5398726927,96.45,0.03,buy,False,2022-11-10T04:07:07.762298+00:00
232,5398726926,96.28,0.03,buy,False,2022-11-10T04:07:07.762298+00:00
233,5398726925,96.11,0.03,buy,False,2022-11-10T04:07:07.762298+00:00
234,5398726924,95.94,0.03,buy,False,2022-11-10T04:07:07.762298+00:00
235,5398726923,95.77,0.03,buy,False,2022-11-10T04:07:07.762298+00:00
236,5398726922,95.6,0.03,buy,False,2022-11-10T04:07:07.762298+00:00
237,5398726921,95.43,0.03,buy,False,2022-11-10T04:07:07.762298+00:00
238,5398726920,95.26,0.03,buy,False,2022-11-10T04:07:07.762298+00:00
239,5398726919,95.09,0.03,buy,False,2022-11-10T04:07:07.762298+00:00
240,5398726918,94.92,0.03,buy,False,2022-11-10T04:07:07.762298+00:00
241,5398726917,94.75,0.04,buy,False,2022-11-10T04:07:07.762298+00:00
242,5398726916,94.58,0.04,buy,False,2022-11-10T04:07:07.762298+00:00
243,5398726915,94.41,0.04,buy,False,2022-11-10T04:07:07.762298+00:00
244,5398726914,94.24,0.04,buy,False,2022-11-10T04:07:07.762298+00:00
245,5398726913,94.07,0.04,buy,False,2022-11-10T04:07:07.762298+00:00
246,5398726912,93.9,0.04,buy,False,2022-11-10T04:07:07.762298+00:00
247,5398726911,93.73,0.04,buy,False,2022-11-10T04:07:07.762298+00:00
248,5398726910,93.56,0.04,buy,False,2022-11-10T04:07:07.762298+00:00
249,5398726909,93.39,0.04,buy,False,2022-11-10T04:07:07.762298+00:00
250,5398726908,93.22,0.04,buy,False,2022-11-10T04:07:07.762298+00:00
251,5398726907,93.05,0.04,buy,False,2022-11-10T04:07:07.762298+00:00
252,5398726906,92.88,0.04,buy,False,2022-11-10T04:07:07.762298+00:00
253,5398726905,92.71,0.04,buy,False,2022-11-10T04:07:07.762298+00:00
254,5398726904,92.55,0.04,buy,False,2022-11-10T04:07:07.762298+00:00
255,5398726903,92.39,0.04,buy,False,2022-11-10T04:07:07.762298+00:00
256,5398726902,92.23,0.04,buy,False,2022-11-10T04:07:07.762298+00:00
257,5398726901,92.07,0.04,buy,False,2022-11-10T04:07:07.762298+00:00
258,5398726900,91.91,0.04,buy,False,2022-11-10T04:07:07.762298+00:00
259,5398726899,91.75,0.04,buy,False,2022-11-10T04:07:07.762298+00:00
260,5398726898,91.59,0.04,buy,False,2022-11-10T04:07:07.762298+00:00
261,5398726897,91.43,0.04,buy,False,2022-11-10T04:07:07.762298+00:00
262,5398726896,91.27,0.04,buy,False,2022-11-10T04:07:07.762298+00:00
263,5398726895,91.11,0.04,buy,False,2022-11-10T04:07:07.762298+00:00
264,5398726894,90.95,0.04,buy,False,2022-11-10T04:07:07.762298+00:00
265,5398726893,90.79,0.04,buy,False,2022-11-10T04:07:07.762298+00:00
266,5398726892,90.63,0.04,buy,False,2022-11-10T04:07:07.762298+00:00
267,5398726891,90.47,0.04,buy,False,2022-11-10T04:07:07.762298+00:00
268,5398726890,90.31,0.04,buy,False,2022-11-10T04:07:07.762298+00:00
269,5398726889,90.15,0.04,buy,False,2022-11-10T04:07:07.762298+00:00
270,5398726888,89.99,0.04,buy,False,2022-11-10T04:07:07.762298+00:00
271,5398726887,89.83,0.04,buy,False,2022-11-10T04:07:07.762298+00:00
272,5398726886,89.67,0.04,buy,False,2022-11-10T04:07:07.762298+00:00
273,5398726885,89.51,0.04,buy,False,2022-11-10T04:07:07.762298+00:00
274,5398726884,89.35,0.04,buy,False,2022-11-10T04:07:07.762298+00:00
275,5398726883,89.19,0.04,buy,False,2022-11-10T04:07:07.762298+00:00
276,5398726882,89.03,0.04,buy,False,2022-11-10T04:07:07.762298+00:00
277,5398726881,88.87,0.04,buy,False,2022-11-10T04:07:07.762298+00:00
278,5398726880,88.71,0.04,buy,False,2022-11-10T04:07:07.762298+00:00
279,5398726879,88.55,0.04,buy,False,2022-11-10T04:07:07.762298+00:00
280,5398726878,88.39,0.04,buy,False,2022-11-10T04:07:07.762298+00:00
281,5398726877,88.23,0.04,buy,False,2022-11-10T04:07:07.762298+00:00
282,5398726876,88.07,0.04,buy,False,2022-11-10T04:07:07.762298+00:00
283,5398726875,87.91,0.04,buy,False,2022-11-10T04:07:07.762298+00:00
284,5398726874,87.75,0.04,buy,False,2022-11-10T04:07:07.762298+00:00
285,5398726873,87.59,0.04,buy,False,2022-11-10T04:07:07.762298+00:00
286,5398726872,87.43,0.04,buy,False,2022-11-10T04:07:07.762298+00:00
287,5398726871,87.27,0.04,buy,False,2022-11-10T04:07:07.762298+00:00
288,5398726870,87.11,0.04,buy,False,2022-11-10T04:07:07.762298+00:00
289,5398726869,87.0,0.15,buy,False,2022-11-10T04:07:07.762298+00:00
290,5398726868,86.95,0.04,buy,False,2022-11-10T04:07:07.762298+00:00
291,5398726867,86.79,0.04,buy,False,2022-11-10T04:07:07.762298+00:00
292,5398722094,86.56,0.91,buy,False,2022-11-10T04:05:58.465062+00:00
293,5398711125,86.56,0.08,sell,False,2022-11-10T04:03:10.438869+00:00
294,5398693303,86.56,0.07,sell,False,2022-11-10T04:00:13.730143+00:00
295,5398693302,86.63,0.04,sell,False,2022-11-10T04:00:13.730143+00:00
296,5398693301,86.79,0.04,sell,False,2022-11-10T04:00:13.730143+00:00
297,5398671463,86.95,0.04,sell,False,2022-11-10T03:56:17.322676+00:00
298,5398671462,87.11,0.04,sell,False,2022-11-10T03:56:17.322676+00:00
299,5398671461,87.27,0.04,sell,False,2022-11-10T03:56:17.322676+00:00
300,5398671460,87.43,0.04,sell,False,2022-11-10T03:56:17.322676+00:00
301,5398671459,87.59,0.04,sell,False,2022-11-10T03:56:17.322676+00:00
302,5398671458,87.75,0.04,sell,False,2022-11-10T03:56:17.322676+00:00
303,5398671457,87.91,0.04,sell,False,2022-11-10T03:56:17.322676+00:00
304,5398671456,88.07,0.04,sell,False,2022-11-10T03:56:17.322676+00:00
305,5398671455,88.23,0.04,sell,False,2022-11-10T03:56:17.322676+00:00
306,5398671454,88.39,0.04,sell,False,2022-11-10T03:56:17.322676+00:00
307,5398671453,88.55,0.04,sell,False,2022-11-10T03:56:17.322676+00:00
308,5398671452,88.71,0.04,sell,False,2022-11-10T03:56:17.322676+00:00
309,5398671451,88.87,0.04,sell,False,2022-11-10T03:56:17.322676+00:00
310,5398671450,89.03,0.04,sell,False,2022-11-10T03:56:17.322676+00:00
311,5398671449,89.19,0.04,sell,False,2022-11-10T03:56:17.322676+00:00
312,5398671448,89.35,0.04,sell,False,2022-11-10T03:56:17.322676+00:00
313,5398671447,89.51,0.04,sell,False,2022-11-10T03:56:17.322676+00:00
314,5398671446,89.67,0.04,sell,False,2022-11-10T03:56:17.322676+00:00
315,5398671445,89.83,0.04,sell,False,2022-11-10T03:56:17.322676+00:00
316,5398671444,89.99,0.04,sell,False,2022-11-10T03:56:17.322676+00:00
317,5398671443,90.15,0.04,sell,False,2022-11-10T03:56:17.322676+00:00
318,5398671442,90.31,0.04,sell,False,2022-11-10T03:56:17.322676+00:00
319,5398671441,90.47,0.04,sell,False,2022-11-10T03:56:17.322676+00:00
320,5398671440,90.63,0.04,sell,False,2022-11-10T03:56:17.322676+00:00
321,5398671439,90.79,0.04,sell,False,2022-11-10T03:56:17.322676+00:00
322,5398667670,90.95,0.04,sell,False,2022-11-10T03:55:48.604053+00:00
323,5398667669,91.11,0.04,sell,False,2022-11-10T03:55:48.604053+00:00
324,5398667668,91.27,0.04,sell,False,2022-11-10T03:55:48.604053+00:00
325,5398667667,91.43,0.04,sell,False,2022-11-10T03:55:48.604053+00:00
326,5398667666,91.59,0.04,sell,False,2022-11-10T03:55:48.604053+00:00
327,5398667665,91.75,0.04,sell,False,2022-11-10T03:55:48.604053+00:00
328,5398667664,91.91,0.04,sell,False,2022-11-10T03:55:48.604053+00:00
329,5398667663,92.07,0.04,sell,False,2022-11-10T03:55:48.604053+00:00
330,5398667662,92.23,0.04,sell,False,2022-11-10T03:55:48.604053+00:00
331,5398667661,92.39,0.04,sell,False,2022-11-10T03:55:48.604053+00:00
332,5398667660,92.55,0.01,sell,False,2022-11-10T03:55:48.604053+00:00
333,5398659228,92.55,0.03,sell,False,2022-11-10T03:54:22.714834+00:00
334,5398659227,92.71,0.04,sell,False,2022-11-10T03:54:22.714834+00:00
335,5398659226,92.88,0.04,sell,False,2022-11-10T03:54:22.714834+00:00
336,5398659225,93.05,0.04,sell,False,2022-11-10T03:54:22.714834+00:00
337,5398659224,93.22,0.04,sell,False,2022-11-10T03:54:22.714834+00:00
338,5398659223,93.39,0.04,sell,False,2022-11-10T03:54:22.714834+00:00
339,5398659222,93.56,0.04,sell,False,2022-11-10T03:54:22.714834+00:00
340,5398659221,93.73,0.04,sell,False,2022-11-10T03:54:22.714834+00:00
341,5398659220,93.9,0.04,sell,False,2022-11-10T03:54:22.714834+00:00
342,5398659219,94.07,0.04,sell,False,2022-11-10T03:54:22.714834+00:00
343,5398659218,94.24,0.04,sell,False,2022-11-10T03:54:22.714834+00:00
344,5398659217,94.41,0.04,sell,False,2022-11-10T03:54:22.714834+00:00
345,5398659216,94.58,0.04,sell,False,2022-11-10T03:54:22.714834+00:00
346,5398659215,94.75,0.03,sell,False,2022-11-10T03:54:22.714834+00:00
347,5398659214,94.92,0.03,sell,False,2022-11-10T03:54:22.714834+00:00
348,5398659213,95.09,0.03,sell,False,2022-11-10T03:54:22.714834+00:00
349,5398659212,95.26,0.03,sell,False,2022-11-10T03:54:22.714834+00:00
350,5398659211,95.43,0.03,sell,False,2022-11-10T03:54:22.714834+00:00
351,5398659210,95.6,0.03,sell,False,2022-11-10T03:54:22.714834+00:00
352,5398659209,95.77,0.03,sell,False,2022-11-10T03:54:22.714834+00:00
353,5398659208,95.94,0.03,sell,False,2022-11-10T03:54:22.714834+00:00
354,5398659207,96.11,0.03,sell,False,2022-11-10T03:54:22.714834+00:00
355,5398659206,96.28,0.03,sell,False,2022-11-10T03:54:22.714834+00:00
356,5398659205,96.45,0.03,sell,False,2022-11-10T03:54:22.714834+00:00
357,5398659204,96.62,0.03,sell,False,2022-11-10T03:54:22.714834+00:00
358,5398659203,96.79,0.03,sell,False,2022-11-10T03:54:22.714834+00:00
359,5398659202,96.96,0.03,sell,False,2022-11-10T03:54:22.714834+00:00
360,5398659201,97.13,0.03,sell,False,2022-11-10T03:54:22.714834+00:00
361,5398659200,97.3,0.03,sell,False,2022-11-10T03:54:22.714834+00:00
362,5398659199,97.47,0.03,sell,False,2022-11-10T03:54:22.714834+00:00
363,5398659198,97.64,0.03,sell,False,2022-11-10T03:54:22.714834+00:00
364,5398659197,97.81,0.03,sell,False,2022-11-10T03:54:22.714834+00:00
365,5398659196,97.98,0.03,sell,False,2022-11-10T03:54:22.714834+00:00
366,5398659195,98.15,0.03,sell,False,2022-11-10T03:54:22.714834+00:00
367,5398655515,98.32,0.03,sell,False,2022-11-10T03:53:46.376121+00:00
368,5398639363,98.49,0.03,sell,False,2022-11-10T03:50:54.334244+00:00
369,5398639362,98.66,0.03,sell,False,2022-11-10T03:50:54.334244+00:00
370,5398639361,98.83,0.03,sell,False,2022-11-10T03:50:54.334244+00:00
371,5398639360,99.0,0.03,sell,False,2022-11-10T03:50:54.334244+00:00
372,5398636995,99.17,0.03,sell,False,2022-11-10T03:50:34.321804+00:00
373,5398631160,99.34,0.03,sell,False,2022-11-10T03:49:45.777343+00:00
374,5398532678,99.51,0.03,buy,False,2022-11-10T03:38:23.049960+00:00
375,5398532647,99.51,0.03,buy,False,2022-11-10T03:38:22.675272+00:00
376,5398530384,99.51,0.03,buy,False,2022-11-10T03:38:08.145132+00:00
377,5398530338,99.51,0.03,buy,False,2022-11-10T03:38:07.523668+00:00
378,5398528162,99.51,0.03,buy,False,2022-11-10T03:37:58.385760+00:00
379,5398528136,99.51,0.03,buy,False,2022-11-10T03:37:57.985940+00:00
380,5398528043,99.51,0.03,buy,False,2022-11-10T03:37:57.535336+00:00
381,5398528006,99.51,0.03,buy,False,2022-11-10T03:37:57.157998+00:00
382,5398527839,99.51,0.03,sell,False,2022-11-10T03:37:55.222923+00:00
383,5398491516,87.0,0.15,buy,False,2022-11-10T03:32:03.209355+00:00
384,5398491515,86.56,0.15,buy,False,2022-11-10T03:32:03.209355+00:00
385,5398491514,86.48,0.04,buy,False,2022-11-10T03:32:03.209355+00:00
386,5398491513,86.48,0.04,buy,False,2022-11-10T03:32:03.209355+00:00
387,5398491512,86.48,0.04,buy,False,2022-11-10T03:32:03.209355+00:00
388,5398491511,86.48,0.04,buy,False,2022-11-10T03:32:03.209355+00:00
389,5398491510,86.48,0.04,buy,False,2022-11-10T03:32:03.209355+00:00
390,5398491509,86.48,0.04,buy,False,2022-11-10T03:32:03.209355+00:00
391,5398491508,86.48,0.04,buy,False,2022-11-10T03:32:03.209355+00:00
392,5398491507,86.48,0.04,buy,False,2022-11-10T03:32:03.209355+00:00
393,5398491506,86.48,0.04,buy,False,2022-11-10T03:32:03.209355+00:00
394,5398491505,86.48,0.04,buy,False,2022-11-10T03:32:03.209355+00:00
395,5398491504,86.48,0.04,buy,False,2022-11-10T03:32:03.209355+00:00
396,5398491503,86.48,0.04,buy,False,2022-11-10T03:32:03.209355+00:00
397,5398491502,86.48,0.04,buy,False,2022-11-10T03:32:03.209355+00:00
398,5398491501,86.48,0.04,buy,False,2022-11-10T03:32:03.209355+00:00
399,5398491500,86.48,0.04,buy,False,2022-11-10T03:32:03.209355+00:00
400,5398491499,86.48,0.04,buy,False,2022-11-10T03:32:03.209355+00:00
401,5398491498,86.48,0.04,buy,False,2022-11-10T03:32:03.209355+00:00
402,5398491497,86.48,0.04,buy,False,2022-11-10T03:32:03.209355+00:00
403,5398491496,86.48,0.04,buy,False,2022-11-10T03:32:03.209355+00:00
404,5398491495,86.48,0.04,buy,False,2022-11-10T03:32:03.209355+00:00
405,5398491494,86.48,0.04,buy,False,2022-11-10T03:32:03.209355+00:00
406,5398491493,86.48,0.04,buy,False,2022-11-10T03:32:03.209355+00:00
407,5398491492,86.48,0.04,buy,False,2022-11-10T03:32:03.209355+00:00
408,5398491491,86.48,0.04,buy,False,2022-11-10T03:32:03.209355+00:00
409,5398491490,86.48,0.04,buy,False,2022-11-10T03:32:03.209355+00:00
410,5398491489,86.48,0.04,buy,False,2022-11-10T03:32:03.209355+00:00
411,5398491488,86.48,0.04,buy,False,2022-11-10T03:32:03.209355+00:00
412,5398491487,86.48,0.04,buy,False,2022-11-10T03:32:03.209355+00:00
413,5398491486,86.48,0.04,buy,False,2022-11-10T03:32:03.209355+00:00
414,5398491485,86.48,0.04,buy,False,2022-11-10T03:32:03.209355+00:00
415,5398491484,86.48,0.04,buy,False,2022-11-10T03:32:03.209355+00:00
416,5398491483,86.48,0.04,buy,False,2022-11-10T03:32:03.209355+00:00
417,5398491482,86.48,0.04,buy,False,2022-11-10T03:32:03.209355+00:00
418,5398491481,86.48,0.04,buy,False,2022-11-10T03:32:03.209355+00:00
419,5398491480,86.48,0.04,buy,False,2022-11-10T03:32:03.209355+00:00
420,5398491479,86.48,0.04,buy,False,2022-11-10T03:32:03.209355+00:00
421,5398491478,86.48,0.04,buy,False,2022-11-10T03:32:03.209355+00:00
422,5398491477,86.48,0.04,buy,False,2022-11-10T03:32:03.209355+00:00
423,5398491476,86.48,0.04,buy,False,2022-11-10T03:32:03.209355+00:00
424,5398491475,86.48,0.04,buy,False,2022-11-10T03:32:03.209355+00:00
425,5398491474,86.48,0.04,buy,False,2022-11-10T03:32:03.209355+00:00
426,5398491473,86.48,0.04,buy,False,2022-11-10T03:32:03.209355+00:00
427,5398491472,86.48,0.04,buy,False,2022-11-10T03:32:03.209355+00:00
428,5398491471,86.48,0.04,buy,False,2022-11-10T03:32:03.209355+00:00
429,5398491470,86.48,0.04,buy,False,2022-11-10T03:32:03.209355+00:00
430,5398491469,86.48,0.04,buy,False,2022-11-10T03:32:03.209355+00:00
431,5398491468,86.48,0.04,buy,False,2022-11-10T03:32:03.209355+00:00
432,5398491467,86.48,0.04,buy,False,2022-11-10T03:32:03.209355+00:00
433,5398491466,86.48,0.04,buy,False,2022-11-10T03:32:03.209355+00:00
434,5398491465,86.48,0.01,buy,False,2022-11-10T03:32:03.209355+00:00
435,5398491464,86.12,0.72,buy,False,2022-11-10T03:32:03.209355+00:00
436,5398470087,86.12,0.15,sell,False,2022-11-10T03:29:13.318628+00:00
437,5398465256,86.56,0.03,sell,False,2022-11-10T03:28:31.172170+00:00
438,5398465209,86.56,0.04,sell,False,2022-11-10T03:28:30.788165+00:00
439,5398465190,86.56,0.04,sell,False,2022-11-10T03:28:30.441774+00:00
440,5398465147,86.56,0.04,sell,False,2022-11-10T03:28:29.998987+00:00
441,5398409336,108.09,0.01,buy,False,2022-11-10T03:22:21.172224+00:00
442,5398408687,106.25,6.81,buy,False,2022-11-10T03:22:16.972811+00:00
443,5398407783,103.15,0.5,buy,False,2022-11-10T03:22:09.312166+00:00
444,5398407330,103.0,2.3,buy,False,2022-11-10T03:22:06.162307+00:00
445,5398406218,100.0,15.0,buy,False,2022-11-10T03:21:58.113753+00:00
446,5398396293,87.0,0.15,buy,False,2022-11-10T03:20:43.449950+00:00
447,5398396292,86.56,0.15,buy,False,2022-11-10T03:20:43.449950+00:00
448,5398396291,86.12,0.15,buy,False,2022-11-10T03:20:43.449950+00:00
449,5398396290,85.67,0.15,buy,False,2022-11-10T03:20:43.449950+00:00
450,5398396289,85.23,0.15,buy,False,2022-11-10T03:20:43.449950+00:00
451,5398396288,84.79,0.15,buy,False,2022-11-10T03:20:43.449950+00:00
452,5398396287,84.35,0.15,buy,False,2022-11-10T03:20:43.449950+00:00
453,5398396286,83.91,0.15,buy,False,2022-11-10T03:20:43.449950+00:00
454,5398396285,83.46,0.15,buy,False,2022-11-10T03:20:43.449950+00:00
455,5398396284,83.02,0.15,buy,False,2022-11-10T03:20:43.449950+00:00
456,5398396283,82.58,0.15,buy,False,2022-11-10T03:20:43.449950+00:00
457,5398396282,82.14,0.15,buy,False,2022-11-10T03:20:43.449950+00:00
458,5398396281,81.69,0.15,buy,False,2022-11-10T03:20:43.449950+00:00
459,5398396280,81.25,0.15,buy,False,2022-11-10T03:20:43.449950+00:00
460,5398396279,80.81,0.15,buy,False,2022-11-10T03:20:43.449950+00:00
461,5398396278,80.37,0.15,buy,False,2022-11-10T03:20:43.449950+00:00
462,5398388867,80.0,25.79,buy,False,2022-11-10T03:19:56.418617+00:00
463,5398388866,79.93,0.15,buy,False,2022-11-10T03:19:56.418617+00:00
464,5398388865,79.48,0.15,buy,False,2022-11-10T03:19:56.418617+00:00
465,5398388864,79.05,0.72,buy,False,2022-11-10T03:19:56.418617+00:00
466,5398388863,79.04,0.15,buy,False,2022-11-10T03:19:56.418617+00:00
467,5398388862,78.6,0.15,buy,False,2022-11-10T03:19:56.418617+00:00
468,5398388861,78.16,0.15,buy,False,2022-11-10T03:19:56.418617+00:00
469,5398388860,77.72,0.15,buy,False,2022-11-10T03:19:56.418617+00:00
470,5398388859,77.27,0.15,buy,False,2022-11-10T03:19:56.418617+00:00
471,5398388858,76.83,0.15,buy,False,2022-11-10T03:19:56.418617+00:00
472,5398388857,76.39,0.15,buy,False,2022-11-10T03:19:56.418617+00:00
473,5398388856,75.95,0.15,buy,False,2022-11-10T03:19:56.418617+00:00
474,5398388855,75.51,0.15,buy,False,2022-11-10T03:19:56.418617+00:00
475,5398388854,75.0,0.18,buy,False,2022-11-10T03:19:56.418617+00:00
476,5398346972,75.05,0.04,sell,False,2022-11-10T03:14:58.544049+00:00
477,5398346971,75.06,0.15,sell,False,2022-11-10T03:14:58.544049+00:00
478,5398346970,75.2,0.04,sell,False,2022-11-10T03:14:58.544049+00:00
479,5398346969,75.35,0.04,sell,False,2022-11-10T03:14:58.544049+00:00
480,5398346968,75.5,0.04,sell,False,2022-11-10T03:14:58.544049+00:00
481,5398346967,75.51,0.15,sell,False,2022-11-10T03:14:58.544049+00:00
482,5398346966,75.65,0.04,sell,False,2022-11-10T03:14:58.544049+00:00
483,5398346965,75.8,0.04,sell,False,2022-11-10T03:14:58.544049+00:00
484,5398346964,75.95,0.04,sell,False,2022-11-10T03:14:58.544049+00:00
485,5398346963,75.95,0.15,sell,False,2022-11-10T03:14:58.544049+00:00
486,5398346962,76.1,0.04,sell,False,2022-11-10T03:14:58.544049+00:00
487,5398346961,76.25,0.04,sell,False,2022-11-10T03:14:58.544049+00:00
488,5398346960,76.39,0.15,sell,False,2022-11-10T03:14:58.544049+00:00
489,5398346959,76.4,0.04,sell,False,2022-11-10T03:14:58.544049+00:00
490,5398346958,76.55,0.04,sell,False,2022-11-10T03:14:58.544049+00:00
491,5398346957,76.7,0.04,sell,False,2022-11-10T03:14:58.544049+00:00
492,5398346956,76.83,0.15,sell,False,2022-11-10T03:14:58.544049+00:00
493,5398346955,76.85,0.04,sell,False,2022-11-10T03:14:58.544049+00:00
494,5398346954,77.0,0.04,sell,False,2022-11-10T03:14:58.544049+00:00
495,5398346953,77.15,0.04,sell,False,2022-11-10T03:14:58.544049+00:00
496,5398346952,77.27,0.15,sell,False,2022-11-10T03:14:58.544049+00:00
497,5398346951,77.3,0.04,sell,False,2022-11-10T03:14:58.544049+00:00
498,5398346950,77.45,0.04,sell,False,2022-11-10T03:14:58.544049+00:00
499,5398346949,77.6,0.04,sell,False,2022-11-10T03:14:58.544049+00:00
500,5398346948,77.72,0.15,sell,False,2022-11-10T03:14:58.544049+00:00
501,5398346947,77.75,0.04,sell,False,2022-11-10T03:14:58.544049+00:00
502,5398346946,77.9,0.04,sell,False,2022-11-10T03:14:58.544049+00:00
503,5398346945,78.05,0.04,sell,False,2022-11-10T03:14:58.544049+00:00
504,5398346944,78.16,0.15,sell,False,2022-11-10T03:14:58.544049+00:00
505,5398346943,78.2,0.04,sell,False,2022-11-10T03:14:58.544049+00:00
506,5398346942,78.35,0.04,sell,False,2022-11-10T03:14:58.544049+00:00
507,5398346941,78.5,0.04,sell,False,2022-11-10T03:14:58.544049+00:00
508,5398346940,78.6,0.15,sell,False,2022-11-10T03:14:58.544049+00:00
509,5398346939,78.65,0.04,sell,False,2022-11-10T03:14:58.544049+00:00
510,5398346938,78.8,0.04,sell,False,2022-11-10T03:14:58.544049+00:00
511,5398346937,78.95,0.04,sell,False,2022-11-10T03:14:58.544049+00:00
512,5398346936,79.04,0.15,sell,False,2022-11-10T03:14:58.544049+00:00
513,5398346935,79.05,0.72,sell,False,2022-11-10T03:14:58.544049+00:00
514,5398346934,79.1,0.04,sell,False,2022-11-10T03:14:58.544049+00:00
515,5398346933,79.25,0.04,sell,False,2022-11-10T03:14:58.544049+00:00
516,5398346932,79.4,0.04,sell,False,2022-11-10T03:14:58.544049+00:00
517,5398346931,79.48,0.15,sell,False,2022-11-10T03:14:58.544049+00:00
518,5398346930,79.55,0.04,sell,False,2022-11-10T03:14:58.544049+00:00
519,5398346929,79.7,0.04,sell,False,2022-11-10T03:14:58.544049+00:00
520,5398346928,79.85,0.04,sell,False,2022-11-10T03:14:58.544049+00:00
521,5398346927,79.93,0.15,sell,False,2022-11-10T03:14:58.544049+00:00
522,5398272706,80.0,0.04,buy,False,2022-11-10T03:07:29.209778+00:00
523,5398272569,80.0,0.04,buy,False,2022-11-10T03:07:28.462331+00:00
524,5398272511,80.0,0.04,buy,False,2022-11-10T03:07:27.839820+00:00
525,5398272420,80.0,0.04,buy,False,2022-11-10T03:07:27.105363+00:00
526,5398272377,80.0,0.04,buy,False,2022-11-10T03:07:26.514816+00:00
527,5398268527,80.0,0.04,sell,False,2022-11-10T03:06:55.615004+00:00
528,5398268526,80.15,0.04,sell,False,2022-11-10T03:06:55.615004+00:00
529,5398268525,80.3,0.04,sell,False,2022-11-10T03:06:55.615004+00:00
530,5398268524,80.37,0.15,sell,False,2022-11-10T03:06:55.615004+00:00
531,5398268523,80.45,0.04,sell,False,2022-11-10T03:06:55.615004+00:00
532,5398268522,80.6,0.04,sell,False,2022-11-10T03:06:55.615004+00:00
533,5398268521,80.75,0.04,sell,False,2022-11-10T03:06:55.615004+00:00
534,5398268520,80.81,0.15,sell,False,2022-11-10T03:06:55.615004+00:00
535,5398268519,80.9,0.04,sell,False,2022-11-10T03:06:55.615004+00:00
536,5398268518,81.05,0.04,sell,False,2022-11-10T03:06:55.615004+00:00
537,5398268517,81.2,0.04,sell,False,2022-11-10T03:06:55.615004+00:00
538,5398268516,81.25,0.15,sell,False,2022-11-10T03:06:55.615004+00:00
539,5398268515,81.35,0.04,sell,False,2022-11-10T03:06:55.615004+00:00
540,5398268514,81.5,0.04,sell,False,2022-11-10T03:06:55.615004+00:00
541,5398268513,81.65,0.04,sell,False,2022-11-10T03:06:55.615004+00:00
542,5398268512,81.69,0.15,sell,False,2022-11-10T03:06:55.615004+00:00
543,5398268511,81.8,0.04,sell,False,2022-11-10T03:06:55.615004+00:00
544,5398268510,81.95,0.04,sell,False,2022-11-10T03:06:55.615004+00:00
545,5398268509,82.1,0.04,sell,False,2022-11-10T03:06:55.615004+00:00
546,5398268508,82.14,0.15,sell,False,2022-11-10T03:06:55.615004+00:00
547,5398268507,82.58,0.15,sell,False,2022-11-10T03:06:55.615004+00:00
548,5398268506,83.02,0.15,sell,False,2022-11-10T03:06:55.615004+00:00
549,5398268505,83.46,0.15,sell,False,2022-11-10T03:06:55.615004+00:00
550,5398268504,83.91,0.15,sell,False,2022-11-10T03:06:55.615004+00:00
551,5398268503,84.35,0.15,sell,False,2022-11-10T03:06:55.615004+00:00
552,5398268502,84.79,0.15,sell,False,2022-11-10T03:06:55.615004+00:00
553,5398264608,85.23,0.15,sell,False,2022-11-10T03:06:36.531104+00:00
554,5398264607,85.67,0.15,sell,False,2022-11-10T03:06:36.531104+00:00
555,5398264606,86.12,0.07,sell,False,2022-11-10T03:06:36.531104+00:00
556,5398262926,86.12,0.04,sell,False,2022-11-10T03:06:19.345755+00:00
557,5398262760,86.12,0.04,sell,False,2022-11-10T03:06:18.441867+00:00
558,5398261690,86.56,0.15,sell,False,2022-11-10T03:06:07.495896+00:00
559,5398258121,87.0,0.15,buy,False,2022-11-10T03:05:19.820137+00:00
560,5398258120,86.56,0.15,buy,False,2022-11-10T03:05:19.820137+00:00
561,5398258119,86.12,0.15,buy,False,2022-11-10T03:05:19.820137+00:00
562,5398258118,85.67,0.15,buy,False,2022-11-10T03:05:19.820137+00:00
563,5398258117,85.23,0.15,buy,False,2022-11-10T03:05:19.820137+00:00
564,5398258116,84.79,0.15,buy,False,2022-11-10T03:05:19.820137+00:00
565,5398258115,84.35,0.15,buy,False,2022-11-10T03:05:19.820137+00:00
566,5398258114,83.91,0.15,buy,False,2022-11-10T03:05:19.820137+00:00
567,5398258113,83.46,0.15,buy,False,2022-11-10T03:05:19.820137+00:00
568,5398258112,83.02,0.15,buy,False,2022-11-10T03:05:19.820137+00:00
569,5398258111,82.85,0.04,buy,False,2022-11-10T03:05:19.820137+00:00
570,5398258110,82.58,0.15,buy,False,2022-11-10T03:05:19.820137+00:00
571,5398258109,82.55,0.04,buy,False,2022-11-10T03:05:19.820137+00:00
572,5398258108,82.4,0.04,buy,False,2022-11-10T03:05:19.820137+00:00
573,5398258107,82.25,0.04,buy,False,2022-11-10T03:05:19.820137+00:00
574,5398258106,82.14,0.15,buy,False,2022-11-10T03:05:19.820137+00:00
575,5398258105,82.1,0.04,buy,False,2022-11-10T03:05:19.820137+00:00
576,5398258104,81.8,0.04,buy,False,2022-11-10T03:05:19.820137+00:00
577,5398258103,81.69,0.15,buy,False,2022-11-10T03:05:19.820137+00:00
578,5398258102,81.35,0.04,buy,False,2022-11-10T03:05:19.820137+00:00
579,5398258101,81.25,0.15,buy,False,2022-11-10T03:05:19.820137+00:00
580,5398258100,81.2,0.04,buy,False,2022-11-10T03:05:19.820137+00:00
581,5398258099,81.05,0.04,buy,False,2022-11-10T03:05:19.820137+00:00
582,5398258098,80.9,0.04,buy,False,2022-11-10T03:05:19.820137+00:00
583,5398258097,80.81,0.15,buy,False,2022-11-10T03:05:19.820137+00:00
584,5398258096,80.75,0.04,buy,False,2022-11-10T03:05:19.820137+00:00
585,5398257621,80.6,0.04,buy,False,2022-11-10T03:05:12.373469+00:00
586,5398257620,80.45,0.04,buy,False,2022-11-10T03:05:12.373469+00:00
587,5398257619,80.37,0.15,buy,False,2022-11-10T03:05:12.373469+00:00
588,5398257618,80.3,0.04,buy,False,2022-11-10T03:05:12.373469+00:00
589,5398257617,80.15,0.04,buy,False,2022-11-10T03:05:12.373469+00:00
590,5398257616,80.0,0.04,buy,False,2022-11-10T03:05:12.373469+00:00
591,5398257615,79.93,0.15,buy,False,2022-11-10T03:05:12.373469+00:00
592,5398257614,79.85,0.04,buy,False,2022-11-10T03:05:12.373469+00:00
593,5398257613,79.7,0.04,buy,False,2022-11-10T03:05:12.373469+00:00
594,5398257612,79.55,0.04,buy,False,2022-11-10T03:05:12.373469+00:00
595,5398257611,79.48,0.15,buy,False,2022-11-10T03:05:12.373469+00:00
596,5398257610,79.4,0.04,buy,False,2022-11-10T03:05:12.373469+00:00
597,5398257609,79.25,0.04,buy,False,2022-11-10T03:05:12.373469+00:00
598,5398257608,79.1,0.04,buy,False,2022-11-10T03:05:12.373469+00:00
599,5398257607,79.04,0.15,buy,False,2022-11-10T03:05:12.373469+00:00
600,5398257606,78.95,0.04,buy,False,2022-11-10T03:05:12.373469+00:00
601,5398257605,78.8,0.05,buy,False,2022-11-10T03:05:12.373469+00:00
602,5398257604,78.65,0.05,buy,False,2022-11-10T03:05:12.373469+00:00
603,5398257603,78.6,0.15,buy,False,2022-11-10T03:05:12.373469+00:00
604,5398257602,78.5,0.05,buy,False,2022-11-10T03:05:12.373469+00:00
605,5398257601,78.35,0.05,buy,False,2022-11-10T03:05:12.373469+00:00
606,5398257600,78.2,0.05,buy,False,2022-11-10T03:05:12.373469+00:00
607,5398257599,78.16,0.15,buy,False,2022-11-10T03:05:12.373469+00:00
608,5398257598,78.05,0.04,buy,False,2022-11-10T03:05:12.373469+00:00
609,5398257597,77.9,0.04,buy,False,2022-11-10T03:05:12.373469+00:00
610,5398257596,77.75,0.04,buy,False,2022-11-10T03:05:12.373469+00:00
611,5398257595,77.72,0.15,buy,False,2022-11-10T03:05:12.373469+00:00
612,5398257594,77.6,0.04,buy,False,2022-11-10T03:05:12.373469+00:00
613,5398257593,77.45,0.04,buy,False,2022-11-10T03:05:12.373469+00:00
614,5398257592,77.3,0.04,buy,False,2022-11-10T03:05:12.373469+00:00
615,5398257591,77.27,0.15,buy,False,2022-11-10T03:05:12.373469+00:00
616,5398257590,77.15,0.04,buy,False,2022-11-10T03:05:12.373469+00:00
617,5398257589,77.0,0.04,buy,False,2022-11-10T03:05:12.373469+00:00
618,5398257588,76.83,0.15,buy,False,2022-11-10T03:05:12.373469+00:00
619,5398257587,76.55,0.04,buy,False,2022-11-10T03:05:12.373469+00:00
620,5398257586,76.4,0.04,buy,False,2022-11-10T03:05:12.373469+00:00
621,5398257585,76.39,0.15,buy,False,2022-11-10T03:05:12.373469+00:00
622,5398257584,76.25,0.04,buy,False,2022-11-10T03:05:12.373469+00:00
623,5398257583,76.1,0.04,buy,False,2022-11-10T03:05:12.373469+00:00
624,5398257582,75.95,0.04,buy,False,2022-11-10T03:05:12.373469+00:00
625,5398257581,75.95,0.15,buy,False,2022-11-10T03:05:12.373469+00:00
626,5398257580,75.8,0.04,buy,False,2022-11-10T03:05:12.373469+00:00
627,5398257579,75.65,0.04,buy,False,2022-11-10T03:05:12.373469+00:00
628,5398257578,75.51,0.09,buy,False,2022-11-10T03:05:12.373469+00:00
629,5398257577,75.5,0.04,buy,False,2022-11-10T03:05:12.373469+00:00
630,5398257576,75.35,0.04,buy,False,2022-11-10T03:05:12.373469+00:00
631,5398257575,75.2,0.04,buy,False,2022-11-10T03:05:12.373469+00:00
632,5398257574,75.06,0.11,buy,False,2022-11-10T03:05:12.373469+00:00
633,5398257573,75.05,0.04,buy,False,2022-11-10T03:05:12.373469+00:00
634,5398257572,74.9,0.04,buy,False,2022-11-10T03:05:12.373469+00:00
635,5398257571,74.62,0.15,buy,False,2022-11-10T03:05:12.373469+00:00
636,5398257570,74.48,0.04,buy,False,2022-11-10T03:05:12.373469+00:00
637,5398257569,74.34,0.04,buy,False,2022-11-10T03:05:12.373469+00:00
638,5398257568,74.2,0.04,buy,False,2022-11-10T03:05:12.373469+00:00
639,5398257567,74.18,0.15,buy,False,2022-11-10T03:05:12.373469+00:00
640,5398257566,74.06,0.04,buy,False,2022-11-10T03:05:12.373469+00:00
641,5398257565,73.92,0.04,buy,False,2022-11-10T03:05:12.373469+00:00
642,5398257564,73.78,0.04,buy,False,2022-11-10T03:05:12.373469+00:00
643,5398257563,73.74,0.15,buy,False,2022-11-10T03:05:12.373469+00:00
644,5398257562,73.64,0.04,buy,False,2022-11-10T03:05:12.373469+00:00
645,5398257561,73.5,0.04,buy,False,2022-11-10T03:05:12.373469+00:00
646,5398257560,73.36,0.04,buy,False,2022-11-10T03:05:12.373469+00:00
647,5398257559,73.36,20.81,buy,False,2022-11-10T03:05:12.373469+00:00
648,5398255747,73.36,10.96,buy,False,2022-11-10T03:04:50.852389+00:00
649,5398255746,73.29,0.15,buy,False,2022-11-10T03:04:50.852389+00:00
650,5398255745,73.22,0.04,buy,False,2022-11-10T03:04:50.852389+00:00
651,5398255744,73.08,0.04,buy,False,2022-11-10T03:04:50.852389+00:00
652,5398255743,72.94,0.04,buy,False,2022-11-10T03:04:50.852389+00:00
653,5398255742,72.85,0.15,buy,False,2022-11-10T03:04:50.852389+00:00
654,5398255741,72.8,0.04,buy,False,2022-11-10T03:04:50.852389+00:00
655,5398255740,72.66,0.04,buy,False,2022-11-10T03:04:50.852389+00:00
656,5398255739,72.52,0.04,buy,False,2022-11-10T03:04:50.852389+00:00
657,5398255738,72.41,0.15,buy,False,2022-11-10T03:04:50.852389+00:00
658,5398255737,72.38,0.04,buy,False,2022-11-10T03:04:50.852389+00:00
659,5398255736,72.24,0.04,buy,False,2022-11-10T03:04:50.852389+00:00
660,5398255735,72.1,0.04,buy,False,2022-11-10T03:04:50.852389+00:00
661,5398255734,71.97,0.15,buy,False,2022-11-10T03:04:50.852389+00:00
662,5398255733,71.96,0.04,buy,False,2022-11-10T03:04:50.852389+00:00
663,5398255732,71.82,0.04,buy,False,2022-11-10T03:04:50.852389+00:00
664,5398255731,71.68,0.04,buy,False,2022-11-10T03:04:50.852389+00:00
665,5398255730,71.54,0.04,buy,False,2022-11-10T03:04:50.852389+00:00
666,5398255729,71.53,0.15,buy,False,2022-11-10T03:04:50.852389+00:00
667,5398255728,71.4,0.04,buy,False,2022-11-10T03:04:50.852389+00:00
668,5398255727,71.37,1.0,buy,False,2022-11-10T03:04:50.852389+00:00
669,5398255726,71.26,0.04,buy,False,2022-11-10T03:04:50.852389+00:00
670,5398255725,71.12,0.05,buy,False,2022-11-10T03:04:50.852389+00:00
671,5398255724,71.08,0.15,buy,False,2022-11-10T03:04:50.852389+00:00
672,5398255723,70.98,0.05,buy,False,2022-11-10T03:04:50.852389+00:00
673,5398255722,70.84,0.05,buy,False,2022-11-10T03:04:50.852389+00:00
674,5398255721,70.79,0.99,buy,False,2022-11-10T03:04:50.852389+00:00
675,5398255720,70.79,0.4,buy,False,2022-11-10T03:04:50.852389+00:00
676,5398172097,70.79,16.57,buy,False,2022-11-10T02:49:15.468014+00:00
677,5398172096,70.7,0.05,buy,False,2022-11-10T02:49:15.468014+00:00
678,5398172095,70.64,0.15,buy,False,2022-11-10T02:49:15.468014+00:00
679,5398172094,70.56,0.05,buy,False,2022-11-10T02:49:15.468014+00:00
680,5398172093,70.42,0.05,buy,False,2022-11-10T02:49:15.468014+00:00
681,5398172092,70.28,0.05,buy,False,2022-11-10T02:49:15.468014+00:00
682,5398172091,70.14,0.05,buy,False,2022-11-10T02:49:15.468014+00:00
683,5398170354,70.0,27.13,buy,False,2022-11-10T02:48:58.658288+00:00
684,5398170353,69.99,0.81,buy,False,2022-11-10T02:48:58.658288+00:00
685,5398093209,70.0,0.05,sell,False,2022-11-10T02:34:35.704757+00:00
686,5398093208,70.14,0.05,sell,False,2022-11-10T02:34:35.704757+00:00
687,5398093207,70.2,0.15,sell,False,2022-11-10T02:34:35.704757+00:00
688,5398093206,70.28,0.05,sell,False,2022-11-10T02:34:35.704757+00:00
689,5398093205,70.42,0.05,sell,False,2022-11-10T02:34:35.704757+00:00
690,5398093204,70.56,0.05,sell,False,2022-11-10T02:34:35.704757+00:00
691,5398093203,70.64,0.15,sell,False,2022-11-10T02:34:35.704757+00:00
692,5398093202,70.7,0.05,sell,False,2022-11-10T02:34:35.704757+00:00
693,5398093201,70.84,0.05,sell,False,2022-11-10T02:34:35.704757+00:00
694,5398093200,70.98,0.05,sell,False,2022-11-10T02:34:35.704757+00:00
695,5398093199,71.08,0.15,sell,False,2022-11-10T02:34:35.704757+00:00
696,5398093198,71.12,0.04,sell,False,2022-11-10T02:34:35.704757+00:00
697,5398093197,71.26,0.04,sell,False,2022-11-10T02:34:35.704757+00:00
698,5398093196,71.4,0.04,sell,False,2022-11-10T02:34:35.704757+00:00
699,5398093195,71.53,0.15,sell,False,2022-11-10T02:34:35.704757+00:00
700,5398093194,71.54,0.04,sell,False,2022-11-10T02:34:35.704757+00:00
701,5398093193,71.68,0.04,sell,False,2022-11-10T02:34:35.704757+00:00
702,5398093192,71.82,0.04,sell,False,2022-11-10T02:34:35.704757+00:00
703,5398093191,71.96,0.04,sell,False,2022-11-10T02:34:35.704757+00:00
704,5398093190,71.97,0.15,sell,False,2022-11-10T02:34:35.704757+00:00
705,5398093189,71.98,0.81,sell,False,2022-11-10T02:34:35.704757+00:00
706,5398093188,72.1,0.04,sell,False,2022-11-10T02:34:35.704757+00:00
707,5398093187,72.24,0.04,sell,False,2022-11-10T02:34:35.704757+00:00
708,5398093186,72.38,0.04,sell,False,2022-11-10T02:34:35.704757+00:00
709,5398093185,72.41,0.15,sell,False,2022-11-10T02:34:35.704757+00:00
710,5398093184,72.52,0.04,sell,False,2022-11-10T02:34:35.704757+00:00
711,5398093183,72.66,0.04,sell,False,2022-11-10T02:34:35.704757+00:00
712,5398093182,72.8,0.04,sell,False,2022-11-10T02:34:35.704757+00:00
713,5398093181,72.85,0.15,sell,False,2022-11-10T02:34:35.704757+00:00
714,5398093180,72.94,0.04,sell,False,2022-11-10T02:34:35.704757+00:00
715,5398093179,73.08,0.01,sell,False,2022-11-10T02:34:35.704757+00:00
716,5398093178,73.22,0.04,sell,False,2022-11-10T02:34:35.704757+00:00
717,5398068398,73.36,13.65,buy,False,2022-11-10T02:31:06.644459+00:00
718,5398046843,73.36,7.2,buy,False,2022-11-10T02:27:22.086217+00:00
719,5398046093,73.36,33.6,buy,False,2022-11-10T02:27:11.285681+00:00
720,5398046092,73.36,0.04,buy,False,2022-11-10T02:27:11.285681+00:00
721,5397993350,73.08,0.03,sell,False,2022-11-10T02:16:11.542292+00:00
722,5397993349,73.22,0.04,sell,False,2022-11-10T02:16:11.542292+00:00
723,5397993348,73.29,0.15,sell,False,2022-11-10T02:16:11.542292+00:00
724,5397993347,73.36,0.04,sell,False,2022-11-10T02:16:11.542292+00:00
725,5397993346,73.5,0.04,sell,False,2022-11-10T02:16:11.542292+00:00
726,5397993345,73.64,0.04,sell,False,2022-11-10T02:16:11.542292+00:00
727,5397993344,73.92,0.04,sell,False,2022-11-10T02:16:11.542292+00:00
728,5397993343,74.06,0.04,sell,False,2022-11-10T02:16:11.542292+00:00
729,5397942862,73.78,0.04,buy,False,2022-11-10T02:08:04.474125+00:00
730,5397942861,73.74,0.15,buy,False,2022-11-10T02:08:04.474125+00:00
731,5397942860,73.64,0.04,buy,False,2022-11-10T02:08:04.474125+00:00
732,5397942859,73.5,0.04,buy,False,2022-11-10T02:08:04.474125+00:00
733,5397942858,73.36,0.04,buy,False,2022-11-10T02:08:04.474125+00:00
734,5397942857,73.29,0.15,buy,False,2022-11-10T02:08:04.474125+00:00
735,5397942856,73.22,0.04,buy,False,2022-11-10T02:08:04.474125+00:00
736,5397942855,73.08,0.04,buy,False,2022-11-10T02:08:04.474125+00:00
737,5397942854,72.94,0.04,buy,False,2022-11-10T02:08:04.474125+00:00
738,5397942853,72.85,0.15,buy,False,2022-11-10T02:08:04.474125+00:00
739,5397942852,72.8,0.04,buy,False,2022-11-10T02:08:04.474125+00:00
740,5397942851,72.66,0.04,buy,False,2022-11-10T02:08:04.474125+00:00
741,5397942850,72.52,0.04,buy,False,2022-11-10T02:08:04.474125+00:00
742,5397942849,72.41,0.15,buy,False,2022-11-10T02:08:04.474125+00:00
743,5397942848,72.38,0.04,buy,False,2022-11-10T02:08:04.474125+00:00
744,5397942847,72.24,0.04,buy,False,2022-11-10T02:08:04.474125+00:00
745,5397942846,72.1,0.04,buy,False,2022-11-10T02:08:04.474125+00:00
746,5397942845,71.97,0.15,buy,False,2022-11-10T02:08:04.474125+00:00
747,5397942844,71.96,0.04,buy,False,2022-11-10T02:08:04.474125+00:00
748,5397942843,71.82,0.04,buy,False,2022-11-10T02:08:04.474125+00:00
749,5397942842,71.68,0.04,buy,False,2022-11-10T02:08:04.474125+00:00
750,5397942841,71.54,0.04,buy,False,2022-11-10T02:08:04.474125+00:00
751,5397942840,71.53,0.15,buy,False,2022-11-10T02:08:04.474125+00:00
752,5397942839,71.4,0.04,buy,False,2022-11-10T02:08:04.474125+00:00
753,5397942838,71.26,0.04,buy,False,2022-11-10T02:08:04.474125+00:00
754,5397942837,71.12,0.05,buy,False,2022-11-10T02:08:04.474125+00:00
755,5397942836,71.08,0.15,buy,False,2022-11-10T02:08:04.474125+00:00
756,5397942835,70.98,0.05,buy,False,2022-11-10T02:08:04.474125+00:00
757,5397942834,70.84,0.05,buy,False,2022-11-10T02:08:04.474125+00:00
758,5397942833,70.7,0.05,buy,False,2022-11-10T02:08:04.474125+00:00
759,5397942832,70.64,0.15,buy,False,2022-11-10T02:08:04.474125+00:00
760,5397942831,70.56,0.05,buy,False,2022-11-10T02:08:04.474125+00:00
761,5397942830,70.5,1.0,buy,False,2022-11-10T02:08:04.474125+00:00
762,5397942829,70.42,0.05,buy,False,2022-11-10T02:08:04.474125+00:00
763,5397942828,70.28,0.05,buy,False,2022-11-10T02:08:04.474125+00:00
764,5397942827,70.2,0.15,buy,False,2022-11-10T02:08:04.474125+00:00
765,5397942826,70.14,0.05,buy,False,2022-11-10T02:08:04.474125+00:00
766,5397942825,70.0,1.0,buy,False,2022-11-10T02:08:04.474125+00:00
767,5397942824,70.0,0.05,buy,False,2022-11-10T02:08:04.474125+00:00
768,5397942823,69.86,0.05,buy,False,2022-11-10T02:08:04.474125+00:00
769,5397942822,69.76,0.15,buy,False,2022-11-10T02:08:04.474125+00:00
770,5397942821,69.72,0.05,buy,False,2022-11-10T02:08:04.474125+00:00
771,5397942820,69.58,0.05,buy,False,2022-11-10T02:08:04.474125+00:00
772,5397942819,69.44,0.05,buy,False,2022-11-10T02:08:04.474125+00:00
773,5397942818,69.32,0.15,buy,False,2022-11-10T02:08:04.474125+00:00
774,5397942817,69.3,0.05,buy,False,2022-11-10T02:08:04.474125+00:00
775,5397942816,69.16,0.05,buy,False,2022-11-10T02:08:04.474125+00:00
776,5397942815,68.87,0.15,buy,False,2022-11-10T02:08:04.474125+00:00
777,5397942814,68.43,0.15,buy,False,2022-11-10T02:08:04.474125+00:00
778,5397942813,68.22,7.0,buy,False,2022-11-10T02:08:04.474125+00:00
779,5397942812,68.22,0.73,buy,False,2022-11-10T02:08:04.474125+00:00
780,5397942811,65.4,7.54,buy,False,2022-11-10T02:08:04.474125+00:00
781,5397942810,64.12,5.03,buy,False,2022-11-10T02:08:04.474125+00:00
782,5397942809,62.86,3.35,buy,False,2022-11-10T02:08:04.474125+00:00
783,5397942808,61.63,0.66,buy,False,2022-11-10T02:08:04.474125+00:00
784,5397933541,68.22,1.0,buy,False,2022-11-10T02:06:35.744278+00:00
785,5397929841,68.22,0.27,buy,False,2022-11-10T02:06:03.862877+00:00
786,5397929840,68.22,2.0,buy,False,2022-11-10T02:06:03.862877+00:00
787,5397929839,67.99,0.15,buy,False,2022-11-10T02:06:03.862877+00:00
788,5397929838,67.97,1.0,buy,False,2022-11-10T02:06:03.862877+00:00
789,5397929837,67.55,0.15,buy,False,2022-11-10T02:06:03.862877+00:00
790,5397929836,67.11,0.15,buy,False,2022-11-10T02:06:03.862877+00:00
791,5397929835,66.66,0.15,buy,False,2022-11-10T02:06:03.862877+00:00
792,5397929834,66.22,0.15,buy,False,2022-11-10T02:06:03.862877+00:00
793,5397929833,65.78,0.15,buy,False,2022-11-10T02:06:03.862877+00:00
794,5397929832,65.34,0.15,buy,False,2022-11-10T02:06:03.862877+00:00
795,5397929831,64.89,0.15,buy,False,2022-11-10T02:06:03.862877+00:00
796,5397929830,64.45,0.15,buy,False,2022-11-10T02:06:03.862877+00:00
797,5397929829,64.01,0.15,buy,False,2022-11-10T02:06:03.862877+00:00
798,5397929828,63.57,0.15,buy,False,2022-11-10T02:06:03.862877+00:00
799,5397929827,63.13,0.15,buy,False,2022-11-10T02:06:03.862877+00:00
800,5397929826,62.68,0.15,buy,False,2022-11-10T02:06:03.862877+00:00
801,5397929825,62.24,0.15,buy,False,2022-11-10T02:06:03.862877+00:00
802,5397929824,61.8,0.15,buy,False,2022-11-10T02:06:03.862877+00:00
803,5397929823,61.63,2.23,buy,False,2022-11-10T02:06:03.862877+00:00
804,5397929822,61.36,0.15,buy,False,2022-11-10T02:06:03.862877+00:00
805,5397929821,60.92,0.15,buy,False,2022-11-10T02:06:03.862877+00:00
806,5397929820,60.47,0.15,buy,False,2022-11-10T02:06:03.862877+00:00
807,5397929819,60.42,1.49,buy,False,2022-11-10T02:06:03.862877+00:00
808,5397929818,60.03,0.15,buy,False,2022-11-10T02:06:03.862877+00:00
809,5397929817,59.59,0.15,buy,False,2022-11-10T02:06:03.862877+00:00
810,5397929816,59.24,0.01,buy,False,2022-11-10T02:06:03.862877+00:00
811,5397905789,59.24,0.98,buy,False,2022-11-10T02:03:12.421786+00:00
812,5397905788,59.15,0.02,buy,False,2022-11-10T02:03:12.421786+00:00
813,5397847994,59.15,0.13,buy,False,2022-11-10T01:56:07.774917+00:00
814,5397847993,58.71,0.15,buy,False,2022-11-10T01:56:07.774917+00:00
815,5397847992,58.26,0.15,buy,False,2022-11-10T01:56:07.774917+00:00
816,5397847991,57.82,0.15,buy,False,2022-11-10T01:56:07.774917+00:00
817,5397847990,57.38,0.15,buy,False,2022-11-10T01:56:07.774917+00:00
818,5397847989,56.94,0.02,buy,False,2022-11-10T01:56:07.774917+00:00
819,5397831663,56.94,0.42,buy,False,2022-11-10T01:54:24.319102+00:00
820,5397831662,56.94,0.15,buy,False,2022-11-10T01:54:24.319102+00:00
821,5397831661,56.93,1.03,buy,False,2022-11-10T01:54:24.319102+00:00
822,5397775412,56.48,0.32,sell,False,2022-11-10T01:48:21.052114+00:00
823,5397775411,56.49,0.15,sell,False,2022-11-10T01:48:21.052114+00:00
824,5397775410,56.94,0.15,sell,False,2022-11-10T01:48:21.052114+00:00
825,5397775409,57.38,0.15,sell,False,2022-11-10T01:48:21.052114+00:00
826,5397775408,57.82,0.15,sell,False,2022-11-10T01:48:21.052114+00:00
827,5397775407,58.02,0.1,sell,False,2022-11-10T01:48:21.052114+00:00
828,5397775406,58.26,0.15,sell,False,2022-11-10T01:48:21.052114+00:00
829,5397775405,58.71,0.15,sell,False,2022-11-10T01:48:21.052114+00:00
830,5397775404,59.15,0.15,sell,False,2022-11-10T01:48:21.052114+00:00
831,5397775403,59.59,0.15,sell,False,2022-11-10T01:48:21.052114+00:00
832,5397775402,60.03,0.15,sell,False,2022-11-10T01:48:21.052114+00:00
833,5397775401,60.47,0.15,sell,False,2022-11-10T01:48:21.052114+00:00
834,5397775400,60.92,0.15,sell,False,2022-11-10T01:48:21.052114+00:00
835,5397775399,61.36,0.15,sell,False,2022-11-10T01:48:21.052114+00:00
836,5397775398,61.8,0.15,sell,False,2022-11-10T01:48:21.052114+00:00
837,5397775397,62.24,0.15,sell,False,2022-11-10T01:48:21.052114+00:00
838,5397775396,62.68,0.15,sell,False,2022-11-10T01:48:21.052114+00:00
839,5397775395,63.13,0.15,sell,False,2022-11-10T01:48:21.052114+00:00
840,5397775394,63.57,0.15,sell,False,2022-11-10T01:48:21.052114+00:00
841,5397775393,64.01,0.15,sell,False,2022-11-10T01:48:21.052114+00:00
842,5397775392,64.45,0.15,sell,False,2022-11-10T01:48:21.052114+00:00
843,5397775391,64.48,5.65,sell,False,2022-11-10T01:48:21.052114+00:00
844,5397775390,64.73,1.0,sell,False,2022-11-10T01:48:21.052114+00:00
845,5397775389,64.89,0.15,sell,False,2022-11-10T01:48:21.052114+00:00
846,5397775388,65.34,0.15,sell,False,2022-11-10T01:48:21.052114+00:00
847,5397775387,65.78,0.15,sell,False,2022-11-10T01:48:21.052114+00:00
848,5397775386,66.22,0.15,sell,False,2022-11-10T01:48:21.052114+00:00
849,5397775385,66.66,0.15,sell,False,2022-11-10T01:48:21.052114+00:00
850,5397775384,66.67,1.03,sell,False,2022-11-10T01:48:21.052114+00:00
851,5397775383,67.11,0.15,sell,False,2022-11-10T01:48:21.052114+00:00
852,5397775382,67.55,0.15,sell,False,2022-11-10T01:48:21.052114+00:00
853,5397500231,68.23,1.54,buy,False,2022-11-10T01:16:21.381022+00:00
854,5397500230,67.99,0.15,buy,False,2022-11-10T01:16:21.381022+00:00
855,5397500229,67.97,1.0,buy,False,2022-11-10T01:16:21.381022+00:00
856,5397500228,67.55,0.15,buy,False,2022-11-10T01:16:21.381022+00:00
857,5397500227,67.11,0.15,buy,False,2022-11-10T01:16:21.381022+00:00
858,5397500226,66.89,0.31,buy,False,2022-11-10T01:16:21.381022+00:00
859,5397499015,66.89,1.92,buy,False,2022-11-10T01:16:13.071314+00:00
860,5397499014,66.66,0.15,buy,False,2022-11-10T01:16:13.071314+00:00
861,5397499013,66.22,0.15,buy,False,2022-11-10T01:16:13.071314+00:00
862,5397499012,65.78,0.03,buy,False,2022-11-10T01:16:13.071314+00:00
863,5397499011,65.58,1.49,buy,False,2022-11-10T01:16:13.071314+00:00
864,5397477175,65.78,23.51,buy,False,2022-11-10T01:13:05.148996+00:00
865,5397477174,65.58,1.49,buy,False,2022-11-10T01:13:05.148996+00:00
866,5397428659,65.78,3.81,buy,False,2022-11-10T01:06:43.239055+00:00
867,5397428658,64.89,0.15,buy,False,2022-11-10T01:06:43.239055+00:00
868,5397428657,64.45,0.15,buy,False,2022-11-10T01:06:43.239055+00:00
869,5397428656,64.01,0.15,buy,False,2022-11-10T01:06:43.239055+00:00
870,5397428655,63.57,0.15,buy,False,2022-11-10T01:06:43.239055+00:00
871,5397428654,63.13,0.15,buy,False,2022-11-10T01:06:43.239055+00:00
872,5397424368,62.68,0.15,buy,False,2022-11-10T01:06:19.347633+00:00
873,5397424367,62.24,0.15,buy,False,2022-11-10T01:06:19.347633+00:00
874,5397424366,61.8,0.44,buy,False,2022-11-10T01:06:19.347633+00:00
875,5397424365,61.8,0.15,buy,False,2022-11-10T01:06:19.347633+00:00
876,5397283420,65.78,0.15,buy,False,2022-11-10T00:51:28.039942+00:00
877,5397283419,65.34,0.15,buy,False,2022-11-10T00:51:28.039942+00:00
878,5397283418,65.3,0.29,buy,False,2022-11-10T00:51:28.039942+00:00
879,5397283276,61.23,3.48,sell,False,2022-11-10T00:51:26.738386+00:00
880,5397283275,61.36,0.15,sell,False,2022-11-10T00:51:26.738386+00:00
881,5397283274,61.8,0.15,sell,False,2022-11-10T00:51:26.738386+00:00
882,5397283273,62.24,0.15,sell,False,2022-11-10T00:51:26.738386+00:00
883,5397283272,62.68,0.15,sell,False,2022-11-10T00:51:26.738386+00:00
884,5397283271,63.0,0.57,sell,False,2022-11-10T00:51:26.738386+00:00
885,5397283270,63.13,0.15,sell,False,2022-11-10T00:51:26.738386+00:00
886,5397283269,63.57,0.15,sell,False,2022-11-10T00:51:26.738386+00:00
887,5397283268,64.01,0.15,sell,False,2022-11-10T00:51:26.738386+00:00
888,5397283267,64.45,0.15,sell,False,2022-11-10T00:51:26.738386+00:00
889,5397283266,65.0,0.63,sell,False,2022-11-10T00:51:26.738386+00:00
890,5397282394,65.3,3.06,buy,False,2022-11-10T00:51:19.344656+00:00
891,5397272424,64.89,0.15,buy,False,2022-11-10T00:50:21.382598+00:00
892,5397272423,64.73,1.0,buy,False,2022-11-10T00:50:21.382598+00:00
893,5397272422,64.45,0.15,buy,False,2022-11-10T00:50:21.382598+00:00
894,5397272421,64.02,2.23,buy,False,2022-11-10T00:50:21.382598+00:00
895,5397272420,64.01,0.15,buy,False,2022-11-10T00:50:21.382598+00:00
896,5397272419,63.57,0.15,buy,False,2022-11-10T00:50:21.382598+00:00
897,5397272418,63.13,0.15,buy,False,2022-11-10T00:50:21.382598+00:00
898,5397269894,62.77,1.49,buy,False,2022-11-10T00:50:07.924730+00:00
899,5397269893,62.68,0.15,buy,False,2022-11-10T00:50:07.924730+00:00
900,5397269892,62.24,0.15,buy,False,2022-11-10T00:50:07.924730+00:00
901,5397269891,61.8,0.15,buy,False,2022-11-10T00:50:07.924730+00:00
902,5397269890,61.53,0.99,buy,False,2022-11-10T00:50:07.924730+00:00
903,5397269889,61.36,0.15,buy,False,2022-11-10T00:50:07.924730+00:00
904,5397269888,60.92,0.15,buy,False,2022-11-10T00:50:07.924730+00:00
905,5397269887,60.47,0.15,buy,False,2022-11-10T00:50:07.924730+00:00
906,5397269886,60.33,0.66,buy,False,2022-11-10T00:50:07.924730+00:00
907,5397269885,60.03,0.15,buy,False,2022-11-10T00:50:07.924730+00:00
908,5397193471,59.59,0.15,buy,False,2022-11-10T00:41:51.358846+00:00
909,5397189520,59.15,0.44,buy,False,2022-11-10T00:41:38.144315+00:00
910,5397189519,59.15,0.15,buy,False,2022-11-10T00:41:38.144315+00:00
911,5397184826,59.14,1.16,buy,False,2022-11-10T00:41:11.048851+00:00
912,5397118491,58.7,0.34,sell,False,2022-11-10T00:33:17.675826+00:00
913,5397118490,58.71,0.15,sell,False,2022-11-10T00:33:17.675826+00:00
914,5397118489,59.15,0.07,sell,False,2022-11-10T00:33:17.675826+00:00
915,5397118488,59.59,0.1,sell,False,2022-11-10T00:33:17.675826+00:00
916,5397118487,60.03,0.15,sell,False,2022-11-10T00:33:17.675826+00:00
917,5397118486,60.47,0.15,sell,False,2022-11-10T00:33:17.675826+00:00
918,5397118485,60.92,0.03,sell,False,2022-11-10T00:33:17.675826+00:00
919,5397049070,60.92,0.12,sell,False,2022-11-10T00:27:34.787989+00:00
920,5397049069,61.36,0.15,sell,False,2022-11-10T00:27:34.787989+00:00
921,5397049068,61.8,0.15,sell,False,2022-11-10T00:27:34.787989+00:00
922,5397049067,62.24,0.15,sell,False,2022-11-10T00:27:34.787989+00:00
923,5397049066,62.68,0.15,sell,False,2022-11-10T00:27:34.787989+00:00
924,5397049065,63.13,0.15,sell,False,2022-11-10T00:27:34.787989+00:00
925,5397049064,63.57,0.13,sell,False,2022-11-10T00:27:34.787989+00:00
926,5396991601,63.57,0.02,sell,False,2022-11-10T00:21:13.723068+00:00
927,5396991600,64.01,0.15,sell,False,2022-11-10T00:21:13.723068+00:00
928,5396991599,64.45,0.15,sell,False,2022-11-10T00:21:13.723068+00:00
929,5396991598,64.89,0.15,sell,False,2022-11-10T00:21:13.723068+00:00
930,5396991597,65.34,0.15,sell,False,2022-11-10T00:21:13.723068+00:00
931,5396991596,65.78,0.15,sell,False,2022-11-10T00:21:13.723068+00:00
932,5396991595,66.22,0.15,sell,False,2022-11-10T00:21:13.723068+00:00
933,5396991594,66.66,0.15,sell,False,2022-11-10T00:21:13.723068+00:00
934,5396991593,67.11,0.15,sell,False,2022-11-10T00:21:13.723068+00:00
935,5396991592,67.55,0.15,sell,False,2022-11-10T00:21:13.723068+00:00
936,5396991591,67.99,0.15,sell,False,2022-11-10T00:21:13.723068+00:00
937,5396991590,68.43,0.15,sell,False,2022-11-10T00:21:13.723068+00:00
938,5396991589,68.44,0.43,sell,False,2022-11-10T00:21:13.723068+00:00
939,5396991588,68.44,0.73,sell,False,2022-11-10T00:21:13.723068+00:00
940,5396991587,68.87,0.15,sell,False,2022-11-10T00:21:13.723068+00:00
941,5396991586,69.02,0.05,sell,False,2022-11-10T00:21:13.723068+00:00
942,5396991585,69.16,0.05,sell,False,2022-11-10T00:21:13.723068+00:00
943,5396991584,69.3,0.05,sell,False,2022-11-10T00:21:13.723068+00:00
944,5396991583,69.32,0.15,sell,False,2022-11-10T00:21:13.723068+00:00
945,5396926097,69.44,9.59,buy,False,2022-11-10T00:14:40.242908+00:00
946,5396926096,69.43,0.42,buy,False,2022-11-10T00:14:40.242908+00:00
947,5396916024,69.43,0.72,buy,False,2022-11-10T00:13:54.045797+00:00
948,5396766382,69.44,38.79,sell,False,2022-11-10T00:02:20.341387+00:00
949,5396682315,69.44,3.67,sell,False,2022-11-09T23:54:47.382590+00:00
950,5396682314,69.44,0.05,sell,False,2022-11-09T23:54:47.382590+00:00
951,5396682313,69.58,0.05,sell,False,2022-11-09T23:54:47.382590+00:00
952,5396682312,69.72,0.05,sell,False,2022-11-09T23:54:47.382590+00:00
953,5396682311,69.76,0.15,sell,False,2022-11-09T23:54:47.382590+00:00
954,5396682310,69.86,0.05,sell,False,2022-11-09T23:54:47.382590+00:00
955,5396682309,70.0,0.05,sell,False,2022-11-09T23:54:47.382590+00:00
956,5396682308,70.14,0.05,sell,False,2022-11-09T23:54:47.382590+00:00
957,5396682307,70.2,0.15,sell,False,2022-11-09T23:54:47.382590+00:00
958,5396682306,70.28,0.05,sell,False,2022-11-09T23:54:47.382590+00:00
959,5396682305,70.42,0.05,sell,False,2022-11-09T23:54:47.382590+00:00
960,5396682304,70.56,0.05,sell,False,2022-11-09T23:54:47.382590+00:00
961,5396682303,70.64,0.15,sell,False,2022-11-09T23:54:47.382590+00:00
962,5396682302,70.7,0.05,sell,False,2022-11-09T23:54:47.382590+00:00
963,5396682301,70.84,0.05,sell,False,2022-11-09T23:54:47.382590+00:00
964,5396682300,70.98,0.05,sell,False,2022-11-09T23:54:47.382590+00:00
965,5396682299,71.08,0.15,sell,False,2022-11-09T23:54:47.382590+00:00
966,5396682298,71.12,0.04,sell,False,2022-11-09T23:54:47.382590+00:00
967,5396682297,71.26,0.04,sell,False,2022-11-09T23:54:47.382590+00:00
968,5396603908,71.53,0.05,sell,False,2022-11-09T23:47:16.734653+00:00
969,5396392458,71.53,0.04,sell,False,2022-11-09T23:29:03.070395+00:00
970,5396392326,71.53,0.04,sell,False,2022-11-09T23:29:02.059172+00:00
971,5396312148,71.53,0.02,sell,False,2022-11-09T23:22:20.695766+00:00
972,5396312147,71.97,0.06,sell,False,2022-11-09T23:22:20.695766+00:00
973,5396291266,75.06,0.04,buy,False,2022-11-09T23:21:03.372129+00:00
974,5396289611,71.97,0.09,sell,False,2022-11-09T23:20:55.536796+00:00
975,5396289610,72.41,0.15,sell,False,2022-11-09T23:20:55.536796+00:00
976,5396289609,72.85,0.15,sell,False,2022-11-09T23:20:55.536796+00:00
977,5396289608,73.29,0.15,sell,False,2022-11-09T23:20:55.536796+00:00
978,5396289607,73.74,0.15,sell,False,2022-11-09T23:20:55.536796+00:00
979,5396289606,74.18,0.15,sell,False,2022-11-09T23:20:55.536796+00:00
980,5396289605,74.62,0.15,sell,False,2022-11-09T23:20:55.536796+00:00
981,5396289563,75.51,0.04,buy,False,2022-11-09T23:20:55.274821+00:00
982,5396289319,75.06,0.04,buy,False,2022-11-09T23:20:54.313781+00:00
983,5396289220,75.06,0.04,buy,False,2022-11-09T23:20:53.957809+00:00
984,5396285247,75.06,0.04,buy,False,2022-11-09T23:20:35.385602+00:00
985,5396285166,75.06,0.04,buy,False,2022-11-09T23:20:34.876262+00:00
986,5396285083,75.51,0.02,buy,False,2022-11-09T23:20:34.411945+00:00
987,5396285082,75.06,0.02,buy,False,2022-11-09T23:20:34.411945+00:00
988,5396285009,75.06,0.04,buy,False,2022-11-09T23:20:33.944742+00:00
989,5396284866,75.06,0.04,buy,False,2022-11-09T23:20:33.282821+00:00
990,5396284717,75.06,0.04,buy,False,2022-11-09T23:20:32.683508+00:00
991,5396284678,75.06,0.01,buy,False,2022-11-09T23:20:32.250737+00:00
992,5396284524,74.62,0.03,buy,False,2022-11-09T23:20:31.324047+00:00
993,5396284451,74.62,0.04,buy,False,2022-11-09T23:20:30.801910+00:00
994,5396284396,74.62,0.04,buy,False,2022-11-09T23:20:30.314228+00:00
995,5396284329,74.62,0.04,buy,False,2022-11-09T23:20:29.857577+00:00
996,5396284285,74.18,0.04,buy,False,2022-11-09T23:20:29.459803+00:00
997,5396284250,74.18,0.04,buy,False,2022-11-09T23:20:29.042691+00:00
998,5396284190,74.18,0.04,buy,False,2022-11-09T23:20:28.623387+00:00
999,5396284144,74.18,0.03,buy,False,2022-11-09T23:20:28.159861+00:00
1000,5396284143,73.74,0.01,buy,False,2022-11-09T23:20:28.159861+00:00
1001,5396284008,73.74,0.04,buy,False,2022-11-09T23:20:27.314345+00:00
1002,5396283952,73.74,0.04,buy,False,2022-11-09T23:20:26.841123+00:00
1003,5396283917,73.74,0.04,buy,False,2022-11-09T23:20:26.449308+00:00
1004,5396283763,73.74,0.02,buy,False,2022-11-09T23:20:24.880167+00:00
1005,5396283701,73.29,0.02,buy,False,2022-11-09T23:20:24.381212+00:00
1006,5396283646,73.29,0.04,buy,False,2022-11-09T23:20:23.942392+00:00
1007,5396283616,73.29,0.04,buy,False,2022-11-09T23:20:23.498123+00:00
1008,5396283447,73.29,0.04,buy,False,2022-11-09T23:20:22.238994+00:00
1009,5396283366,73.29,0.01,buy,False,2022-11-09T23:20:21.737239+00:00
1010,5396283298,72.85,0.03,buy,False,2022-11-09T23:20:21.304842+00:00
1011,5396283199,72.85,0.04,buy,False,2022-11-09T23:20:20.873087+00:00
1012,5396283126,72.85,0.04,buy,False,2022-11-09T23:20:20.318678+00:00
1013,5396283057,72.85,0.04,buy,False,2022-11-09T23:20:19.787100+00:00
1014,5396282790,72.41,0.04,buy,False,2022-11-09T23:20:18.312204+00:00
1015,5396282550,72.41,0.04,buy,False,2022-11-09T23:20:17.551228+00:00
1016,5396282466,72.41,0.04,buy,False,2022-11-09T23:20:16.996383+00:00
1017,5396282403,72.41,0.03,buy,False,2022-11-09T23:20:16.567806+00:00
1018,5396282402,71.97,0.01,buy,False,2022-11-09T23:20:16.567806+00:00
1019,5396282341,71.97,0.04,buy,False,2022-11-09T23:20:16.082991+00:00
1020,5396282295,71.97,0.04,buy,False,2022-11-09T23:20:15.664496+00:00
1021,5396282232,71.97,0.04,buy,False,2022-11-09T23:20:15.284333+00:00
1022,5396282173,71.97,0.02,buy,False,2022-11-09T23:20:14.878506+00:00
1023,5396282172,71.53,0.02,buy,False,2022-11-09T23:20:14.878506+00:00
1024,5396282103,71.53,0.04,buy,False,2022-11-09T23:20:14.519964+00:00
1025,5396282002,71.53,0.04,buy,False,2022-11-09T23:20:14.012951+00:00
1026,5396281888,71.53,0.04,buy,False,2022-11-09T23:20:13.015655+00:00
1027,5396281743,71.53,0.01,buy,False,2022-11-09T23:20:12.259146+00:00
1028,5396281742,71.08,0.03,buy,False,2022-11-09T23:20:12.259146+00:00
1029,5396281618,71.08,0.04,buy,False,2022-11-09T23:20:11.532522+00:00
1030,5396281472,71.08,0.04,buy,False,2022-11-09T23:20:10.879737+00:00
1031,5396281335,71.08,0.04,buy,False,2022-11-09T23:20:09.863335+00:00
1032,5396262850,70.42,0.05,sell,False,2022-11-09T23:18:47.830353+00:00
1033,5396262849,70.56,0.05,sell,False,2022-11-09T23:18:47.830353+00:00
1034,5396262848,70.64,0.15,sell,False,2022-11-09T23:18:47.830353+00:00
1035,5396262847,70.7,0.05,sell,False,2022-11-09T23:18:47.830353+00:00
1036,5396262846,70.84,0.05,sell,False,2022-11-09T23:18:47.830353+00:00
1037,5396262845,70.98,0.05,sell,False,2022-11-09T23:18:47.830353+00:00
1038,5396262844,71.08,0.15,sell,False,2022-11-09T23:18:47.830353+00:00
1039,5396262843,71.12,0.04,sell,False,2022-11-09T23:18:47.830353+00:00
1040,5396262842,71.26,0.04,sell,False,2022-11-09T23:18:47.830353+00:00
1041,5396262841,71.4,0.04,sell,False,2022-11-09T23:18:47.830353+00:00
1042,5396262840,71.53,0.15,sell,False,2022-11-09T23:18:47.830353+00:00
1043,5396262839,71.54,0.04,sell,False,2022-11-09T23:18:47.830353+00:00
1044,5396262838,71.68,0.04,sell,False,2022-11-09T23:18:47.830353+00:00
1045,5396262837,71.82,0.04,sell,False,2022-11-09T23:18:47.830353+00:00
1046,5396262836,71.96,0.04,sell,False,2022-11-09T23:18:47.830353+00:00
1047,5396262835,71.97,0.02,sell,False,2022-11-09T23:18:47.830353+00:00
1048,5396261596,71.97,0.13,sell,False,2022-11-09T23:18:42.714729+00:00
1049,5396261595,72.1,0.04,sell,False,2022-11-09T23:18:42.714729+00:00
1050,5396261594,72.24,0.04,sell,False,2022-11-09T23:18:42.714729+00:00
1051,5396261593,72.38,0.04,sell,False,2022-11-09T23:18:42.714729+00:00
1052,5396261592,72.41,0.15,sell,False,2022-11-09T23:18:42.714729+00:00
1053,5396261591,72.52,0.04,sell,False,2022-11-09T23:18:42.714729+00:00
1054,5396261590,72.66,0.04,sell,False,2022-11-09T23:18:42.714729+00:00
1055,5396261589,72.8,0.04,sell,False,2022-11-09T23:18:42.714729+00:00
1056,5396261588,72.85,0.02,sell,False,2022-11-09T23:18:42.714729+00:00
1057,5396261587,72.94,0.04,sell,False,2022-11-09T23:18:42.714729+00:00
1058,5396261586,73.08,0.04,sell,False,2022-11-09T23:18:42.714729+00:00
1059,5396261585,73.29,0.15,sell,False,2022-11-09T23:18:42.714729+00:00
1060,5396261584,73.74,0.15,sell,False,2022-11-09T23:18:42.714729+00:00
1061,5396261583,74.18,0.08,sell,False,2022-11-09T23:18:42.714729+00:00
1062,5396260733,74.18,0.07,sell,False,2022-11-09T23:18:39.131897+00:00
1063,5396260732,74.62,0.15,sell,False,2022-11-09T23:18:39.131897+00:00
1064,5396260731,75.06,0.15,sell,False,2022-11-09T23:18:39.131897+00:00
1065,5396260730,75.51,0.15,sell,False,2022-11-09T23:18:39.131897+00:00
1066,5396260729,75.95,0.15,sell,False,2022-11-09T23:18:39.131897+00:00
1067,5396260728,76.39,0.15,sell,False,2022-11-09T23:18:39.131897+00:00
1068,5396260727,76.83,0.15,sell,False,2022-11-09T23:18:39.131897+00:00
1069,5396260726,77.27,0.03,sell,False,2022-11-09T23:18:39.131897+00:00
1070,5396202738,77.27,0.12,sell,False,2022-11-09T23:14:41.758958+00:00
1071,5396202737,77.72,0.15,sell,False,2022-11-09T23:14:41.758958+00:00
1072,5396202736,78.16,0.15,sell,False,2022-11-09T23:14:41.758958+00:00
1073,5396202735,78.6,0.15,sell,False,2022-11-09T23:14:41.758958+00:00
1074,5396202734,79.04,0.15,sell,False,2022-11-09T23:14:41.758958+00:00
1075,5396202733,79.48,0.15,sell,False,2022-11-09T23:14:41.758958+00:00
1076,5396202732,79.93,0.15,sell,False,2022-11-09T23:14:41.758958+00:00
1077,5396177099,80.0,0.04,buy,False,2022-11-09T23:13:07.664653+00:00
1078,5396176084,80.0,0.04,buy,False,2022-11-09T23:13:01.850120+00:00
1079,5396176029,80.0,0.04,buy,False,2022-11-09T23:13:01.347695+00:00
1080,5396175942,80.0,0.04,buy,False,2022-11-09T23:13:00.838162+00:00
1081,5396175879,80.0,0.04,buy,False,2022-11-09T23:13:00.485994+00:00
1082,5396175542,80.0,0.7,buy,False,2022-11-09T23:12:58.787338+00:00
1083,5396175207,80.37,0.15,sell,False,2022-11-09T23:12:57.218091+00:00
1084,5396175206,80.81,0.15,sell,False,2022-11-09T23:12:57.218091+00:00
1085,5396175205,80.9,0.04,sell,False,2022-11-09T23:12:57.218091+00:00
1086,5396175204,81.05,0.04,sell,False,2022-11-09T23:12:57.218091+00:00
1087,5396175203,81.2,0.04,sell,False,2022-11-09T23:12:57.218091+00:00
1088,5396175202,81.25,0.15,sell,False,2022-11-09T23:12:57.218091+00:00
1089,5396175201,81.35,0.04,sell,False,2022-11-09T23:12:57.218091+00:00
1090,5396175200,81.5,0.03,sell,False,2022-11-09T23:12:57.218091+00:00
1091,5396174362,81.69,0.03,sell,False,2022-11-09T23:12:53.720256+00:00
1092,5396174298,81.69,0.04,sell,False,2022-11-09T23:12:53.363053+00:00
1093,5396174213,81.69,0.04,sell,False,2022-11-09T23:12:52.997336+00:00
1094,5396174117,81.69,0.04,sell,False,2022-11-09T23:12:52.651952+00:00
1095,5396174034,81.7,0.04,sell,False,2022-11-09T23:12:52.283682+00:00
1096,5396173933,81.7,0.04,sell,False,2022-11-09T23:12:51.938533+00:00
1097,5396173856,81.7,0.04,sell,False,2022-11-09T23:12:51.556874+00:00
1098,5396173757,81.7,0.04,sell,False,2022-11-09T23:12:51.240766+00:00
1099,5396173669,81.7,0.04,sell,False,2022-11-09T23:12:50.845825+00:00
1100,5396173617,81.7,0.04,sell,False,2022-11-09T23:12:50.524019+00:00
1101,5396173496,81.7,0.04,sell,False,2022-11-09T23:12:50.202115+00:00
1102,5396173359,81.7,0.03,sell,False,2022-11-09T23:12:49.827906+00:00
1103,5396173238,82.14,0.01,sell,False,2022-11-09T23:12:49.437343+00:00
1104,5396173155,82.14,0.04,sell,False,2022-11-09T23:12:49.087547+00:00
1105,5396173070,82.14,0.04,sell,False,2022-11-09T23:12:48.674311+00:00
1106,5396172932,82.14,0.04,sell,False,2022-11-09T23:12:48.351110+00:00
1107,5396172815,82.14,0.02,sell,False,2022-11-09T23:12:47.979712+00:00
1108,5396172814,82.58,0.02,sell,False,2022-11-09T23:12:47.979712+00:00
1109,5396172694,82.58,0.04,sell,False,2022-11-09T23:12:47.593765+00:00
1110,5396172553,82.58,0.04,sell,False,2022-11-09T23:12:47.181309+00:00
1111,5396172435,82.58,0.04,sell,False,2022-11-09T23:12:46.745332+00:00
1112,5396172313,82.58,0.01,sell,False,2022-11-09T23:12:46.372703+00:00
1113,5396172312,83.02,0.03,sell,False,2022-11-09T23:12:46.372703+00:00
1114,5396172217,83.02,0.04,sell,False,2022-11-09T23:12:46.012779+00:00
1115,5396172073,83.02,0.04,sell,False,2022-11-09T23:12:45.570351+00:00
1116,5396171881,83.02,0.04,sell,False,2022-11-09T23:12:45.080168+00:00
1117,5396171486,83.46,0.05,sell,False,2022-11-09T23:12:43.501804+00:00
1118,5396168593,83.46,0.04,sell,False,2022-11-09T23:12:34.684015+00:00
1119,5396166502,83.46,0.04,sell,False,2022-11-09T23:12:28.140623+00:00
1120,5396166368,83.46,0.02,sell,False,2022-11-09T23:12:27.795580+00:00
1121,5396166367,83.91,0.02,sell,False,2022-11-09T23:12:27.795580+00:00
1122,5396166219,83.91,0.04,sell,False,2022-11-09T23:12:27.418214+00:00
1123,5396166135,83.91,0.04,sell,False,2022-11-09T23:12:27.061194+00:00
1124,5396166065,83.91,0.04,sell,False,2022-11-09T23:12:26.661980+00:00
1125,5396165629,83.91,0.01,sell,False,2022-11-09T23:12:25.545155+00:00
1126,5396165628,84.35,0.03,sell,False,2022-11-09T23:12:25.545155+00:00
1127,5396165547,84.35,0.04,sell,False,2022-11-09T23:12:25.137818+00:00
1128,5396165455,84.35,0.04,sell,False,2022-11-09T23:12:24.631141+00:00
1129,5396165407,84.35,0.04,sell,False,2022-11-09T23:12:24.282227+00:00
1130,5396165282,84.36,0.04,sell,False,2022-11-09T23:12:23.809851+00:00
1131,5396165210,84.36,0.04,sell,False,2022-11-09T23:12:23.444482+00:00
1132,5396165166,84.36,0.04,sell,False,2022-11-09T23:12:23.051196+00:00
1133,5396165048,84.36,0.01,sell,False,2022-11-09T23:12:22.637501+00:00
1134,5396165047,84.79,0.03,sell,False,2022-11-09T23:12:22.637501+00:00
1135,5396164941,84.79,0.04,sell,False,2022-11-09T23:12:22.141754+00:00
1136,5396164770,84.79,0.04,sell,False,2022-11-09T23:12:21.245190+00:00
1137,5396164635,84.79,0.04,sell,False,2022-11-09T23:12:20.727762+00:00
1138,5396164467,85.23,0.04,sell,False,2022-11-09T23:12:19.968899+00:00
1139,5396164386,85.23,0.04,sell,False,2022-11-09T23:12:19.403256+00:00
1140,5396164291,85.23,0.04,sell,False,2022-11-09T23:12:18.813649+00:00
1141,5396164146,85.23,0.03,sell,False,2022-11-09T23:12:18.367683+00:00
1142,5396164145,85.67,0.01,sell,False,2022-11-09T23:12:18.367683+00:00
1143,5396163968,85.67,0.04,sell,False,2022-11-09T23:12:17.917713+00:00
1144,5396163855,85.67,0.04,sell,False,2022-11-09T23:12:17.303197+00:00
1145,5396163756,85.67,0.04,sell,False,2022-11-09T23:12:16.810542+00:00
1146,5396163527,85.67,0.02,sell,False,2022-11-09T23:12:15.984612+00:00
1147,5396163526,86.12,0.02,sell,False,2022-11-09T23:12:15.984612+00:00
1148,5396163397,86.12,0.04,sell,False,2022-11-09T23:12:15.453934+00:00
1149,5396163241,86.12,0.04,sell,False,2022-11-09T23:12:14.967849+00:00
1150,5396162033,86.12,0.04,sell,False,2022-11-09T23:12:11.627372+00:00
1151,5396161889,86.12,0.01,sell,False,2022-11-09T23:12:10.802577+00:00
1152,5396161888,86.56,0.03,sell,False,2022-11-09T23:12:10.802577+00:00
1153,5396161843,86.56,0.04,sell,False,2022-11-09T23:12:10.382763+00:00
1154,5396161780,86.56,0.04,sell,False,2022-11-09T23:12:10.003879+00:00
1155,5396161706,86.56,0.04,sell,False,2022-11-09T23:12:09.577171+00:00
1156,5396147020,87.0,0.15,buy,False,2022-11-09T23:11:08.049894+00:00
1157,5396147019,86.8,17.04,buy,False,2022-11-09T23:11:08.049894+00:00
1158,5396147018,86.56,0.15,buy,False,2022-11-09T23:11:08.049894+00:00
1159,5396147017,86.12,0.15,buy,False,2022-11-09T23:11:08.049894+00:00
1160,5396147016,85.67,0.15,buy,False,2022-11-09T23:11:08.049894+00:00
1161,5396147015,85.23,0.15,buy,False,2022-11-09T23:11:08.049894+00:00
1162,5396147014,84.79,0.15,buy,False,2022-11-09T23:11:08.049894+00:00
1163,5396147013,84.35,0.15,buy,False,2022-11-09T23:11:08.049894+00:00
1164,5396147012,83.91,0.15,buy,False,2022-11-09T23:11:08.049894+00:00
1165,5396147011,83.46,0.15,buy,False,2022-11-09T23:11:08.049894+00:00
1166,5396147010,83.02,0.15,buy,False,2022-11-09T23:11:08.049894+00:00
1167,5396147009,82.58,0.15,buy,False,2022-11-09T23:11:08.049894+00:00
1168,5396147008,82.4,0.04,buy,False,2022-11-09T23:11:08.049894+00:00
1169,5396147007,82.14,0.15,buy,False,2022-11-09T23:11:08.049894+00:00
1170,5396147006,81.69,0.15,buy,False,2022-11-09T23:11:08.049894+00:00
1171,5396147005,81.25,0.15,buy,False,2022-11-09T23:11:08.049894+00:00
1172,5396147004,80.81,0.11,buy,False,2022-11-09T23:11:08.049894+00:00
1173,5396147003,80.37,0.07,buy,False,2022-11-09T23:11:08.049894+00:00
1174,5396147002,80.25,0.94,buy,False,2022-11-09T23:11:08.049894+00:00
1175,5396147001,80.0,1.0,buy,False,2022-11-09T23:11:08.049894+00:00
1176,5396147000,79.93,0.15,buy,False,2022-11-09T23:11:08.049894+00:00
1177,5396146999,79.48,0.15,buy,False,2022-11-09T23:11:08.049894+00:00
1178,5396146998,79.04,0.15,buy,False,2022-11-09T23:11:08.049894+00:00
1179,5396146997,78.6,0.15,buy,False,2022-11-09T23:11:08.049894+00:00
1180,5396146996,78.16,0.15,buy,False,2022-11-09T23:11:08.049894+00:00
1181,5396146995,77.72,0.15,buy,False,2022-11-09T23:11:08.049894+00:00
1182,5396146994,77.27,0.15,buy,False,2022-11-09T23:11:08.049894+00:00
1183,5396146993,76.83,0.15,buy,False,2022-11-09T23:11:08.049894+00:00
1184,5396146992,76.39,0.15,buy,False,2022-11-09T23:11:08.049894+00:00
1185,5396146991,75.95,0.15,buy,False,2022-11-09T23:11:08.049894+00:00
1186,5396146990,75.51,0.15,buy,False,2022-11-09T23:11:08.049894+00:00
1187,5396146989,75.06,0.15,buy,False,2022-11-09T23:11:08.049894+00:00
1188,5396146988,74.62,0.15,buy,False,2022-11-09T23:11:08.049894+00:00
1189,5396146987,74.18,0.15,buy,False,2022-11-09T23:11:08.049894+00:00
1190,5396146986,73.74,0.15,buy,False,2022-11-09T23:11:08.049894+00:00
1191,5396146985,73.73,2.0,buy,False,2022-11-09T23:11:08.049894+00:00
1192,5396146984,73.72,1.25,buy,False,2022-11-09T23:11:08.049894+00:00
1193,5396089716,72.85,0.13,sell,False,2022-11-09T23:08:19.279788+00:00
1194,5396089715,72.94,0.04,sell,False,2022-11-09T23:08:19.279788+00:00
1195,5396089714,73.08,0.04,sell,False,2022-11-09T23:08:19.279788+00:00
1196,5396089713,73.22,0.04,sell,False,2022-11-09T23:08:19.279788+00:00
1197,5396089712,73.29,0.15,sell,False,2022-11-09T23:08:19.279788+00:00
1198,5396089711,73.36,0.04,sell,False,2022-11-09T23:08:19.279788+00:00
1199,5396089710,73.5,0.04,sell,False,2022-11-09T23:08:19.279788+00:00
1200,5396089709,73.64,0.04,sell,False,2022-11-09T23:08:19.279788+00:00
1201,5396089708,73.74,0.15,sell,False,2022-11-09T23:08:19.279788+00:00
1202,5396089707,73.78,0.04,sell,False,2022-11-09T23:08:19.279788+00:00
1203,5396089706,73.92,0.04,sell,False,2022-11-09T23:08:19.279788+00:00
1204,5396089705,74.06,0.04,sell,False,2022-11-09T23:08:19.279788+00:00
1205,5396089704,74.18,0.15,sell,False,2022-11-09T23:08:19.279788+00:00
1206,5396089703,74.2,0.04,sell,False,2022-11-09T23:08:19.279788+00:00
1207,5396089702,74.34,0.04,sell,False,2022-11-09T23:08:19.279788+00:00
1208,5396089701,74.48,0.04,sell,False,2022-11-09T23:08:19.279788+00:00
1209,5396089700,74.62,0.15,sell,False,2022-11-09T23:08:19.279788+00:00
1210,5396089699,74.62,0.04,sell,False,2022-11-09T23:08:19.279788+00:00
1211,5396089698,74.76,0.04,sell,False,2022-11-09T23:08:19.279788+00:00
1212,5396089697,74.9,0.04,sell,False,2022-11-09T23:08:19.279788+00:00
1213,5396089696,75.05,0.04,sell,False,2022-11-09T23:08:19.279788+00:00
1214,5396089695,75.06,0.15,sell,False,2022-11-09T23:08:19.279788+00:00
1215,5396089694,75.2,0.04,sell,False,2022-11-09T23:08:19.279788+00:00
1216,5396089693,75.35,0.04,sell,False,2022-11-09T23:08:19.279788+00:00
1217,5396089692,75.5,0.04,sell,False,2022-11-09T23:08:19.279788+00:00
1218,5396089691,75.51,0.15,sell,False,2022-11-09T23:08:19.279788+00:00
1219,5396089690,75.52,0.25,sell,False,2022-11-09T23:08:19.279788+00:00
1220,5396089689,75.65,0.04,sell,False,2022-11-09T23:08:19.279788+00:00
1221,5396089688,75.8,0.04,sell,False,2022-11-09T23:08:19.279788+00:00
1222,5396089687,75.95,0.04,sell,False,2022-11-09T23:08:19.279788+00:00
1223,5396089686,75.95,0.15,sell,False,2022-11-09T23:08:19.279788+00:00
1224,5396089685,76.1,0.04,sell,False,2022-11-09T23:08:19.279788+00:00
1225,5396089684,76.39,0.15,sell,False,2022-11-09T23:08:19.279788+00:00
1226,5396028138,77.26,0.24,buy,False,2022-11-09T23:04:00.413642+00:00
1227,5396028137,76.83,0.15,buy,False,2022-11-09T23:04:00.413642+00:00
1228,5396010452,76.25,0.04,sell,False,2022-11-09T23:02:34.725060+00:00
1229,5396010451,76.39,0.15,sell,False,2022-11-09T23:02:34.725060+00:00
1230,5396010450,76.4,0.04,sell,False,2022-11-09T23:02:34.725060+00:00
1231,5396010449,76.55,0.04,sell,False,2022-11-09T23:02:34.725060+00:00
1232,5396010448,76.7,0.04,sell,False,2022-11-09T23:02:34.725060+00:00
1233,5396010447,76.83,0.15,sell,False,2022-11-09T23:02:34.725060+00:00
1234,5396010446,76.85,0.04,sell,False,2022-11-09T23:02:34.725060+00:00
1235,5396010445,77.0,0.04,sell,False,2022-11-09T23:02:34.725060+00:00
1236,5396010444,77.15,0.04,sell,False,2022-11-09T23:02:34.725060+00:00
1237,5396010443,77.27,0.15,sell,False,2022-11-09T23:02:34.725060+00:00
1238,5396010442,77.3,0.04,sell,False,2022-11-09T23:02:34.725060+00:00
1239,5396010441,77.45,0.04,sell,False,2022-11-09T23:02:34.725060+00:00
1240,5396010440,77.6,0.04,sell,False,2022-11-09T23:02:34.725060+00:00
1241,5396010439,77.72,0.15,sell,False,2022-11-09T23:02:34.725060+00:00
1242,5396008632,77.73,1.0,sell,False,2022-11-09T23:02:27.684638+00:00
1243,5396007173,77.73,0.24,sell,False,2022-11-09T23:02:21.892344+00:00
1244,5396007172,77.75,0.04,sell,False,2022-11-09T23:02:21.892344+00:00
1245,5396007171,77.9,0.04,sell,False,2022-11-09T23:02:21.892344+00:00
1246,5396007170,78.05,0.04,sell,False,2022-11-09T23:02:21.892344+00:00
1247,5396007169,78.16,0.11,sell,False,2022-11-09T23:02:21.892344+00:00
1248,5396007168,78.2,0.04,sell,False,2022-11-09T23:02:21.892344+00:00
1249,5396007167,78.35,0.04,sell,False,2022-11-09T23:02:21.892344+00:00
1250,5396007166,78.5,0.04,sell,False,2022-11-09T23:02:21.892344+00:00
1251,5396007165,78.6,0.15,sell,False,2022-11-09T23:02:21.892344+00:00
1252,5396007164,78.65,0.04,sell,False,2022-11-09T23:02:21.892344+00:00
1253,5396007163,78.8,0.04,sell,False,2022-11-09T23:02:21.892344+00:00
1254,5396007162,78.95,0.04,sell,False,2022-11-09T23:02:21.892344+00:00
1255,5396007161,79.04,0.14,sell,False,2022-11-09T23:02:21.892344+00:00
1256,5395951711,79.04,0.01,sell,False,2022-11-09T22:58:03.217875+00:00
1257,5395945454,79.1,0.04,sell,False,2022-11-09T22:57:20.444713+00:00
1258,5395941280,79.25,0.04,sell,False,2022-11-09T22:56:43.892630+00:00
1259,5395935375,79.4,0.04,sell,False,2022-11-09T22:56:02.663173+00:00
1260,5395930808,79.48,0.15,sell,False,2022-11-09T22:55:18.279889+00:00
1261,5395927191,79.55,0.04,sell,False,2022-11-09T22:54:43.881833+00:00
1262,5395922021,79.7,0.03,sell,False,2022-11-09T22:54:03.581399+00:00
1263,5395916681,79.85,0.04,sell,False,2022-11-09T22:53:24.192063+00:00
1264,5395911315,80.25,0.06,buy,False,2022-11-09T22:52:51.875997+00:00
1265,5395911314,80.24,1.21,buy,False,2022-11-09T22:52:51.875997+00:00
1266,5395907036,80.37,0.04,buy,False,2022-11-09T22:52:21.799610+00:00
1267,5395906188,80.37,0.04,buy,False,2022-11-09T22:52:16.254945+00:00
1268,5395905376,80.81,0.04,buy,False,2022-11-09T22:52:10.676086+00:00
1269,5395902466,79.7,0.01,sell,False,2022-11-09T22:51:50.540224+00:00
1270,5395902465,79.85,0.04,sell,False,2022-11-09T22:51:50.540224+00:00
1271,5395902464,79.93,0.15,sell,False,2022-11-09T22:51:50.540224+00:00
1272,5395902463,80.0,0.04,sell,False,2022-11-09T22:51:50.540224+00:00
1273,5395902462,80.15,0.04,sell,False,2022-11-09T22:51:50.540224+00:00
1274,5395902461,80.3,0.04,sell,False,2022-11-09T22:51:50.540224+00:00
1275,5395902460,80.37,0.15,sell,False,2022-11-09T22:51:50.540224+00:00
1276,5395902459,80.45,0.04,sell,False,2022-11-09T22:51:50.540224+00:00
1277,5395902458,80.6,0.04,sell,False,2022-11-09T22:51:50.540224+00:00
1278,5395902457,80.75,0.04,sell,False,2022-11-09T22:51:50.540224+00:00
1279,5395902456,80.81,0.15,sell,False,2022-11-09T22:51:50.540224+00:00
1280,5395902455,81.25,0.15,sell,False,2022-11-09T22:51:50.540224+00:00
1281,5395902454,81.69,0.15,sell,False,2022-11-09T22:51:50.540224+00:00
1282,5395902453,82.14,0.15,sell,False,2022-11-09T22:51:50.540224+00:00
1283,5395902452,82.58,0.15,sell,False,2022-11-09T22:51:50.540224+00:00
1284,5395902451,83.02,0.15,sell,False,2022-11-09T22:51:50.540224+00:00
1285,5395902450,83.46,0.15,sell,False,2022-11-09T22:51:50.540224+00:00
1286,5395902449,83.91,0.15,sell,False,2022-11-09T22:51:50.540224+00:00
1287,5395902448,84.35,0.15,sell,False,2022-11-09T22:51:50.540224+00:00
1288,5395902447,84.79,0.15,sell,False,2022-11-09T22:51:50.540224+00:00
1289,5395902446,85.23,0.15,sell,False,2022-11-09T22:51:50.540224+00:00
1290,5395902445,85.67,0.15,sell,False,2022-11-09T22:51:50.540224+00:00
1291,5395902444,85.68,1.2,sell,False,2022-11-09T22:51:50.540224+00:00
1292,5395902443,86.12,0.15,sell,False,2022-11-09T22:51:50.540224+00:00
1293,5395902442,86.56,0.15,sell,False,2022-11-09T22:51:50.540224+00:00
1294,5395902331,103.0,0.67,buy,False,2022-11-09T22:51:49.896259+00:00
1295,5395902330,100.46,0.6,buy,False,2022-11-09T22:51:49.896259+00:00
1296,5395902329,99.4,10.62,buy,False,2022-11-09T22:51:49.896259+00:00
1297,5395902328,98.19,0.5,buy,False,2022-11-09T22:51:49.896259+00:00
1298,5395902327,96.95,0.3,buy,False,2022-11-09T22:51:49.896259+00:00
1299,5395902326,95.98,1.74,buy,False,2022-11-09T22:51:49.896259+00:00
1300,5395902325,95.55,0.58,buy,False,2022-11-09T22:51:49.896259+00:00
1301,5395900622,95.0,0.05,buy,False,2022-11-09T22:51:36.593275+00:00
1302,5395897187,89.63,0.22,buy,False,2022-11-09T22:51:15.901954+00:00
1303,5395897186,87.0,0.15,buy,False,2022-11-09T22:51:15.901954+00:00
1304,5395897185,86.56,0.15,buy,False,2022-11-09T22:51:15.901954+00:00
1305,5395897184,86.12,0.15,buy,False,2022-11-09T22:51:15.901954+00:00
1306,5395897183,85.67,0.15,buy,False,2022-11-09T22:51:15.901954+00:00
1307,5395897182,85.23,0.15,buy,False,2022-11-09T22:51:15.901954+00:00
1308,5395897181,85.0,1.0,buy,False,2022-11-09T22:51:15.901954+00:00
1309,5395897180,84.79,0.15,buy,False,2022-11-09T22:51:15.901954+00:00
1310,5395897179,84.35,0.15,buy,False,2022-11-09T22:51:15.901954+00:00
1311,5395897178,84.12,0.16,buy,False,2022-11-09T22:51:15.901954+00:00
1312,5395897177,83.91,0.15,buy,False,2022-11-09T22:51:15.901954+00:00
1313,5395897176,83.46,0.15,buy,False,2022-11-09T22:51:15.901954+00:00
1314,5395897175,83.02,0.15,buy,False,2022-11-09T22:51:15.901954+00:00
1315,5395897174,82.58,0.15,buy,False,2022-11-09T22:51:15.901954+00:00
1316,5395897173,82.14,0.15,buy,False,2022-11-09T22:51:15.901954+00:00
1317,5395897172,82.0,5.35,buy,False,2022-11-09T22:51:15.901954+00:00
1318,5395897171,81.69,0.15,buy,False,2022-11-09T22:51:15.901954+00:00
1319,5395897170,81.25,0.15,buy,False,2022-11-09T22:51:15.901954+00:00
1320,5395897169,80.9,0.04,buy,False,2022-11-09T22:51:15.901954+00:00
1321,5395897168,80.81,0.15,buy,False,2022-11-09T22:51:15.901954+00:00
1322,5395897167,80.75,0.04,buy,False,2022-11-09T22:51:15.901954+00:00
1323,5395897166,80.6,0.04,buy,False,2022-11-09T22:51:15.901954+00:00
1324,5395897165,80.45,0.04,buy,False,2022-11-09T22:51:15.901954+00:00
1325,5395897164,80.37,0.15,buy,False,2022-11-09T22:51:15.901954+00:00
1326,5395897163,80.3,0.04,buy,False,2022-11-09T22:51:15.901954+00:00
1327,5395897162,80.15,0.04,buy,False,2022-11-09T22:51:15.901954+00:00
1328,5395897161,80.0,0.04,buy,False,2022-11-09T22:51:15.901954+00:00
1329,5395897160,79.93,0.15,buy,False,2022-11-09T22:51:15.901954+00:00
1330,5395897159,79.85,0.04,buy,False,2022-11-09T22:51:15.901954+00:00
1331,5395897158,79.7,0.04,buy,False,2022-11-09T22:51:15.901954+00:00
1332,5395897157,79.55,0.04,buy,False,2022-11-09T22:51:15.901954+00:00
1333,5395897156,79.4,0.04,buy,False,2022-11-09T22:51:15.901954+00:00
1334,5395897155,79.25,0.04,buy,False,2022-11-09T22:51:15.901954+00:00
1335,5395886523,79.92,0.04,buy,False,2022-11-09T22:50:04.957079+00:00
1336,5395886450,79.92,0.04,buy,False,2022-11-09T22:50:04.227818+00:00
1337,5395886312,79.92,0.04,buy,False,2022-11-09T22:50:03.514111+00:00
1338,5395886137,79.92,0.04,buy,False,2022-11-09T22:50:02.753382+00:00
1339,5395885969,79.92,0.02,buy,False,2022-11-09T22:50:01.906597+00:00
1340,5395885968,79.48,0.02,buy,False,2022-11-09T22:50:01.906597+00:00
1341,5395885823,79.48,0.04,buy,False,2022-11-09T22:50:00.944704+00:00
1342,5395885673,79.48,0.04,buy,False,2022-11-09T22:50:00.085389+00:00
1343,5395885566,79.48,0.04,buy,False,2022-11-09T22:49:59.270383+00:00
1344,5395885406,79.48,0.01,buy,False,2022-11-09T22:49:58.576687+00:00
1345,5395885405,79.04,0.03,buy,False,2022-11-09T22:49:58.576687+00:00
1346,5395885303,79.04,0.04,buy,False,2022-11-09T22:49:57.945875+00:00
1347,5395885133,79.04,0.04,buy,False,2022-11-09T22:49:57.235801+00:00
1348,5395884976,79.04,0.04,buy,False,2022-11-09T22:49:56.461035+00:00
1349,5395876414,78.16,0.04,sell,False,2022-11-09T22:49:14.656627+00:00
1350,5395876234,78.6,0.04,sell,False,2022-11-09T22:49:13.987832+00:00
1351,5395876098,78.6,0.04,sell,False,2022-11-09T22:49:13.537838+00:00
1352,5395875965,78.6,0.04,sell,False,2022-11-09T22:49:13.176714+00:00
1353,5395875888,78.6,0.03,sell,False,2022-11-09T22:49:12.736616+00:00
1354,5395875887,79.04,0.01,sell,False,2022-11-09T22:49:12.736616+00:00
1355,5395875664,79.04,0.04,sell,False,2022-11-09T22:49:11.673346+00:00
1356,5395875568,79.04,0.04,sell,False,2022-11-09T22:49:11.105993+00:00
1357,5395875444,79.04,0.04,sell,False,2022-11-09T22:49:10.470666+00:00
1358,5395875370,79.04,0.02,sell,False,2022-11-09T22:49:10.058961+00:00
1359,5395875369,79.48,0.02,sell,False,2022-11-09T22:49:10.058961+00:00
1360,5395875267,79.48,0.04,sell,False,2022-11-09T22:49:09.552071+00:00
1361,5395875194,79.48,0.04,sell,False,2022-11-09T22:49:09.149151+00:00
1362,5395875007,79.48,0.04,sell,False,2022-11-09T22:49:08.342350+00:00
1363,5395874864,79.48,0.01,sell,False,2022-11-09T22:49:07.740114+00:00
1364,5395874863,79.93,0.03,sell,False,2022-11-09T22:49:07.740114+00:00
1365,5395874702,79.93,0.04,sell,False,2022-11-09T22:49:07.282857+00:00
1366,5395874575,79.93,0.04,sell,False,2022-11-09T22:49:06.842814+00:00
1367,5395874490,79.93,0.04,sell,False,2022-11-09T22:49:06.399320+00:00
1368,5395874257,79.94,0.04,sell,False,2022-11-09T22:49:05.530500+00:00
1369,5395874136,79.94,0.04,sell,False,2022-11-09T22:49:04.991554+00:00
1370,5395873994,79.94,0.04,sell,False,2022-11-09T22:49:04.548181+00:00
1371,5395873860,79.94,0.04,sell,False,2022-11-09T22:49:04.056698+00:00
1372,5395873714,79.94,0.03,sell,False,2022-11-09T22:49:03.714256+00:00
1373,5395873713,80.37,0.01,sell,False,2022-11-09T22:49:03.714256+00:00
1374,5395873606,80.37,0.04,sell,False,2022-11-09T22:49:03.249506+00:00
1375,5395873500,80.37,0.04,sell,False,2022-11-09T22:49:02.715897+00:00
1376,5395873385,80.37,0.04,sell,False,2022-11-09T22:49:02.239077+00:00
1377,5395873300,80.37,0.02,sell,False,2022-11-09T22:49:01.743340+00:00
1378,5395873299,80.81,0.02,sell,False,2022-11-09T22:49:01.743340+00:00
1379,5395873180,80.81,0.04,sell,False,2022-11-09T22:49:01.142396+00:00
1380,5395873102,80.81,0.04,sell,False,2022-11-09T22:49:00.643689+00:00
1381,5395872961,80.81,0.04,sell,False,2022-11-09T22:49:00.276817+00:00
1382,5395872899,80.81,0.01,sell,False,2022-11-09T22:48:59.918213+00:00
1383,5395872898,81.25,0.03,sell,False,2022-11-09T22:48:59.918213+00:00
1384,5395872782,81.25,0.04,sell,False,2022-11-09T22:48:59.582212+00:00
1385,5395872694,81.25,0.04,sell,False,2022-11-09T22:48:59.077000+00:00
1386,5395872607,81.25,0.04,sell,False,2022-11-09T22:48:58.587717+00:00
1387,5395862507,82.0,4.65,buy,False,2022-11-09T22:48:13.243795+00:00
1388,5395862506,81.69,0.15,buy,False,2022-11-09T22:48:13.243795+00:00
1389,5395862505,81.25,0.15,buy,False,2022-11-09T22:48:13.243795+00:00
1390,5395862504,80.81,0.14,buy,False,2022-11-09T22:48:13.243795+00:00
1391,5395862503,80.75,0.04,buy,False,2022-11-09T22:48:13.243795+00:00
1392,5395862502,80.37,0.15,buy,False,2022-11-09T22:48:13.243795+00:00
1393,5395862501,79.98,0.12,buy,False,2022-11-09T22:48:13.243795+00:00
1394,5395862500,79.93,0.15,buy,False,2022-11-09T22:48:13.243795+00:00
1395,5395862499,79.48,0.15,buy,False,2022-11-09T22:48:13.243795+00:00
1396,5395862498,79.04,0.15,buy,False,2022-11-09T22:48:13.243795+00:00
1397,5395862497,78.6,0.15,buy,False,2022-11-09T22:48:13.243795+00:00
1398,5395862496,78.16,0.15,buy,False,2022-11-09T22:48:13.243795+00:00
1399,5395862495,77.72,0.15,buy,False,2022-11-09T22:48:13.243795+00:00
1400,5395862494,77.27,0.15,buy,False,2022-11-09T22:48:13.243795+00:00
1401,5395862493,76.87,0.08,buy,False,2022-11-09T22:48:13.243795+00:00
1402,5395862492,76.83,0.15,buy,False,2022-11-09T22:48:13.243795+00:00
1403,5395862491,76.39,0.15,buy,False,2022-11-09T22:48:13.243795+00:00
1404,5395862490,75.95,0.15,buy,False,2022-11-09T22:48:13.243795+00:00
1405,5395862489,75.8,0.04,buy,False,2022-11-09T22:48:13.243795+00:00
1406,5395862488,75.65,0.04,buy,False,2022-11-09T22:48:13.243795+00:00
1407,5395862487,75.51,0.15,buy,False,2022-11-09T22:48:13.243795+00:00
1408,5395862486,75.5,0.04,buy,False,2022-11-09T22:48:13.243795+00:00
1409,5395862485,75.35,0.04,buy,False,2022-11-09T22:48:13.243795+00:00
1410,5395862484,75.2,0.04,buy,False,2022-11-09T22:48:13.243795+00:00
1411,5395862483,75.06,0.15,buy,False,2022-11-09T22:48:13.243795+00:00
1412,5395862482,75.05,0.04,buy,False,2022-11-09T22:48:13.243795+00:00
1413,5395860341,75.0,3.87,buy,False,2022-11-09T22:48:02.484609+00:00
