,id,price,size,side,liquidation,time
0,5398462586,19.065,15.67,buy,False,2022-11-10T03:28:11.828107+00:00
1,5398462585,18.403,16.22,buy,False,2022-11-10T03:28:11.828107+00:00
2,5398462584,17.61,22.58,buy,False,2022-11-10T03:28:11.828107+00:00
3,5398462583,17.18,23.17,buy,False,2022-11-10T03:28:11.828107+00:00
4,5398462582,16.68,9.74,buy,False,2022-11-10T03:28:11.828107+00:00
5,5398415309,16.68,2.89,buy,False,2022-11-10T03:22:53.173650+00:00
6,5398301893,14.609,17.98,buy,False,2022-11-10T03:09:35.732012+00:00
7,5398301892,14.135,5.15,buy,False,2022-11-10T03:09:35.732012+00:00
8,5398295249,14.135,12.2,buy,False,2022-11-10T03:09:16.956852+00:00
9,5398295248,13.725,0.8,buy,False,2022-11-10T03:09:16.956852+00:00
10,5398295247,13.233,21.66,buy,False,2022-11-10T03:09:16.956852+00:00
11,5398295246,13.232,2.0,buy,False,2022-11-10T03:09:16.956852+00:00
12,5398295245,12.8,1.24,buy,False,2022-11-10T03:09:16.956852+00:00
13,5397751536,12.8,1.0,buy,False,2022-11-10T01:45:06.228386+00:00
14,5397257029,12.799,16.4,buy,False,2022-11-10T00:48:25.960803+00:00
15,5397257028,12.75,1.0,buy,False,2022-11-10T00:48:25.960803+00:00
16,5397257027,12.7,1.0,buy,False,2022-11-10T00:48:25.960803+00:00
17,5396238924,12.8,0.99,buy,False,2022-11-09T23:16:55.892488+00:00
18,5395484442,10.8,0.2,buy,False,2022-11-09T22:15:12.306504+00:00
19,5395484441,10.6,0.2,buy,False,2022-11-09T22:15:12.306504+00:00
20,5395484440,10.4,0.2,buy,False,2022-11-09T22:15:12.306504+00:00
21,5395484439,10.2,0.2,buy,False,2022-11-09T22:15:12.306504+00:00
22,5395482571,10.0,0.2,buy,False,2022-11-09T22:15:03.607728+00:00
23,5395476346,9.8,0.19,buy,False,2022-11-09T22:14:32.298336+00:00
24,5395476345,9.6,0.2,buy,False,2022-11-09T22:14:32.298336+00:00
25,5395476344,9.4,0.02,buy,False,2022-11-09T22:14:32.298336+00:00
26,5395476174,9.4,0.18,buy,False,2022-11-09T22:14:31.467687+00:00
27,5395476173,9.2,0.2,buy,False,2022-11-09T22:14:31.467687+00:00
28,5395476172,8.6,0.51,buy,False,2022-11-09T22:14:31.467687+00:00
29,5395476171,8.5,0.11,buy,False,2022-11-09T22:14:31.467687+00:00
30,5395476023,8.5,1.0,buy,False,2022-11-09T22:14:30.521333+00:00
31,5395475748,8.5,1.0,buy,False,2022-11-09T22:14:29.526145+00:00
32,5395475384,8.5,1.0,buy,False,2022-11-09T22:14:27.996810+00:00
33,5395474621,8.5,1.0,buy,False,2022-11-09T22:14:24.353968+00:00
34,5395334570,8.2,0.2,sell,False,2022-11-09T22:05:14.342087+00:00
35,5395274235,8.3,0.2,sell,False,2022-11-09T22:01:21.767360+00:00
36,5395263726,8.4,0.2,sell,False,2022-11-09T22:00:40.602207+00:00
37,5395239917,8.5,0.2,sell,False,2022-11-09T21:59:08.031331+00:00
38,5394591635,8.6,0.2,sell,False,2022-11-09T21:23:10.196893+00:00
39,5394445674,8.8,0.2,sell,False,2022-11-09T21:14:33.176014+00:00
40,5394445673,8.9,0.2,sell,False,2022-11-09T21:14:33.176014+00:00
41,5394415534,8.8,0.2,sell,False,2022-11-09T21:12:52.496983+00:00
42,5394222241,9.0,0.2,sell,False,2022-11-09T21:01:02.278485+00:00
43,5393575926,9.442,2.22,sell,True,2022-11-09T20:12:43.112980+00:00
44,5393573981,9.763,2.09,sell,True,2022-11-09T20:12:26.674205+00:00
45,5393573935,10.0,2.0,sell,True,2022-11-09T20:12:25.750724+00:00
46,5393573812,10.11,0.25,sell,True,2022-11-09T20:12:24.811997+00:00
47,5393572316,11.5,0.36,sell,True,2022-11-09T20:12:13.150054+00:00
48,5393572141,11.75,2.15,sell,True,2022-11-09T20:12:10.855106+00:00
49,5392962172,11.754,5.0,sell,False,2022-11-09T19:16:54.796582+00:00
50,5392536113,11.927,28.94,sell,True,2022-11-09T18:46:39.201350+00:00
51,5392526161,11.922,25.99,sell,True,2022-11-09T18:46:06.221232+00:00
52,5392270892,12.036,30.99,sell,True,2022-11-09T18:30:49.170735+00:00
53,5391418639,12.045,24.24,sell,True,2022-11-09T17:37:21.083004+00:00
54,5389481657,12.11,2.78,sell,False,2022-11-09T15:35:51.154609+00:00
55,5388598663,11.75,0.52,sell,False,2022-11-09T14:28:15.281759+00:00
56,5388232430,11.75,2.12,sell,False,2022-11-09T13:52:42.872178+00:00
57,5388232429,11.768,1.41,sell,False,2022-11-09T13:52:42.872178+00:00
58,5388232428,11.768,1.41,sell,False,2022-11-09T13:52:42.872178+00:00
59,5388232427,11.769,1.76,sell,False,2022-11-09T13:52:42.872178+00:00
60,5388232426,11.9,0.14,sell,False,2022-11-09T13:52:42.872178+00:00
61,5388150899,11.9,0.01,sell,False,2022-11-09T13:43:51.294873+00:00
62,5382324716,12.61,0.35,sell,False,2022-11-09T07:15:35.310339+00:00
63,5381744833,13.719,1.27,buy,False,2022-11-09T06:25:59.527642+00:00
64,5380159392,11.978,2.76,buy,False,2022-11-09T04:15:05.171055+00:00
65,5380159304,11.978,1.96,buy,False,2022-11-09T04:15:04.640835+00:00
66,5380159133,11.978,3.75,buy,False,2022-11-09T04:15:03.996245+00:00
67,5380159047,11.978,4.03,buy,False,2022-11-09T04:15:03.426198+00:00
68,5380158931,11.978,4.29,buy,False,2022-11-09T04:15:02.850335+00:00
69,5380158869,11.978,1.34,buy,False,2022-11-09T04:15:02.322880+00:00
70,5380158744,11.978,4.38,buy,False,2022-11-09T04:15:01.780818+00:00
71,5380158654,11.978,3.3,buy,False,2022-11-09T04:15:01.244070+00:00
72,5380158467,11.978,4.96,buy,False,2022-11-09T04:15:00.710982+00:00
73,5380158370,11.978,1.83,buy,False,2022-11-09T04:15:00.172013+00:00
74,5380158273,11.978,2.91,buy,False,2022-11-09T04:14:59.638119+00:00
75,5380158224,11.978,5.2,buy,False,2022-11-09T04:14:59.102383+00:00
76,5380158121,11.978,2.28,buy,False,2022-11-09T04:14:58.570775+00:00
77,5380158036,11.978,3.85,buy,False,2022-11-09T04:14:58.032513+00:00
78,5380157950,11.978,4.71,buy,False,2022-11-09T04:14:57.398194+00:00
79,5380157895,11.978,1.57,buy,False,2022-11-09T04:14:56.866769+00:00
80,5380157839,11.978,3.44,buy,False,2022-11-09T04:14:56.330684+00:00
81,5380157774,11.978,4.51,buy,False,2022-11-09T04:14:55.796590+00:00
82,5380157700,11.978,3.55,buy,False,2022-11-09T04:14:55.264897+00:00
83,5380157616,11.978,5.09,buy,False,2022-11-09T04:14:54.736467+00:00
84,5380157514,11.978,1.46,buy,False,2022-11-09T04:14:54.203061+00:00
85,5380157294,11.978,3.61,buy,False,2022-11-09T04:14:53.665732+00:00
86,5380157213,11.978,4.64,buy,False,2022-11-09T04:14:53.129778+00:00
87,5380157133,11.978,2.34,buy,False,2022-11-09T04:14:52.492670+00:00
88,5380156988,11.978,4.47,buy,False,2022-11-09T04:14:51.966833+00:00
89,5380156936,11.978,3.46,buy,False,2022-11-09T04:14:51.431168+00:00
90,5380156867,11.978,5.07,buy,False,2022-11-09T04:14:50.900643+00:00
91,5380156822,11.978,2.0,buy,False,2022-11-09T04:14:50.364086+00:00
92,5380156748,11.978,2.01,buy,False,2022-11-09T04:14:49.765607+00:00
93,5380156674,11.978,7.46,buy,False,2022-11-09T04:14:49.163716+00:00
94,5380156543,11.978,4.5,buy,False,2022-11-09T04:14:48.598174+00:00
95,5380156443,11.978,2.38,buy,False,2022-11-09T04:14:47.980703+00:00
96,5380156376,11.978,1.77,buy,False,2022-11-09T04:14:47.356950+00:00
97,5380156291,11.978,5.24,buy,False,2022-11-09T04:14:46.827847+00:00
98,5380156216,11.978,2.77,buy,False,2022-11-09T04:14:46.295425+00:00
99,5380156130,11.978,5.53,buy,False,2022-11-09T04:14:45.762341+00:00
100,5380156034,11.978,1.3,buy,False,2022-11-09T04:14:45.231581+00:00
101,5380155946,11.978,4.24,buy,False,2022-11-09T04:14:44.673829+00:00
102,5380155738,11.978,4.69,buy,False,2022-11-09T04:14:44.132839+00:00
103,5380155516,11.978,2.64,buy,False,2022-11-09T04:14:43.581280+00:00
104,5380155382,11.978,5.69,buy,False,2022-11-09T04:14:42.958756+00:00
105,5380155190,11.978,2.08,buy,False,2022-11-09T04:14:42.424739+00:00
106,5380154944,11.978,1.57,buy,False,2022-11-09T04:14:41.896925+00:00
107,5380154801,11.978,4.05,buy,False,2022-11-09T04:14:41.345806+00:00
108,5380154580,11.978,4.57,buy,False,2022-11-09T04:14:40.810976+00:00
109,5380154460,11.978,3.49,buy,False,2022-11-09T04:14:40.275678+00:00
110,5380154403,11.978,5.36,buy,False,2022-11-09T04:14:39.742177+00:00
111,5380154324,11.978,1.65,buy,False,2022-11-09T04:14:39.210947+00:00
112,5380154283,11.978,4.0,buy,False,2022-11-09T04:14:38.682659+00:00
113,5380154176,11.978,4.66,buy,False,2022-11-09T04:14:38.124910+00:00
114,5380154126,11.978,2.54,buy,False,2022-11-09T04:14:37.594882+00:00
115,5380154001,11.978,2.26,buy,False,2022-11-09T04:14:37.057464+00:00
116,5380153952,11.978,2.02,buy,False,2022-11-09T04:14:36.531346+00:00
117,5380153661,11.978,15.06,buy,False,2022-11-09T04:14:33.562778+00:00
118,5380153553,11.978,14.61,buy,False,2022-11-09T04:14:33.030765+00:00
119,5380153402,11.978,4.67,buy,False,2022-11-09T04:14:32.490983+00:00
120,5380153353,11.978,3.31,buy,False,2022-11-09T04:14:31.951665+00:00
121,5380153269,11.978,3.89,buy,False,2022-11-09T04:14:31.329121+00:00
122,5380153223,11.978,4.4,buy,False,2022-11-09T04:14:30.799331+00:00
123,5380153192,11.978,4.65,buy,False,2022-11-09T04:14:30.267358+00:00
124,5380153125,11.978,1.86,buy,False,2022-11-09T04:14:29.639619+00:00
125,5380153053,11.978,3.66,buy,False,2022-11-09T04:14:29.041786+00:00
126,5380153004,11.978,4.97,buy,False,2022-11-09T04:14:28.503479+00:00
127,5380152953,11.978,4.34,buy,False,2022-11-09T04:14:27.965120+00:00
128,5380152878,11.978,4.59,buy,False,2022-11-09T04:14:27.354332+00:00
129,5380152793,11.978,1.11,buy,False,2022-11-09T04:14:26.903199+00:00
130,5380152750,11.978,4.81,buy,False,2022-11-09T04:14:26.369768+00:00
131,5380152670,11.978,3.79,buy,False,2022-11-09T04:14:25.841180+00:00
132,5380152582,11.978,5.25,buy,False,2022-11-09T04:14:25.303215+00:00
133,5380152470,11.978,2.43,buy,False,2022-11-09T04:14:24.769989+00:00
134,5380152236,11.978,2.28,buy,False,2022-11-09T04:14:24.235562+00:00
135,5380152146,11.978,5.01,buy,False,2022-11-09T04:14:23.688102+00:00
136,5380152095,11.978,3.14,buy,False,2022-11-09T04:14:23.152272+00:00
137,5380152045,11.978,5.47,buy,False,2022-11-09T04:14:22.617657+00:00
138,5380151949,11.978,1.4,buy,False,2022-11-09T04:14:22.069629+00:00
139,5380151882,11.978,4.47,buy,False,2022-11-09T04:14:21.535146+00:00
140,5380151758,11.978,4.57,buy,False,2022-11-09T04:14:21.003346+00:00
141,5380151671,11.978,3.59,buy,False,2022-11-09T04:14:20.468003+00:00
142,5380151383,11.978,5.27,buy,False,2022-11-09T04:14:19.932005+00:00
143,5380151201,11.978,2.19,buy,False,2022-11-09T04:14:19.393024+00:00
144,5380151137,11.978,1.54,buy,False,2022-11-09T04:14:18.828216+00:00
145,5380150864,11.978,3.65,buy,False,2022-11-09T04:14:16.823888+00:00
146,5380150726,11.978,15.05,buy,False,2022-11-09T04:14:16.286782+00:00
147,5380150528,11.978,9.78,buy,False,2022-11-09T04:14:15.704701+00:00
148,5380150424,11.978,2.08,buy,False,2022-11-09T04:14:15.168923+00:00
149,5380150353,11.978,3.58,buy,False,2022-11-09T04:14:14.628573+00:00
150,5380150300,11.978,5.54,buy,False,2022-11-09T04:14:14.087035+00:00
151,5380150139,11.978,1.59,buy,False,2022-11-09T04:14:13.556943+00:00
152,5380150056,11.978,5.85,buy,False,2022-11-09T04:14:13.021191+00:00
153,5380149998,11.978,1.96,buy,False,2022-11-09T04:14:12.488290+00:00
154,5380149920,11.978,3.71,buy,False,2022-11-09T04:14:11.949805+00:00
155,5380149818,11.978,4.65,buy,False,2022-11-09T04:14:11.418635+00:00
156,5380149608,11.978,4.96,buy,False,2022-11-09T04:14:10.885015+00:00
157,5380149562,11.978,2.26,buy,False,2022-11-09T04:14:10.354964+00:00
158,5380149465,11.978,1.35,buy,False,2022-11-09T04:14:09.826646+00:00
159,5380149414,11.978,12.65,buy,False,2022-11-09T04:14:09.141046+00:00
160,5380149340,11.978,16.21,buy,False,2022-11-09T04:14:08.604847+00:00
161,5380149263,11.978,18.3,buy,False,2022-11-09T04:14:08.075154+00:00
162,5380149181,11.978,15.66,buy,False,2022-11-09T04:14:07.435892+00:00
163,5380149098,11.978,16.33,buy,False,2022-11-09T04:14:06.899074+00:00
164,5380149083,11.978,46.07,sell,False,2022-11-09T04:14:06.824291+00:00
165,5379865097,13.706,0.23,buy,False,2022-11-09T03:46:05.194259+00:00
166,5378999568,11.978,2.47,sell,False,2022-11-09T02:30:40.027345+00:00
167,5378999567,12.743,1.53,sell,False,2022-11-09T02:30:40.027345+00:00
168,5377331443,11.978,5.0,sell,False,2022-11-08T23:54:47.399776+00:00
169,5376034412,11.975,40.83,sell,False,2022-11-08T22:16:54.425245+00:00
170,5376034411,12.0,0.86,sell,False,2022-11-08T22:16:54.425245+00:00
171,5376034410,12.01,1.0,sell,False,2022-11-08T22:16:54.425245+00:00
172,5376034409,12.022,1.34,sell,False,2022-11-08T22:16:54.425245+00:00
173,5376034408,12.022,1.34,sell,False,2022-11-08T22:16:54.425245+00:00
174,5376034407,12.023,1.42,sell,False,2022-11-08T22:16:54.425245+00:00
175,5376034406,12.024,0.67,sell,False,2022-11-08T22:16:54.425245+00:00
176,5376034405,12.268,1.27,sell,False,2022-11-08T22:16:54.425245+00:00
177,5376034404,12.268,1.27,sell,False,2022-11-08T22:16:54.425245+00:00
178,5374591105,12.96,0.79,buy,False,2022-11-08T20:50:47.697142+00:00
179,5374590035,12.96,0.96,buy,False,2022-11-08T20:50:43.828955+00:00
180,5374567012,12.96,0.79,buy,False,2022-11-08T20:49:34.756065+00:00
181,5374560558,12.96,1.07,buy,False,2022-11-08T20:49:15.819329+00:00
182,5374559068,12.96,0.85,buy,False,2022-11-08T20:49:11.920690+00:00
183,5374558069,12.96,0.8,buy,False,2022-11-08T20:49:08.321964+00:00
184,5374557269,12.96,0.8,buy,False,2022-11-08T20:49:04.725064+00:00
185,5374556098,12.96,0.79,buy,False,2022-11-08T20:49:00.854664+00:00
186,5374546375,12.96,0.86,buy,False,2022-11-08T20:48:27.530619+00:00
187,5373739747,12.6,1.53,sell,False,2022-11-08T20:11:48.195357+00:00
188,5372823849,12.708,1.64,sell,False,2022-11-08T19:42:24.410066+00:00
189,5372804935,12.708,5.7,sell,False,2022-11-08T19:41:48.511010+00:00
190,5372579953,12.599,6.16,sell,False,2022-11-08T19:36:18.796111+00:00
191,5372579706,12.599,14.7,sell,False,2022-11-08T19:36:18.461018+00:00
192,5372138356,12.62,0.71,sell,False,2022-11-08T19:30:10.717628+00:00
193,5372062049,12.586,2.0,sell,False,2022-11-08T19:28:52.487882+00:00
194,5371986734,12.595,15.26,sell,False,2022-11-08T19:27:43.391372+00:00
195,5371981639,12.649,0.84,sell,False,2022-11-08T19:27:36.052130+00:00
196,5371943347,12.476,7.54,sell,False,2022-11-08T19:26:49.236040+00:00
197,5371943054,12.61,15.08,sell,False,2022-11-08T19:26:48.775097+00:00
198,5371501212,12.774,23.67,sell,False,2022-11-08T19:15:55.583995+00:00
199,5371269172,12.754,8.12,sell,False,2022-11-08T19:09:04.933122+00:00
200,5369172597,13.012,1.68,sell,False,2022-11-08T18:10:45.344470+00:00
201,5367094672,13.0,1.02,buy,False,2022-11-08T17:06:57.535137+00:00
202,5367094514,13.0,2.93,buy,False,2022-11-08T17:06:56.996661+00:00
203,5367094242,13.0,3.75,buy,False,2022-11-08T17:06:56.453098+00:00
204,5367094019,13.0,2.35,buy,False,2022-11-08T17:06:55.915705+00:00
205,5367093889,13.0,1.01,buy,False,2022-11-08T17:06:55.385212+00:00
206,5367093122,13.0,9.66,buy,False,2022-11-08T17:06:53.093235+00:00
207,5367093002,13.0,9.89,buy,False,2022-11-08T17:06:52.566333+00:00
208,5367092901,13.0,3.43,buy,False,2022-11-08T17:06:52.025433+00:00
209,5367092658,13.0,1.77,buy,False,2022-11-08T17:06:51.495616+00:00
210,5367092491,13.0,2.83,buy,False,2022-11-08T17:06:50.918685+00:00
211,5367092323,13.0,3.45,buy,False,2022-11-08T17:06:50.386923+00:00
212,5367091908,13.0,3.37,buy,False,2022-11-08T17:06:49.849105+00:00
213,5367091562,13.0,3.4,buy,False,2022-11-08T17:06:49.316092+00:00
214,5367091403,13.0,3.38,buy,False,2022-11-08T17:06:48.703821+00:00
215,5367091184,13.0,1.34,buy,False,2022-11-08T17:06:48.174632+00:00
216,5367091049,13.0,3.72,buy,False,2022-11-08T17:06:47.636666+00:00
217,5367090750,13.0,2.87,buy,False,2022-11-08T17:06:47.104365+00:00
218,5367090534,13.0,3.89,buy,False,2022-11-08T17:06:46.570701+00:00
219,5367090402,13.0,1.07,buy,False,2022-11-08T17:06:46.031927+00:00
220,5367090197,13.0,3.77,buy,False,2022-11-08T17:06:45.495678+00:00
221,5367089977,13.0,3.42,buy,False,2022-11-08T17:06:44.969908+00:00
222,5367089816,13.0,2.8,buy,False,2022-11-08T17:06:44.391198+00:00
223,5367089466,13.0,3.85,buy,False,2022-11-08T17:06:43.851672+00:00
224,5367089138,13.0,2.95,buy,False,2022-11-08T17:06:43.315895+00:00
225,5367088890,13.0,3.87,buy,False,2022-11-08T17:06:42.754631+00:00
226,5367088673,13.0,1.42,buy,False,2022-11-08T17:06:42.195470+00:00
227,5367088494,13.0,3.83,buy,False,2022-11-08T17:06:41.656186+00:00
228,5367088311,13.0,3.1,buy,False,2022-11-08T17:06:41.118193+00:00
229,5367088158,13.0,3.73,buy,False,2022-11-08T17:06:40.582377+00:00
230,5367087994,13.0,1.63,buy,False,2022-11-08T17:06:40.047189+00:00
231,5367087780,13.0,3.12,buy,False,2022-11-08T17:06:39.516078+00:00
232,5367087370,13.0,3.0,buy,False,2022-11-08T17:06:38.977967+00:00
233,5367087122,13.0,3.35,buy,False,2022-11-08T17:06:38.445584+00:00
234,5367086927,13.0,3.8,buy,False,2022-11-08T17:06:37.913691+00:00
235,5367086671,13.0,1.53,buy,False,2022-11-08T17:06:37.373990+00:00
236,5367086354,13.0,2.77,buy,False,2022-11-08T17:06:36.839985+00:00
237,5367086025,13.0,3.92,buy,False,2022-11-08T17:06:36.314975+00:00
238,5367085641,13.0,2.94,buy,False,2022-11-08T17:06:35.682207+00:00
239,5367085307,13.0,3.25,buy,False,2022-11-08T17:06:35.152261+00:00
240,5367085113,13.0,3.76,buy,False,2022-11-08T17:06:34.619275+00:00
241,5367084893,13.0,3.24,buy,False,2022-11-08T17:06:34.086705+00:00
242,5367084380,13.0,1.8,buy,False,2022-11-08T17:06:33.456226+00:00
243,5367084106,13.0,1.76,buy,False,2022-11-08T17:06:32.879776+00:00
244,5367083438,13.0,9.42,buy,False,2022-11-08T17:06:31.518262+00:00
245,5367083266,13.0,3.68,buy,False,2022-11-08T17:06:30.985067+00:00
246,5367082971,13.0,3.36,buy,False,2022-11-08T17:06:30.449866+00:00
247,5367082709,13.0,2.72,buy,False,2022-11-08T17:06:29.912921+00:00
248,5367082420,13.0,3.93,buy,False,2022-11-08T17:06:29.085531+00:00
249,5367082230,13.0,2.78,buy,False,2022-11-08T17:06:28.557929+00:00
250,5367082004,13.0,3.57,buy,False,2022-11-08T17:06:28.017777+00:00
251,5367081411,13.0,3.65,buy,False,2022-11-08T17:06:27.257987+00:00
252,5367081201,13.0,2.84,buy,False,2022-11-08T17:06:26.704215+00:00
253,5367080946,13.0,3.63,buy,False,2022-11-08T17:06:26.077561+00:00
254,5367080727,13.0,3.28,buy,False,2022-11-08T17:06:25.467282+00:00
255,5367080303,13.0,3.83,buy,False,2022-11-08T17:06:24.939106+00:00
256,5367079210,13.0,2.92,buy,False,2022-11-08T17:06:24.400351+00:00
257,5367078922,13.0,3.97,buy,False,2022-11-08T17:06:23.859265+00:00
258,5367078498,13.0,1.33,buy,False,2022-11-08T17:06:23.237803+00:00
259,5367078295,13.0,3.27,buy,False,2022-11-08T17:06:22.702300+00:00
260,5367077872,13.0,1.91,buy,False,2022-11-08T17:06:22.173528+00:00
261,5367077504,13.0,9.49,buy,False,2022-11-08T17:06:21.290480+00:00
262,5367077223,13.0,3.38,buy,False,2022-11-08T17:06:20.662123+00:00
263,5367076546,13.0,3.14,buy,False,2022-11-08T17:06:19.595765+00:00
264,5367076204,13.0,3.72,buy,False,2022-11-08T17:06:18.969083+00:00
265,5367075922,13.0,1.74,buy,False,2022-11-08T17:06:18.432912+00:00
266,5367075689,13.0,1.32,buy,False,2022-11-08T17:06:17.889595+00:00
267,5367075061,13.0,7.37,buy,False,2022-11-08T17:06:16.354472+00:00
268,5367074819,13.0,7.5,buy,False,2022-11-08T17:06:15.816660+00:00
269,5367074524,13.0,3.86,buy,False,2022-11-08T17:06:15.217653+00:00
270,5367074290,13.0,0.81,buy,False,2022-11-08T17:06:14.633781+00:00
271,5367069718,13.0,17.55,buy,False,2022-11-08T17:06:08.236250+00:00
272,5367069203,13.0,15.86,buy,False,2022-11-08T17:06:07.696095+00:00
273,5367068904,13.0,12.98,buy,False,2022-11-08T17:06:07.159293+00:00
274,5367068660,13.0,9.61,buy,False,2022-11-08T17:06:06.556040+00:00
275,5367068491,13.0,3.43,buy,False,2022-11-08T17:06:06.023650+00:00
276,5367068195,13.0,3.26,buy,False,2022-11-08T17:06:05.489664+00:00
277,5367067890,13.0,1.76,buy,False,2022-11-08T17:06:04.954478+00:00
278,5367067538,13.0,2.11,buy,False,2022-11-08T17:06:04.412733+00:00
279,5367067050,13.0,4.3,buy,False,2022-11-08T17:06:03.878757+00:00
280,5367066571,13.0,3.48,buy,False,2022-11-08T17:06:03.287724+00:00
281,5367066362,13.0,3.13,buy,False,2022-11-08T17:06:02.754865+00:00
282,5367066149,13.0,1.33,buy,False,2022-11-08T17:06:02.223954+00:00
283,5367065960,13.0,3.64,buy,False,2022-11-08T17:06:01.689854+00:00
284,5367065778,13.0,2.42,buy,False,2022-11-08T17:06:01.157069+00:00
285,5367065456,13.0,3.5,buy,False,2022-11-08T17:06:00.615166+00:00
286,5367065143,13.0,3.14,buy,False,2022-11-08T17:06:00.085136+00:00
287,5367064860,13.0,1.24,buy,False,2022-11-08T17:05:59.543249+00:00
288,5367064711,13.0,3.24,buy,False,2022-11-08T17:05:59.007171+00:00
289,5367064505,13.0,3.73,buy,False,2022-11-08T17:05:58.471681+00:00
290,5367064361,13.0,3.4,buy,False,2022-11-08T17:05:57.930592+00:00
291,5367064208,13.0,2.9,buy,False,2022-11-08T17:05:57.390636+00:00
292,5367063701,13.0,3.44,buy,False,2022-11-08T17:05:56.852841+00:00
293,5367063430,13.0,1.21,buy,False,2022-11-08T17:05:56.263515+00:00
294,5367063251,13.0,3.11,buy,False,2022-11-08T17:05:55.727762+00:00
295,5367063066,13.0,3.26,buy,False,2022-11-08T17:05:55.185088+00:00
296,5367062848,13.0,2.72,buy,False,2022-11-08T17:05:54.651793+00:00
297,5367062671,13.0,1.21,buy,False,2022-11-08T17:05:54.122934+00:00
298,5367062463,13.0,0.78,buy,False,2022-11-08T17:05:53.594393+00:00
299,5367061623,13.0,10.8,buy,False,2022-11-08T17:05:52.168110+00:00
300,5367061442,13.0,3.57,buy,False,2022-11-08T17:05:51.631902+00:00
301,5367061303,13.0,2.4,buy,False,2022-11-08T17:05:51.099837+00:00
302,5367061157,13.0,1.8,buy,False,2022-11-08T17:05:50.568126+00:00
303,5367060886,13.0,2.62,buy,False,2022-11-08T17:05:50.034916+00:00
304,5367060717,13.0,3.4,buy,False,2022-11-08T17:05:49.498094+00:00
305,5367060517,13.0,3.41,buy,False,2022-11-08T17:05:48.937614+00:00
306,5367060091,13.0,2.75,buy,False,2022-11-08T17:05:48.404936+00:00
307,5367059863,13.0,3.14,buy,False,2022-11-08T17:05:47.770157+00:00
308,5367059665,13.0,3.67,buy,False,2022-11-08T17:05:47.179986+00:00
309,5367059470,13.0,1.48,buy,False,2022-11-08T17:05:46.643902+00:00
310,5367058858,13.0,3.27,buy,False,2022-11-08T17:05:46.105926+00:00
311,5367058427,13.0,3.27,buy,False,2022-11-08T17:05:45.562948+00:00
312,5367058170,13.0,2.84,buy,False,2022-11-08T17:05:45.028811+00:00
313,5367057945,13.0,3.7,buy,False,2022-11-08T17:05:44.498737+00:00
314,5367057765,13.0,1.19,buy,False,2022-11-08T17:05:43.961509+00:00
315,5367057541,13.0,3.04,buy,False,2022-11-08T17:05:43.425719+00:00
316,5367057238,13.0,2.84,buy,False,2022-11-08T17:05:42.832653+00:00
317,5367056944,13.0,3.57,buy,False,2022-11-08T17:05:42.292875+00:00
318,5367056721,13.0,3.19,buy,False,2022-11-08T17:05:41.758204+00:00
319,5367056009,13.0,1.66,buy,False,2022-11-08T17:05:41.229074+00:00
320,5367055084,13.0,1.53,buy,False,2022-11-08T17:05:40.689080+00:00
321,5367054658,13.0,0.94,buy,False,2022-11-08T17:05:39.551701+00:00
322,5367054439,13.0,4.82,buy,False,2022-11-08T17:05:39.015747+00:00
323,5367054158,13.0,6.38,buy,False,2022-11-08T17:05:38.480998+00:00
324,5367053854,13.0,3.67,buy,False,2022-11-08T17:05:37.944244+00:00
325,5367053144,13.0,1.91,buy,False,2022-11-08T17:05:37.401087+00:00
326,5367048325,13.0,16.88,buy,False,2022-11-08T17:05:28.420934+00:00
327,5367047943,13.0,8.84,buy,False,2022-11-08T17:05:27.889122+00:00
328,5367047648,13.0,2.92,buy,False,2022-11-08T17:05:27.295267+00:00
329,5367047224,13.0,17.06,buy,False,2022-11-08T17:05:26.764426+00:00
330,5367046944,13.0,17.6,buy,False,2022-11-08T17:05:26.235153+00:00
331,5367046611,13.0,14.68,buy,False,2022-11-08T17:05:25.616231+00:00
332,5367045931,13.0,9.9,buy,False,2022-11-08T17:05:25.069326+00:00
333,5367045605,13.0,3.65,buy,False,2022-11-08T17:05:24.504696+00:00
334,5367045178,13.0,1.87,buy,False,2022-11-08T17:05:23.902287+00:00
335,5367044797,13.0,1.65,buy,False,2022-11-08T17:05:23.304503+00:00
336,5367043397,13.0,3.36,buy,False,2022-11-08T17:05:21.544483+00:00
337,5367043026,13.0,0.83,buy,False,2022-11-08T17:05:21.051966+00:00
338,5367042820,13.0,11.9,buy,False,2022-11-08T17:05:20.504157+00:00
339,5367042582,13.0,5.79,buy,False,2022-11-08T17:05:19.957216+00:00
340,5367042310,13.0,4.4,buy,False,2022-11-08T17:05:19.416295+00:00
341,5367041967,13.0,1.03,buy,False,2022-11-08T17:05:18.844334+00:00
342,5367039704,13.0,6.09,buy,False,2022-11-08T17:05:15.275380+00:00
343,5367039502,13.0,13.13,buy,False,2022-11-08T17:05:14.736556+00:00
344,5367039364,13.0,5.3,buy,False,2022-11-08T17:05:14.203877+00:00
345,5367039224,13.0,6.43,buy,False,2022-11-08T17:05:13.674702+00:00
346,5367039042,13.0,3.03,buy,False,2022-11-08T17:05:13.095147+00:00
347,5367038806,13.0,0.74,buy,False,2022-11-08T17:05:12.569243+00:00
348,5367038429,13.0,6.04,buy,False,2022-11-08T17:05:11.697249+00:00
349,5367038351,13.0,2.96,buy,False,2022-11-08T17:05:11.421720+00:00
350,5367037892,13.0,3.44,buy,False,2022-11-08T17:05:10.774957+00:00
351,5367036882,13.0,3.04,buy,False,2022-11-08T17:05:10.240348+00:00
352,5367036394,13.0,3.1,buy,False,2022-11-08T17:05:09.701769+00:00
353,5367036130,13.0,3.06,buy,False,2022-11-08T17:05:09.075057+00:00
354,5367035988,13.0,1.61,buy,False,2022-11-08T17:05:08.534004+00:00
355,5367035819,13.0,3.1,buy,False,2022-11-08T17:05:07.997483+00:00
356,5367035680,13.0,3.07,buy,False,2022-11-08T17:05:07.465456+00:00
357,5367035553,13.0,3.25,buy,False,2022-11-08T17:05:06.934108+00:00
358,5367035417,13.0,2.6,buy,False,2022-11-08T17:05:06.397827+00:00
359,5367035254,13.0,3.71,buy,False,2022-11-08T17:05:05.856683+00:00
360,5367035081,13.0,1.34,buy,False,2022-11-08T17:05:05.320438+00:00
361,5367034883,13.0,3.41,buy,False,2022-11-08T17:05:04.701082+00:00
362,5367034661,13.0,1.01,buy,False,2022-11-08T17:05:04.165023+00:00
363,5367034334,13.0,6.4,buy,False,2022-11-08T17:05:03.056128+00:00
364,5367034236,13.0,3.9,buy,False,2022-11-08T17:05:02.530036+00:00
365,5367033973,13.0,1.64,buy,False,2022-11-08T17:05:01.991837+00:00
366,5367033156,13.0,5.75,buy,False,2022-11-08T17:05:00.180816+00:00
367,5367032959,13.0,8.62,buy,False,2022-11-08T17:04:59.638894+00:00
368,5367032800,13.0,2.87,buy,False,2022-11-08T17:04:59.100302+00:00
369,5367032523,13.0,3.94,buy,False,2022-11-08T17:04:58.454888+00:00
370,5367032325,13.0,1.43,buy,False,2022-11-08T17:04:57.791919+00:00
371,5367031439,13.0,1.02,buy,False,2022-11-08T17:04:55.654251+00:00
372,5367031193,13.0,12.65,buy,False,2022-11-08T17:04:54.940537+00:00
373,5367030991,13.0,7.87,buy,False,2022-11-08T17:04:54.405176+00:00
374,5367030816,13.0,2.36,buy,False,2022-11-08T17:04:53.854920+00:00
375,5367030526,13.0,0.81,buy,False,2022-11-08T17:04:53.299685+00:00
376,5367029225,13.0,5.76,buy,False,2022-11-08T17:04:50.557549+00:00
377,5367029057,13.0,3.17,buy,False,2022-11-08T17:04:50.021636+00:00
378,5367028908,13.0,13.16,buy,False,2022-11-08T17:04:49.489190+00:00
379,5367028754,13.0,5.71,buy,False,2022-11-08T17:04:48.950689+00:00
380,5367028544,13.0,2.32,buy,False,2022-11-08T17:04:48.421554+00:00
381,5367028145,13.0,1.1,buy,False,2022-11-08T17:04:47.893840+00:00
382,5367026326,13.0,12.37,buy,False,2022-11-08T17:04:43.780508+00:00
383,5367026069,13.0,13.46,buy,False,2022-11-08T17:04:43.222955+00:00
384,5367025477,13.0,9.71,buy,False,2022-11-08T17:04:42.685344+00:00
385,5367025279,13.0,2.96,buy,False,2022-11-08T17:04:42.139354+00:00
386,5367025144,13.0,1.51,buy,False,2022-11-08T17:04:41.605664+00:00
387,5367024290,13.0,1.14,buy,False,2022-11-08T17:04:39.222109+00:00
388,5367023667,13.0,9.01,buy,False,2022-11-08T17:04:38.068675+00:00
389,5367023423,13.0,3.74,buy,False,2022-11-08T17:04:37.532692+00:00
390,5367023162,13.0,12.22,buy,False,2022-11-08T17:04:36.997702+00:00
391,5367022825,13.0,4.83,buy,False,2022-11-08T17:04:36.468155+00:00
392,5367022028,13.0,2.29,buy,False,2022-11-08T17:04:35.861533+00:00
393,5367021473,13.0,0.88,buy,False,2022-11-08T17:04:35.328939+00:00
394,5367019785,13.0,16.65,buy,False,2022-11-08T17:04:31.874855+00:00
395,5367019436,13.0,6.74,buy,False,2022-11-08T17:04:31.269729+00:00
396,5367018937,13.0,5.28,buy,False,2022-11-08T17:04:30.668651+00:00
397,5367018585,13.0,2.07,buy,False,2022-11-08T17:04:30.127146+00:00
398,5367018396,13.0,0.74,buy,False,2022-11-08T17:04:29.591554+00:00
399,5367017763,13.0,1.25,buy,False,2022-11-08T17:04:28.117350+00:00
400,5367017297,13.0,7.96,buy,False,2022-11-08T17:04:27.381019+00:00
401,5367016775,13.0,9.44,buy,False,2022-11-08T17:04:26.823065+00:00
402,5367016350,13.0,3.18,buy,False,2022-11-08T17:04:26.233690+00:00
403,5367015887,13.0,1.63,buy,False,2022-11-08T17:04:25.392653+00:00
404,5367014896,13.0,17.54,buy,False,2022-11-08T17:04:24.022877+00:00
405,5367014531,13.0,17.86,buy,False,2022-11-08T17:04:23.470758+00:00
406,5367014287,13.0,17.67,buy,False,2022-11-08T17:04:22.938958+00:00
407,5367013923,13.0,15.46,buy,False,2022-11-08T17:04:22.390874+00:00
408,5367013603,13.0,17.75,buy,False,2022-11-08T17:04:21.782593+00:00
409,5366773200,13.475,0.8,buy,False,2022-11-08T16:55:05.890882+00:00
410,5366772905,13.475,0.77,buy,False,2022-11-08T16:55:05.007152+00:00
411,5366772685,13.475,0.85,buy,False,2022-11-08T16:55:04.385156+00:00
412,5366772296,13.475,0.91,buy,False,2022-11-08T16:55:03.496029+00:00
413,5366772067,13.475,0.74,buy,False,2022-11-08T16:55:02.585003+00:00
414,5366771883,13.475,0.74,buy,False,2022-11-08T16:55:02.003526+00:00
415,5366770903,13.475,0.78,buy,False,2022-11-08T16:54:59.590754+00:00
416,5366770541,13.475,0.88,buy,False,2022-11-08T16:54:59.026175+00:00
417,5366769975,13.475,0.77,buy,False,2022-11-08T16:54:58.110455+00:00
418,5366769726,13.475,0.78,buy,False,2022-11-08T16:54:57.485483+00:00
419,5366769604,13.475,0.91,buy,False,2022-11-08T16:54:56.894256+00:00
420,5366769378,13.475,0.74,buy,False,2022-11-08T16:54:56.035612+00:00
421,5366769085,13.475,0.76,buy,False,2022-11-08T16:54:55.421177+00:00
422,5366768836,13.475,0.76,buy,False,2022-11-08T16:54:54.784169+00:00
423,5366768685,13.475,0.77,buy,False,2022-11-08T16:54:54.182865+00:00
424,5366768469,13.475,0.83,buy,False,2022-11-08T16:54:53.644038+00:00
425,5366768276,13.475,0.75,buy,False,2022-11-08T16:54:52.803940+00:00
426,5366768077,13.475,0.79,buy,False,2022-11-08T16:54:52.102807+00:00
427,5366767873,13.475,0.91,buy,False,2022-11-08T16:54:51.492346+00:00
428,5366767649,13.475,0.73,buy,False,2022-11-08T16:54:50.602891+00:00
429,5366767510,13.475,0.75,buy,False,2022-11-08T16:54:50.045319+00:00
430,5366767213,13.475,0.82,buy,False,2022-11-08T16:54:49.493841+00:00
431,5366766952,13.475,0.73,buy,False,2022-11-08T16:54:48.920607+00:00
432,5366766743,13.475,0.82,buy,False,2022-11-08T16:54:48.190715+00:00
433,5366766532,13.475,0.74,buy,False,2022-11-08T16:54:47.323879+00:00
434,5366766309,13.475,0.8,buy,False,2022-11-08T16:54:46.701051+00:00
435,5366766099,13.475,0.91,buy,False,2022-11-08T16:54:46.092296+00:00
436,5366765836,13.475,0.74,buy,False,2022-11-08T16:54:45.228623+00:00
437,5366765691,13.475,0.78,buy,False,2022-11-08T16:54:44.586267+00:00
438,5366765542,13.475,0.79,buy,False,2022-11-08T16:54:44.014957+00:00
439,5366764805,13.475,17.31,buy,False,2022-11-08T16:54:41.855053+00:00
440,5366753956,13.475,0.76,buy,False,2022-11-08T16:54:08.760647+00:00
441,5366753659,13.475,0.85,buy,False,2022-11-08T16:54:08.071268+00:00
442,5366753414,13.475,0.75,buy,False,2022-11-08T16:54:07.262806+00:00
443,5366753233,13.475,0.74,buy,False,2022-11-08T16:54:06.688148+00:00
444,5366752886,13.475,0.79,buy,False,2022-11-08T16:54:05.898184+00:00
445,5366752714,13.475,0.74,buy,False,2022-11-08T16:54:05.307375+00:00
446,5366752473,13.475,0.78,buy,False,2022-11-08T16:54:04.696551+00:00
447,5366752139,13.475,0.73,buy,False,2022-11-08T16:54:04.014288+00:00
448,5366751935,13.475,0.77,buy,False,2022-11-08T16:54:03.284230+00:00
449,5366751658,13.475,0.83,buy,False,2022-11-08T16:54:02.748674+00:00
450,5366751410,13.475,0.8,buy,False,2022-11-08T16:54:01.982158+00:00
451,5366751255,13.475,0.74,buy,False,2022-11-08T16:54:01.272624+00:00
452,5366751013,13.475,0.73,buy,False,2022-11-08T16:54:00.507690+00:00
453,5366750627,13.475,0.78,buy,False,2022-11-08T16:53:59.924114+00:00
454,5366750382,13.475,0.76,buy,False,2022-11-08T16:53:59.356788+00:00
455,5366750098,13.475,0.73,buy,False,2022-11-08T16:53:58.705762+00:00
456,5366749943,13.475,0.84,buy,False,2022-11-08T16:53:58.076271+00:00
457,5366749625,13.475,0.73,buy,False,2022-11-08T16:53:57.199168+00:00
458,5366749293,13.475,0.76,buy,False,2022-11-08T16:53:56.605810+00:00
459,5366748600,13.475,0.85,buy,False,2022-11-08T16:53:55.995639+00:00
460,5366748164,13.475,0.79,buy,False,2022-11-08T16:53:55.385890+00:00
461,5366747934,13.475,0.75,buy,False,2022-11-08T16:53:54.628953+00:00
462,5366747721,13.475,0.79,buy,False,2022-11-08T16:53:53.901938+00:00
463,5366747574,13.475,0.93,buy,False,2022-11-08T16:53:53.278765+00:00
464,5366747350,13.475,0.74,buy,False,2022-11-08T16:53:52.383913+00:00
465,5366747149,13.475,0.73,buy,False,2022-11-08T16:53:51.834478+00:00
466,5366747003,13.475,0.75,buy,False,2022-11-08T16:53:51.185648+00:00
467,5366746793,13.475,0.75,buy,False,2022-11-08T16:53:50.612592+00:00
468,5366746518,13.475,0.73,buy,False,2022-11-08T16:53:49.983083+00:00
469,5366746341,13.475,0.86,buy,False,2022-11-08T16:53:49.415437+00:00
470,5366745906,13.475,0.76,buy,False,2022-11-08T16:53:48.565779+00:00
471,5366745715,13.475,0.8,buy,False,2022-11-08T16:53:47.891219+00:00
472,5366745546,13.475,0.77,buy,False,2022-11-08T16:53:47.291681+00:00
473,5366745393,13.475,0.76,buy,False,2022-11-08T16:53:46.754997+00:00
474,5366745278,13.475,0.74,buy,False,2022-11-08T16:53:46.220613+00:00
475,5366744971,13.475,0.74,buy,False,2022-11-08T16:53:45.230577+00:00
476,5366744764,13.475,0.79,buy,False,2022-11-08T16:53:44.620161+00:00
477,5366744642,13.475,0.74,buy,False,2022-11-08T16:53:44.014014+00:00
478,5366744526,13.475,0.85,buy,False,2022-11-08T16:53:43.432192+00:00
479,5366744326,13.475,0.74,buy,False,2022-11-08T16:53:42.572564+00:00
480,5366744073,13.475,0.76,buy,False,2022-11-08T16:53:41.961249+00:00
481,5366743901,13.475,0.77,buy,False,2022-11-08T16:53:41.312657+00:00
482,5366743718,13.475,0.82,buy,False,2022-11-08T16:53:40.774848+00:00
483,5366743620,13.475,0.77,buy,False,2022-11-08T16:53:40.234751+00:00
484,5366743338,13.475,0.75,buy,False,2022-11-08T16:53:39.307973+00:00
485,5366743110,13.475,0.74,buy,False,2022-11-08T16:53:38.588530+00:00
486,5366742922,13.475,0.78,buy,False,2022-11-08T16:53:38.005688+00:00
487,5366742770,13.475,0.79,buy,False,2022-11-08T16:53:37.390244+00:00
488,5366742585,13.475,0.77,buy,False,2022-11-08T16:53:36.796643+00:00
489,5366742394,13.475,0.73,buy,False,2022-11-08T16:53:36.207453+00:00
490,5366742159,13.475,0.74,buy,False,2022-11-08T16:53:35.283273+00:00
491,5366741974,13.475,0.79,buy,False,2022-11-08T16:53:34.711110+00:00
492,5366741839,13.475,0.76,buy,False,2022-11-08T16:53:34.093376+00:00
493,5366741611,13.475,1.22,buy,False,2022-11-08T16:53:33.015458+00:00
494,5366741444,13.475,0.74,buy,False,2022-11-08T16:53:32.464095+00:00
495,5366741206,13.475,0.76,buy,False,2022-11-08T16:53:31.700681+00:00
496,5366741106,13.475,0.89,buy,False,2022-11-08T16:53:31.100374+00:00
497,5366740848,13.475,0.78,buy,False,2022-11-08T16:53:30.504069+00:00
498,5366740377,13.475,0.74,buy,False,2022-11-08T16:53:29.192628+00:00
499,5366740177,13.475,0.85,buy,False,2022-11-08T16:53:28.656629+00:00
500,5366740037,13.475,0.93,buy,False,2022-11-08T16:53:28.119273+00:00
501,5366739852,13.475,0.75,buy,False,2022-11-08T16:53:27.510823+00:00
502,5366739560,13.475,0.83,buy,False,2022-11-08T16:53:26.904684+00:00
503,5366739330,13.475,0.83,buy,False,2022-11-08T16:53:26.277089+00:00
504,5366739097,13.475,0.86,buy,False,2022-11-08T16:53:25.340655+00:00
505,5366738580,13.475,0.73,buy,False,2022-11-08T16:53:24.802673+00:00
506,5366738009,13.475,0.78,buy,False,2022-11-08T16:53:24.188090+00:00
507,5366737784,13.475,0.84,buy,False,2022-11-08T16:53:23.590800+00:00
508,5366737228,13.475,0.74,buy,False,2022-11-08T16:53:22.687218+00:00
509,5366737125,13.475,0.73,buy,False,2022-11-08T16:53:22.114303+00:00
510,5366736975,13.475,0.75,buy,False,2022-11-08T16:53:21.526752+00:00
511,5366736838,13.475,0.93,buy,False,2022-11-08T16:53:20.888664+00:00
512,5366736587,13.475,0.74,buy,False,2022-11-08T16:53:20.129777+00:00
513,5366736378,13.475,0.77,buy,False,2022-11-08T16:53:19.400372+00:00
514,5366736102,13.475,0.76,buy,False,2022-11-08T16:53:18.850870+00:00
515,5366735894,13.475,0.81,buy,False,2022-11-08T16:53:18.189199+00:00
516,5366735747,13.475,0.78,buy,False,2022-11-08T16:53:17.592800+00:00
517,5366735584,13.475,0.74,buy,False,2022-11-08T16:53:16.783877+00:00
518,5366735437,13.475,0.75,buy,False,2022-11-08T16:53:16.136685+00:00
519,5366735308,13.475,0.84,buy,False,2022-11-08T16:53:15.520276+00:00
520,5366735198,13.475,0.85,buy,False,2022-11-08T16:53:14.936374+00:00
521,5366734899,13.475,0.77,buy,False,2022-11-08T16:53:14.065031+00:00
522,5366734768,13.475,0.76,buy,False,2022-11-08T16:53:13.403120+00:00
523,5366734668,13.475,0.78,buy,False,2022-11-08T16:53:12.832203+00:00
524,5366734527,13.475,0.78,buy,False,2022-11-08T16:53:12.296575+00:00
525,5366734418,13.475,0.76,buy,False,2022-11-08T16:53:11.676523+00:00
526,5366734228,13.475,0.74,buy,False,2022-11-08T16:53:10.707448+00:00
527,5366734107,13.475,0.79,buy,False,2022-11-08T16:53:10.125717+00:00
528,5366733855,13.475,0.92,buy,False,2022-11-08T16:53:09.470014+00:00
529,5366733567,13.475,0.73,buy,False,2022-11-08T16:53:08.787330+00:00
530,5366733087,13.475,0.74,buy,False,2022-11-08T16:53:08.014815+00:00
531,5366732945,13.475,0.77,buy,False,2022-11-08T16:53:07.470682+00:00
532,5366732739,13.475,0.79,buy,False,2022-11-08T16:53:06.785913+00:00
533,5366732602,13.475,0.86,buy,False,2022-11-08T16:53:06.187678+00:00
534,5366732306,13.475,0.75,buy,False,2022-11-08T16:53:05.603127+00:00
535,5366732113,13.475,0.74,buy,False,2022-11-08T16:53:04.678914+00:00
536,5366731839,13.475,0.74,buy,False,2022-11-08T16:53:04.094906+00:00
537,5366731698,13.475,0.73,buy,False,2022-11-08T16:53:03.480616+00:00
538,5366731555,13.475,0.83,buy,False,2022-11-08T16:53:02.882650+00:00
539,5366731318,13.475,0.76,buy,False,2022-11-08T16:53:02.137709+00:00
540,5366731173,13.475,0.77,buy,False,2022-11-08T16:53:01.453248+00:00
541,5366731028,13.475,0.93,buy,False,2022-11-08T16:53:00.791281+00:00
542,5366730795,13.475,0.73,buy,False,2022-11-08T16:53:00.065681+00:00
543,5366730620,13.475,0.73,buy,False,2022-11-08T16:52:59.374668+00:00
544,5366730445,13.475,0.77,buy,False,2022-11-08T16:52:58.696081+00:00
545,5366730361,13.475,0.76,buy,False,2022-11-08T16:52:58.127340+00:00
546,5366730242,13.475,0.83,buy,False,2022-11-08T16:52:57.566873+00:00
547,5366730151,13.475,0.74,buy,False,2022-11-08T16:52:57.026646+00:00
548,5366729995,13.475,0.79,buy,False,2022-11-08T16:52:56.177238+00:00
549,5366729868,13.475,0.8,buy,False,2022-11-08T16:52:55.624110+00:00
550,5366729658,13.475,0.76,buy,False,2022-11-08T16:52:55.083850+00:00
551,5366729519,13.475,0.84,buy,False,2022-11-08T16:52:54.515623+00:00
552,5366729329,13.475,0.8,buy,False,2022-11-08T16:52:53.921009+00:00
553,5366729178,13.475,0.81,buy,False,2022-11-08T16:52:53.136355+00:00
554,5366729059,13.475,0.84,buy,False,2022-11-08T16:52:52.396716+00:00
555,5366728912,13.475,0.74,buy,False,2022-11-08T16:52:51.644065+00:00
556,5366728721,13.475,0.75,buy,False,2022-11-08T16:52:50.887803+00:00
557,5366728621,13.475,0.74,buy,False,2022-11-08T16:52:50.284240+00:00
558,5366728459,13.475,0.84,buy,False,2022-11-08T16:52:49.681475+00:00
559,5366728253,13.475,0.74,buy,False,2022-11-08T16:52:48.907694+00:00
560,5366728012,13.475,0.73,buy,False,2022-11-08T16:52:48.240694+00:00
561,5366727853,13.475,0.77,buy,False,2022-11-08T16:52:47.596698+00:00
562,5366727700,13.475,0.9,buy,False,2022-11-08T16:52:47.015612+00:00
563,5366727528,13.475,0.77,buy,False,2022-11-08T16:52:46.239851+00:00
564,5366727346,13.475,0.76,buy,False,2022-11-08T16:52:45.513054+00:00
565,5366726928,13.475,0.85,buy,False,2022-11-08T16:52:44.897790+00:00
566,5366726740,13.475,0.76,buy,False,2022-11-08T16:52:44.034730+00:00
567,5366726629,13.475,0.73,buy,False,2022-11-08T16:52:43.401896+00:00
568,5366726436,13.475,0.89,buy,False,2022-11-08T16:52:42.825110+00:00
569,5366726267,13.475,0.76,buy,False,2022-11-08T16:52:42.186396+00:00
570,5366726092,13.475,0.95,buy,False,2022-11-08T16:52:41.642781+00:00
571,5366725875,13.475,0.75,buy,False,2022-11-08T16:52:41.053662+00:00
572,5366725723,13.475,0.76,buy,False,2022-11-08T16:52:40.419031+00:00
573,5366725377,13.475,3.24,buy,False,2022-11-08T16:52:38.809239+00:00
574,5366725334,13.475,0.79,buy,False,2022-11-08T16:52:38.657871+00:00
575,5366725197,13.475,0.79,buy,False,2022-11-08T16:52:37.708950+00:00
576,5366724936,13.475,0.81,buy,False,2022-11-08T16:52:36.810069+00:00
577,5366724726,13.475,1.07,buy,False,2022-11-08T16:52:36.173122+00:00
578,5366724580,13.475,0.74,buy,False,2022-11-08T16:52:35.590246+00:00
579,5366724388,13.475,0.74,buy,False,2022-11-08T16:52:34.714710+00:00
580,5366724149,13.475,0.73,buy,False,2022-11-08T16:52:33.785124+00:00
581,5366723948,13.475,0.75,buy,False,2022-11-08T16:52:33.024501+00:00
582,5366723538,13.475,0.79,buy,False,2022-11-08T16:52:31.989672+00:00
583,5366723336,13.475,0.77,buy,False,2022-11-08T16:52:31.093995+00:00
584,5366723037,13.475,0.76,buy,False,2022-11-08T16:52:29.977620+00:00
585,5366722697,13.475,0.76,buy,False,2022-11-08T16:52:29.059459+00:00
586,5366722521,13.475,0.87,buy,False,2022-11-08T16:52:28.097528+00:00
587,5366722239,13.475,0.74,buy,False,2022-11-08T16:52:27.070041+00:00
588,5366715489,13.475,16.11,buy,False,2022-11-08T16:52:06.798011+00:00
589,5366715470,13.506,28.0,sell,False,2022-11-08T16:52:06.738074+00:00
590,5366014813,13.299,20.59,sell,False,2022-11-08T16:28:55.369153+00:00
591,5366014812,13.414,26.17,sell,False,2022-11-08T16:28:55.369153+00:00
592,5364234460,12.931,0.35,buy,False,2022-11-08T15:25:27.212010+00:00
593,5364234015,12.931,0.9,buy,False,2022-11-08T15:25:26.312198+00:00
594,5364233757,12.931,0.83,buy,False,2022-11-08T15:25:25.781792+00:00
595,5364233671,12.931,0.8,buy,False,2022-11-08T15:25:25.249336+00:00
596,5364233140,12.931,0.78,buy,False,2022-11-08T15:25:23.290230+00:00
597,5364233034,12.931,0.78,buy,False,2022-11-08T15:25:22.646780+00:00
598,5364232881,12.931,0.78,buy,False,2022-11-08T15:25:22.102794+00:00
599,5364232744,12.931,0.79,buy,False,2022-11-08T15:25:21.461859+00:00
600,5364232626,12.931,0.78,buy,False,2022-11-08T15:25:20.902246+00:00
601,5364232568,12.931,0.78,buy,False,2022-11-08T15:25:20.362929+00:00
602,5364232436,12.931,0.8,buy,False,2022-11-08T15:25:19.798328+00:00
603,5364232356,12.931,0.8,buy,False,2022-11-08T15:25:19.264168+00:00
604,5364232234,12.931,0.78,buy,False,2022-11-08T15:25:18.689698+00:00
605,5364232150,12.931,0.77,buy,False,2022-11-08T15:25:18.144067+00:00
606,5364232003,12.931,0.77,buy,False,2022-11-08T15:25:17.381764+00:00
607,5364231786,12.931,0.77,buy,False,2022-11-08T15:25:16.793670+00:00
608,5364231490,12.931,0.77,buy,False,2022-11-08T15:25:15.962062+00:00
609,5364228585,12.931,0.77,buy,False,2022-11-08T15:25:06.202589+00:00
610,5363516790,13.054,0.01,sell,False,2022-11-08T14:43:16.073955+00:00
611,5363516700,13.054,0.01,sell,False,2022-11-08T14:43:15.749311+00:00
612,5363514583,13.054,0.01,sell,False,2022-11-08T14:43:09.362933+00:00
613,5363514331,13.054,0.03,sell,False,2022-11-08T14:43:08.733828+00:00
614,5363514177,13.054,0.06,sell,False,2022-11-08T14:43:08.369304+00:00
615,5363514004,13.054,0.11,sell,False,2022-11-08T14:43:07.924340+00:00
616,5363513875,13.054,0.23,sell,False,2022-11-08T14:43:07.620754+00:00
617,5363513796,13.054,0.45,sell,False,2022-11-08T14:43:07.311874+00:00
618,5358573516,12.296,3.22,sell,False,2022-11-08T06:49:10.752008+00:00
619,5358573515,12.297,1.35,sell,False,2022-11-08T06:49:10.752008+00:00
620,5358573514,12.301,8.12,sell,False,2022-11-08T06:49:10.752008+00:00
621,5358573513,13.006,1.49,sell,False,2022-11-08T06:49:10.752008+00:00
622,5357494166,12.409,57.7,sell,False,2022-11-08T05:41:34.921969+00:00
623,5357446450,13.089,0.23,sell,False,2022-11-08T05:39:09.973790+00:00
624,5357446449,13.089,0.23,sell,False,2022-11-08T05:39:09.918591+00:00
625,5355938684,12.4,10.04,buy,False,2022-11-08T04:31:02.701886+00:00
626,5355938435,12.4,9.4,buy,False,2022-11-08T04:31:02.164655+00:00
627,5355938145,12.4,2.0,buy,False,2022-11-08T04:31:01.800547+00:00
628,5355937719,12.4,3.87,buy,False,2022-11-08T04:31:01.261357+00:00
629,5355937341,12.4,5.21,buy,False,2022-11-08T04:31:00.639270+00:00
630,5355937110,12.4,4.11,buy,False,2022-11-08T04:31:00.106910+00:00
631,5355936988,12.4,5.44,buy,False,2022-11-08T04:30:59.569350+00:00
632,5355936833,12.4,1.98,buy,False,2022-11-08T04:30:59.034992+00:00
633,5355936563,12.4,15.53,buy,False,2022-11-08T04:30:58.500054+00:00
634,5355936420,12.4,16.56,buy,False,2022-11-08T04:30:57.893040+00:00
635,5355936266,12.4,16.06,buy,False,2022-11-08T04:30:57.360539+00:00
636,5355936114,12.4,16.46,buy,False,2022-11-08T04:30:56.823957+00:00
637,5355935989,12.4,15.34,buy,False,2022-11-08T04:30:56.289057+00:00
638,5355935975,12.429,44.84,sell,False,2022-11-08T04:30:56.202115+00:00
639,5355935974,12.5,7.92,sell,False,2022-11-08T04:30:56.202115+00:00
640,5353229315,12.5,2.08,sell,False,2022-11-08T02:52:10.604778+00:00
641,5353229314,12.508,1.21,sell,False,2022-11-08T02:52:10.604778+00:00
642,5353229313,12.508,1.21,sell,False,2022-11-08T02:52:10.604778+00:00
643,5353229312,12.51,0.5,sell,False,2022-11-08T02:52:10.604778+00:00
644,5352966692,12.513,2.68,buy,False,2022-11-08T02:21:17.321181+00:00
645,5352966657,12.513,16.26,buy,False,2022-11-08T02:21:16.790287+00:00
646,5352966620,12.513,16.84,buy,False,2022-11-08T02:21:16.265098+00:00
647,5352966609,12.513,43.59,sell,False,2022-11-08T02:21:16.192922+00:00
648,5352966608,12.562,0.75,sell,False,2022-11-08T02:21:16.192922+00:00
649,5352966607,13.324,0.89,sell,False,2022-11-08T02:21:16.192922+00:00
650,5349446933,13.518,9.0,buy,False,2022-11-07T19:54:54.453339+00:00
651,5348025300,13.1,0.01,sell,False,2022-11-07T16:40:27.882488+00:00
652,5348025248,13.1,0.01,sell,False,2022-11-07T16:40:27.438007+00:00
653,5348025214,13.1,0.01,sell,False,2022-11-07T16:40:27.081089+00:00
654,5348025145,13.1,0.01,sell,False,2022-11-07T16:40:26.823630+00:00
655,5348024888,13.1,0.01,sell,False,2022-11-07T16:40:25.429559+00:00
656,5348024750,13.1,0.01,sell,False,2022-11-07T16:40:23.926786+00:00
657,5348024695,13.1,0.01,sell,False,2022-11-07T16:40:23.164689+00:00
658,5348024666,13.1,0.01,sell,False,2022-11-07T16:40:22.829155+00:00
659,5348024323,13.1,0.01,sell,False,2022-11-07T16:40:21.539838+00:00
660,5348024007,13.1,0.02,sell,False,2022-11-07T16:40:21.009037+00:00
661,5348023967,13.1,0.02,sell,False,2022-11-07T16:40:20.661392+00:00
662,5348023901,13.1,0.03,sell,False,2022-11-07T16:40:19.948437+00:00
663,5348023870,13.1,0.04,sell,False,2022-11-07T16:40:19.312063+00:00
664,5348023847,13.1,0.05,sell,False,2022-11-07T16:40:18.928272+00:00
665,5347260483,13.359,5.52,buy,False,2022-11-07T15:30:47.708822+00:00
666,5346770322,13.83,0.25,sell,False,2022-11-07T14:42:54.874616+00:00
667,5346694031,13.831,14.4,sell,False,2022-11-07T14:36:49.415568+00:00
668,5345177711,13.83,3.36,sell,False,2022-11-07T11:25:06.990389+00:00
669,5343875008,13.832,0.81,buy,False,2022-11-07T08:30:11.297343+00:00
670,5343874954,13.832,0.8,buy,False,2022-11-07T08:30:10.753218+00:00
671,5343874889,13.832,0.89,buy,False,2022-11-07T08:30:10.204511+00:00
672,5343874812,13.832,0.8,buy,False,2022-11-07T08:30:09.668037+00:00
673,5343874769,13.832,0.88,buy,False,2022-11-07T08:30:09.125556+00:00
674,5343874694,13.832,0.82,buy,False,2022-11-07T08:30:08.586534+00:00
675,5343874579,13.832,0.77,buy,False,2022-11-07T08:30:08.051064+00:00
676,5343874499,13.832,0.79,buy,False,2022-11-07T08:30:07.509206+00:00
677,5343874212,13.832,0.77,buy,False,2022-11-07T08:30:06.972506+00:00
678,5343874118,13.832,0.8,buy,False,2022-11-07T08:30:06.436443+00:00
679,5343873930,13.832,0.75,buy,False,2022-11-07T08:30:05.887315+00:00
680,5343873818,13.832,0.72,buy,False,2022-11-07T08:30:05.357110+00:00
681,5343873692,13.832,0.74,buy,False,2022-11-07T08:30:04.797258+00:00
682,5343873503,13.832,0.72,buy,False,2022-11-07T08:30:04.168719+00:00
683,5342610438,12.562,0.53,sell,False,2022-11-07T06:32:02.204221+00:00
684,5342610437,12.684,1.1,sell,False,2022-11-07T06:32:02.204221+00:00
685,5342610436,12.7,0.78,sell,False,2022-11-07T06:32:02.204221+00:00
686,5342610435,12.74,1.16,sell,False,2022-11-07T06:32:02.204221+00:00
687,5342610434,12.74,1.16,sell,False,2022-11-07T06:32:02.204221+00:00
688,5342610433,12.82,1.22,sell,False,2022-11-07T06:32:02.204221+00:00
689,5342610432,12.888,1.05,sell,False,2022-11-07T06:32:02.204221+00:00
690,5342610431,12.966,1.1,sell,False,2022-11-07T06:32:02.204221+00:00
691,5342610430,12.966,1.1,sell,False,2022-11-07T06:32:02.204221+00:00
692,5342610429,13.035,20.29,sell,False,2022-11-07T06:32:02.204221+00:00
693,5342549036,13.035,14.4,sell,False,2022-11-07T06:22:58.018159+00:00
694,5342549035,13.036,5.07,sell,False,2022-11-07T06:22:58.018159+00:00
695,5342549034,13.087,0.53,sell,False,2022-11-07T06:22:58.018159+00:00
696,5337442662,13.087,0.47,sell,False,2022-11-06T19:13:47.209795+00:00
697,5337326172,13.088,0.91,sell,False,2022-11-06T18:55:45.806674+00:00
698,5337326171,13.28,0.96,sell,False,2022-11-06T18:55:45.806674+00:00
699,5337326170,13.467,0.92,sell,False,2022-11-06T18:55:45.806674+00:00
700,5337324579,14.348,2.79,buy,False,2022-11-06T18:55:35.173707+00:00
701,5337311932,13.468,0.15,sell,False,2022-11-06T18:54:03.636696+00:00
702,5337311931,13.468,0.53,sell,False,2022-11-06T18:54:03.636696+00:00
703,5337311930,13.649,0.88,sell,False,2022-11-06T18:54:03.636696+00:00
704,5337311929,13.825,0.36,sell,False,2022-11-06T18:54:03.636696+00:00
705,5337311928,13.825,0.84,sell,False,2022-11-06T18:54:03.636696+00:00
706,5337310842,14.53,2.76,buy,False,2022-11-06T18:53:55.477141+00:00
707,5336221631,13.997,0.81,sell,False,2022-11-06T16:23:30.753044+00:00
708,5336221380,13.036,0.15,sell,False,2022-11-06T16:23:30.226685+00:00
709,5336221378,14.163,0.63,sell,False,2022-11-06T16:23:30.216245+00:00
710,5336221377,14.163,0.15,sell,False,2022-11-06T16:23:30.195839+00:00
711,5336220811,14.324,0.75,sell,False,2022-11-06T16:23:25.040828+00:00
712,5336220761,13.036,0.08,sell,False,2022-11-06T16:23:24.580874+00:00
713,5336220755,14.481,0.44,sell,False,2022-11-06T16:23:24.506819+00:00
714,5336220733,14.481,0.14,sell,False,2022-11-06T16:23:24.362617+00:00
715,5336220723,14.481,0.14,sell,False,2022-11-06T16:23:24.315806+00:00
716,5336220692,14.634,0.56,sell,False,2022-11-06T16:23:23.975326+00:00
717,5336220691,14.634,0.13,sell,False,2022-11-06T16:23:23.972914+00:00
718,5336217972,14.775,0.68,buy,False,2022-11-06T16:23:12.008329+00:00
719,5336176928,13.035,25.97,sell,False,2022-11-06T16:19:34.409933+00:00
720,5336176927,13.07,1.16,sell,False,2022-11-06T16:19:34.409933+00:00
721,5336176926,13.185,1.05,sell,False,2022-11-06T16:19:34.409933+00:00
722,5336176925,13.185,1.05,sell,False,2022-11-06T16:19:34.409933+00:00
723,5336176924,13.264,3.0,sell,False,2022-11-06T16:19:34.409933+00:00
724,5336176923,13.313,1.11,sell,False,2022-11-06T16:19:34.409933+00:00
725,5336176922,13.314,7.19,sell,False,2022-11-06T16:19:34.409933+00:00
726,5336176921,13.398,1.01,sell,False,2022-11-06T16:19:34.409933+00:00
727,5336176920,13.398,1.01,sell,False,2022-11-06T16:19:34.409933+00:00
728,5336176919,13.5,0.74,sell,False,2022-11-06T16:19:34.409933+00:00
729,5334173503,13.501,9.23,sell,False,2022-11-06T12:04:45.504873+00:00
730,5334173502,13.83,0.87,sell,False,2022-11-06T12:04:45.504873+00:00
731,5334092151,14.775,10.1,buy,False,2022-11-06T11:51:08.979131+00:00
732,5334035732,13.83,1.23,sell,False,2022-11-06T11:42:31.365282+00:00
733,5326963528,13.5,0.22,sell,False,2022-11-05T16:07:05.708669+00:00
734,5325568463,13.501,4.63,sell,False,2022-11-05T13:06:23.769119+00:00
735,5325568462,13.887,0.9,sell,False,2022-11-05T13:06:23.769119+00:00
736,5324404307,13.501,6.53,sell,False,2022-11-05T09:57:07.852945+00:00
737,5324404306,13.885,1.44,sell,False,2022-11-05T09:57:07.852945+00:00
738,5323601274,14.835,0.21,buy,False,2022-11-05T08:00:36.927538+00:00
739,5323601273,13.981,0.01,buy,False,2022-11-05T08:00:36.927538+00:00
740,5323199567,14.835,12.48,buy,False,2022-11-05T06:44:28.181873+00:00
741,5323199566,14.606,1.92,buy,False,2022-11-05T06:44:28.181873+00:00
742,5322893760,14.606,5.28,buy,False,2022-11-05T05:53:12.303864+00:00
743,5322893759,14.605,2.69,buy,False,2022-11-05T05:53:12.303864+00:00
744,5320001398,13.501,2.69,sell,False,2022-11-04T23:27:15.293924+00:00
745,5320001397,13.881,0.91,sell,False,2022-11-04T23:27:15.293924+00:00
746,5319940231,14.606,1.34,buy,False,2022-11-04T23:16:12.216635+00:00
747,5319404472,14.606,0.04,buy,False,2022-11-04T21:47:50.403990+00:00
748,5317445877,13.6,2.49,sell,False,2022-11-04T17:13:43.412681+00:00
749,5317445557,13.6,2.16,sell,False,2022-11-04T17:13:40.127313+00:00
750,5317445317,13.6,2.0,sell,False,2022-11-04T17:13:37.101721+00:00
751,5317444781,13.6,1.33,sell,False,2022-11-04T17:13:35.017690+00:00
752,5317444680,13.6,0.79,sell,False,2022-11-04T17:13:33.821367+00:00
753,5317444563,13.6,0.76,sell,False,2022-11-04T17:13:32.586542+00:00
754,5317444157,13.6,0.74,sell,False,2022-11-04T17:13:29.730439+00:00
755,5317444111,13.6,0.77,sell,False,2022-11-04T17:13:29.181324+00:00
756,5317444080,13.6,0.82,sell,False,2022-11-04T17:13:28.644559+00:00
757,5317444048,13.6,0.78,sell,False,2022-11-04T17:13:28.112300+00:00
758,5317443929,13.6,0.91,sell,False,2022-11-04T17:13:26.622034+00:00
759,5317443898,13.6,0.9,sell,False,2022-11-04T17:13:26.083046+00:00
760,5317443226,13.6,3.05,sell,False,2022-11-04T17:13:20.602783+00:00
761,5317442243,13.6,6.21,sell,False,2022-11-04T17:13:12.810130+00:00
762,5317441639,13.6,5.41,sell,False,2022-11-04T17:13:07.103306+00:00
763,5317441580,13.6,2.26,sell,False,2022-11-04T17:13:06.554618+00:00
764,5317441521,13.6,0.88,sell,False,2022-11-04T17:13:06.017222+00:00
765,5317441450,13.6,0.93,sell,False,2022-11-04T17:13:05.490199+00:00
766,5317441423,13.6,0.87,sell,False,2022-11-04T17:13:04.958629+00:00
767,5317441385,13.6,0.9,sell,False,2022-11-04T17:13:04.428618+00:00
768,5317441353,13.6,0.82,sell,False,2022-11-04T17:13:03.897553+00:00
769,5317441140,13.6,0.79,sell,False,2022-11-04T17:13:03.362058+00:00
770,5317441093,13.6,0.75,sell,False,2022-11-04T17:13:02.832395+00:00
771,5317432537,13.911,0.25,sell,False,2022-11-04T17:12:00.695486+00:00
772,5317432445,13.911,1.65,sell,False,2022-11-04T17:12:00.115969+00:00
773,5317432424,13.911,1.01,sell,False,2022-11-04T17:11:59.578092+00:00
774,5317432365,13.911,1.35,sell,False,2022-11-04T17:11:59.048489+00:00
775,5317432226,13.911,1.78,sell,False,2022-11-04T17:11:58.516171+00:00
776,5317432191,13.911,1.6,sell,False,2022-11-04T17:11:57.970781+00:00
777,5317432146,13.911,1.33,sell,False,2022-11-04T17:11:57.433004+00:00
778,5317432050,13.911,1.03,sell,False,2022-11-04T17:11:56.890676+00:00
779,5317432018,13.911,1.52,sell,False,2022-11-04T17:11:56.353070+00:00
780,5317431951,13.911,1.66,sell,False,2022-11-04T17:11:55.827006+00:00
781,5317431894,13.911,1.6,sell,False,2022-11-04T17:11:55.287760+00:00
782,5317431835,13.911,1.96,sell,False,2022-11-04T17:11:54.747591+00:00
783,5317431751,13.911,1.84,sell,False,2022-11-04T17:11:54.118469+00:00
784,5317431710,13.911,0.95,sell,False,2022-11-04T17:11:53.583915+00:00
785,5317431596,13.911,1.31,sell,False,2022-11-04T17:11:53.049126+00:00
786,5317431549,13.911,1.51,sell,False,2022-11-04T17:11:52.511523+00:00
787,5317431479,13.911,1.92,sell,False,2022-11-04T17:11:51.976421+00:00
788,5317431429,13.911,1.31,sell,False,2022-11-04T17:11:51.344443+00:00
789,5317431394,13.911,1.84,sell,False,2022-11-04T17:11:50.783281+00:00
790,5317431345,13.911,1.47,sell,False,2022-11-04T17:11:50.246935+00:00
791,5317431297,13.911,1.48,sell,False,2022-11-04T17:11:49.714529+00:00
792,5317431260,13.911,2.26,sell,False,2022-11-04T17:11:49.113437+00:00
793,5317431155,13.911,0.77,sell,False,2022-11-04T17:11:48.476606+00:00
794,5317431117,13.911,0.94,sell,False,2022-11-04T17:11:47.912596+00:00
795,5317430815,13.911,10.17,sell,False,2022-11-04T17:11:46.470003+00:00
796,5317430610,13.911,15.75,sell,False,2022-11-04T17:11:45.938749+00:00
797,5317430599,13.911,13.48,buy,False,2022-11-04T17:11:45.880645+00:00
798,5317427609,13.696,38.88,buy,False,2022-11-04T17:11:33.316489+00:00
799,5317332294,13.549,1.06,sell,False,2022-11-04T17:02:46.899354+00:00
800,5317228746,13.604,0.43,sell,False,2022-11-04T16:49:27.027985+00:00
801,5317226656,13.604,0.53,sell,False,2022-11-04T16:49:10.282395+00:00
802,5317226655,13.604,0.24,sell,False,2022-11-04T16:49:10.282395+00:00
803,5317226596,13.604,0.72,sell,False,2022-11-04T16:49:09.728836+00:00
804,5317226595,13.604,0.13,sell,False,2022-11-04T16:49:09.728836+00:00
805,5317226523,13.604,0.83,sell,False,2022-11-04T16:49:09.190304+00:00
806,5316610254,13.805,0.54,sell,False,2022-11-04T15:58:42.013304+00:00
807,5316610160,13.805,0.38,sell,False,2022-11-04T15:58:41.474614+00:00
808,5316610159,13.805,0.38,sell,False,2022-11-04T15:58:41.474614+00:00
809,5316610027,13.805,0.54,sell,False,2022-11-04T15:58:40.950028+00:00
810,5316610026,13.805,0.19,sell,False,2022-11-04T15:58:40.950028+00:00
811,5316609944,13.805,0.73,sell,False,2022-11-04T15:58:40.414703+00:00
812,5316511404,13.869,0.11,sell,False,2022-11-04T15:52:14.804999+00:00
813,5316511261,13.869,0.89,sell,False,2022-11-04T15:52:14.271379+00:00
814,5316430486,13.999,0.2,sell,False,2022-11-04T15:45:36.699455+00:00
815,5316430383,13.999,0.68,sell,False,2022-11-04T15:45:36.153668+00:00
816,5316430382,13.999,0.15,sell,False,2022-11-04T15:45:36.153668+00:00
817,5316430261,13.999,0.73,sell,False,2022-11-04T15:45:35.611045+00:00
818,5316430260,13.999,0.15,sell,False,2022-11-04T15:45:35.611045+00:00
819,5316430123,13.999,0.73,sell,False,2022-11-04T15:45:35.079816+00:00
820,5314766709,14.188,0.77,sell,False,2022-11-04T13:44:40.564815+00:00
821,5314766596,14.188,0.08,sell,False,2022-11-04T13:44:40.023355+00:00
822,5314766595,14.188,0.82,sell,False,2022-11-04T13:44:40.023355+00:00
823,5314766504,14.188,0.03,sell,False,2022-11-04T13:44:39.494363+00:00
824,5314766503,14.188,0.85,sell,False,2022-11-04T13:44:39.494363+00:00
825,5314723530,14.372,0.22,sell,False,2022-11-04T13:40:45.550304+00:00
826,5314722979,14.372,0.59,sell,False,2022-11-04T13:40:40.354557+00:00
827,5314722978,14.372,0.19,sell,False,2022-11-04T13:40:40.354557+00:00
828,5314722891,14.372,0.62,sell,False,2022-11-04T13:40:39.821672+00:00
829,5314722890,14.372,0.09,sell,False,2022-11-04T13:40:39.821672+00:00
830,5314722835,14.372,0.72,sell,False,2022-11-04T13:40:39.287792+00:00
831,5313746345,14.55,0.78,sell,False,2022-11-04T12:35:01.408768+00:00
832,5313746344,14.55,0.78,sell,False,2022-11-04T12:35:01.408768+00:00
833,5313746116,14.723,0.75,sell,False,2022-11-04T12:35:00.572175+00:00
834,5313746115,14.723,0.75,sell,False,2022-11-04T12:35:00.572175+00:00
835,5313743692,14.891,0.72,sell,False,2022-11-04T12:34:54.085146+00:00
836,5313743691,14.891,0.44,sell,False,2022-11-04T12:34:54.085146+00:00
837,5313743636,14.891,0.28,sell,False,2022-11-04T12:34:53.754136+00:00
838,5313743608,15.054,0.56,sell,False,2022-11-04T12:34:53.499910+00:00
839,5313743598,15.054,0.13,sell,False,2022-11-04T12:34:53.361239+00:00
840,5313743512,15.054,0.69,sell,False,2022-11-04T12:34:52.962357+00:00
841,5313743511,15.212,0.53,sell,False,2022-11-04T12:34:52.962357+00:00
842,5313743442,15.212,0.13,sell,False,2022-11-04T12:34:52.624338+00:00
843,5313743420,15.212,0.66,sell,False,2022-11-04T12:34:52.419333+00:00
844,5313736137,15.359,0.66,buy,False,2022-11-04T12:34:25.006855+00:00
845,5313736127,15.359,0.66,buy,False,2022-11-04T12:34:24.886399+00:00
846,5313727530,14.55,0.08,sell,False,2022-11-04T12:34:00.003545+00:00
847,5313727358,14.55,0.7,sell,False,2022-11-04T12:33:59.463995+00:00
848,5313712390,14.723,0.75,sell,False,2022-11-04T12:33:18.946932+00:00
849,5313708614,14.891,0.58,sell,False,2022-11-04T12:33:13.836375+00:00
850,5313708542,14.891,0.14,sell,False,2022-11-04T12:33:13.617667+00:00
851,5313708360,15.054,0.43,sell,False,2022-11-04T12:33:13.250677+00:00
852,5313708271,15.054,0.13,sell,False,2022-11-04T12:33:13.138638+00:00
853,5313708229,15.054,0.13,sell,False,2022-11-04T12:33:13.088491+00:00
854,5313707910,15.212,0.53,sell,False,2022-11-04T12:33:12.717944+00:00
855,5313707909,15.212,0.13,sell,False,2022-11-04T12:33:12.713032+00:00
856,5313704606,15.359,0.66,buy,False,2022-11-04T12:33:06.145045+00:00
857,5313596214,13.603,20.69,sell,True,2022-11-04T12:30:37.322446+00:00
858,5313595514,13.778,1.01,sell,True,2022-11-04T12:30:36.127697+00:00
859,5313489418,13.96,0.65,sell,True,2022-11-04T12:27:09.266990+00:00
860,5312911618,14.0,0.96,sell,True,2022-11-04T11:18:33.253457+00:00
861,5312911617,14.0,7.14,sell,True,2022-11-04T11:18:33.253457+00:00
862,5312911616,14.0,4.04,sell,True,2022-11-04T11:18:33.253457+00:00
863,5312911236,14.216,0.92,sell,True,2022-11-04T11:18:31.223465+00:00
864,5312910927,14.4,0.17,sell,True,2022-11-04T11:18:30.000337+00:00
865,5306760360,15.298,0.06,buy,False,2022-11-03T22:34:52.501608+00:00
866,5304657336,14.425,0.09,sell,False,2022-11-03T16:41:40.735665+00:00
867,5304656426,14.425,0.55,sell,False,2022-11-03T16:41:29.896510+00:00
868,5304656425,14.425,0.17,sell,False,2022-11-03T16:41:29.896510+00:00
869,5304644288,14.425,0.71,sell,False,2022-11-03T16:39:41.413336+00:00
870,5303951197,15.055,0.05,buy,False,2022-11-03T15:00:39.457801+00:00
871,5303951008,15.055,0.06,buy,False,2022-11-03T15:00:38.505323+00:00
872,5303950922,15.055,0.08,buy,False,2022-11-03T15:00:37.423526+00:00
873,5303950823,15.055,0.1,buy,False,2022-11-03T15:00:36.515654+00:00
874,5303950689,15.055,0.13,buy,False,2022-11-03T15:00:35.487444+00:00
875,5303950575,15.055,0.16,buy,False,2022-11-03T15:00:34.424445+00:00
876,5303949902,15.055,0.2,buy,False,2022-11-03T15:00:29.479407+00:00
877,5303219268,14.777,3.72,sell,False,2022-11-03T13:43:15.128855+00:00
878,5303219246,14.742,27.1,buy,False,2022-11-03T13:43:14.999952+00:00
879,5303146295,14.602,0.61,sell,False,2022-11-03T13:35:09.552420+00:00
880,5303146294,14.602,1.09,sell,False,2022-11-03T13:35:09.552420+00:00
881,5303145438,14.602,3.02,sell,False,2022-11-03T13:35:05.054238+00:00
882,5303145188,14.602,2.98,sell,False,2022-11-03T13:35:03.754517+00:00
883,5303145056,14.602,3.31,sell,False,2022-11-03T13:35:03.220621+00:00
884,5303144988,14.602,3.1,sell,False,2022-11-03T13:35:02.689803+00:00
885,5303121725,14.602,7.72,sell,False,2022-11-03T13:33:26.645956+00:00
886,5303118122,14.602,16.47,sell,False,2022-11-03T13:33:10.453629+00:00
887,5303118092,14.602,0.7,sell,False,2022-11-03T13:33:10.163580+00:00
888,5303117937,14.602,0.71,sell,False,2022-11-03T13:33:09.066602+00:00
889,5303116320,14.602,0.75,sell,False,2022-11-03T13:33:01.999600+00:00
890,5303116225,14.602,0.78,sell,False,2022-11-03T13:33:01.427089+00:00
891,5303116155,14.602,0.7,sell,False,2022-11-03T13:33:00.896319+00:00
892,5303116064,14.602,0.7,sell,False,2022-11-03T13:33:00.273049+00:00
893,5303115991,14.602,0.71,sell,False,2022-11-03T13:32:59.344728+00:00
894,5303114753,14.602,0.72,sell,False,2022-11-03T13:32:55.643334+00:00
895,5303114596,14.602,0.85,sell,False,2022-11-03T13:32:55.101111+00:00
896,5303114502,14.602,0.73,sell,False,2022-11-03T13:32:54.567573+00:00
897,5303114383,14.602,0.69,sell,False,2022-11-03T13:32:53.957750+00:00
898,5303114132,14.602,2.87,sell,False,2022-11-03T13:32:53.334825+00:00
899,5303113886,14.602,0.7,sell,False,2022-11-03T13:32:52.803515+00:00
900,5303113683,14.602,0.69,sell,False,2022-11-03T13:32:51.894434+00:00
901,5303113363,14.602,1.79,sell,False,2022-11-03T13:32:50.537576+00:00
902,5303113270,14.602,1.17,sell,False,2022-11-03T13:32:49.994822+00:00
903,5303112718,14.602,0.69,sell,False,2022-11-03T13:32:48.897896+00:00
904,5303112190,14.602,0.75,sell,False,2022-11-03T13:32:47.966836+00:00
905,5303111926,14.602,0.69,sell,False,2022-11-03T13:32:47.052701+00:00
906,5303111685,14.602,0.71,sell,False,2022-11-03T13:32:46.302610+00:00
907,5303111270,14.602,0.88,sell,False,2022-11-03T13:32:44.884879+00:00
908,5303111142,14.602,0.75,sell,False,2022-11-03T13:32:44.348791+00:00
909,5303110847,14.602,0.69,sell,False,2022-11-03T13:32:43.450662+00:00
910,5303110651,14.602,0.71,sell,False,2022-11-03T13:32:42.558581+00:00
911,5303110265,14.602,0.69,sell,False,2022-11-03T13:32:41.654876+00:00
912,5303110104,14.602,0.71,sell,False,2022-11-03T13:32:40.821675+00:00
913,5303109986,14.602,0.7,sell,False,2022-11-03T13:32:39.957194+00:00
914,5303109834,14.602,0.71,sell,False,2022-11-03T13:32:39.257601+00:00
915,5303109688,14.602,0.7,sell,False,2022-11-03T13:32:38.353782+00:00
916,5303109517,14.602,0.72,sell,False,2022-11-03T13:32:37.480457+00:00
917,5303109246,14.602,0.69,sell,False,2022-11-03T13:32:36.589452+00:00
918,5303109008,14.602,0.69,sell,False,2022-11-03T13:32:35.664891+00:00
919,5303108759,14.602,0.7,sell,False,2022-11-03T13:32:35.016379+00:00
920,5303108437,14.602,0.71,sell,False,2022-11-03T13:32:34.027391+00:00
921,5303108310,14.602,0.7,sell,False,2022-11-03T13:32:33.274946+00:00
922,5303107769,14.602,0.72,sell,False,2022-11-03T13:32:32.348403+00:00
923,5303107540,14.602,0.79,sell,False,2022-11-03T13:32:31.499710+00:00
924,5303107416,14.602,0.71,sell,False,2022-11-03T13:32:30.558440+00:00
925,5303107145,14.602,0.74,sell,False,2022-11-03T13:32:29.342978+00:00
926,5303106971,14.602,0.71,sell,False,2022-11-03T13:32:28.590118+00:00
927,5303104769,14.602,14.41,sell,False,2022-11-03T13:32:17.949746+00:00
928,5303102762,14.602,16.42,sell,False,2022-11-03T13:32:02.047413+00:00
929,5303101039,14.602,5.84,sell,False,2022-11-03T13:31:54.249562+00:00
930,5303099062,14.602,1.35,sell,False,2022-11-03T13:31:36.654847+00:00
931,5303099031,14.602,1.06,sell,False,2022-11-03T13:31:36.121219+00:00
932,5303098977,14.602,1.18,sell,False,2022-11-03T13:31:35.581622+00:00
933,5303098896,14.602,1.24,sell,False,2022-11-03T13:31:35.042791+00:00
934,5303098805,14.602,0.74,sell,False,2022-11-03T13:31:34.416652+00:00
935,5303098723,14.602,1.41,sell,False,2022-11-03T13:31:33.861371+00:00
936,5303098585,14.602,1.39,sell,False,2022-11-03T13:31:33.327961+00:00
937,5303098532,14.602,1.05,sell,False,2022-11-03T13:31:32.685296+00:00
938,5303098492,14.602,1.04,sell,False,2022-11-03T13:31:32.147030+00:00
939,5303098467,14.602,0.69,sell,False,2022-11-03T13:31:31.606712+00:00
940,5303098431,14.602,1.53,sell,False,2022-11-03T13:31:31.074041+00:00
941,5303098376,14.602,0.72,sell,False,2022-11-03T13:31:30.539695+00:00
942,5303098257,14.602,0.76,sell,False,2022-11-03T13:31:30.003672+00:00
943,5303098112,14.602,2.07,sell,False,2022-11-03T13:31:29.474699+00:00
944,5303098064,14.602,0.9,sell,False,2022-11-03T13:31:28.931980+00:00
945,5303097999,14.602,0.83,sell,False,2022-11-03T13:31:28.388995+00:00
946,5303097843,14.602,0.7,sell,False,2022-11-03T13:31:27.856364+00:00
947,5303097517,14.602,8.14,sell,False,2022-11-03T13:31:26.796580+00:00
948,5303097472,14.602,0.86,sell,False,2022-11-03T13:31:26.471473+00:00
949,5303097406,14.602,0.9,sell,False,2022-11-03T13:31:25.905712+00:00
950,5303097368,14.602,0.74,sell,False,2022-11-03T13:31:25.366928+00:00
951,5303097259,14.602,0.71,sell,False,2022-11-03T13:31:24.837436+00:00
952,5303097098,14.602,2.35,sell,False,2022-11-03T13:31:24.304667+00:00
953,5303096889,14.602,0.72,sell,False,2022-11-03T13:31:23.767616+00:00
954,5303096652,14.602,0.84,sell,False,2022-11-03T13:31:23.229722+00:00
955,5303096530,14.602,1.68,sell,False,2022-11-03T13:31:22.678515+00:00
956,5303096490,14.602,0.73,sell,False,2022-11-03T13:31:22.141628+00:00
957,5303096466,14.602,0.83,sell,False,2022-11-03T13:31:21.544267+00:00
958,5303096419,14.602,0.75,sell,False,2022-11-03T13:31:20.996442+00:00
959,5303096311,14.602,1.0,sell,False,2022-11-03T13:31:19.993288+00:00
960,5303095849,14.602,0.74,sell,False,2022-11-03T13:31:19.463521+00:00
961,5303095788,14.602,0.74,sell,False,2022-11-03T13:31:18.835587+00:00
962,5303095735,14.602,0.69,sell,False,2022-11-03T13:31:18.242341+00:00
963,5303095459,14.602,0.75,sell,False,2022-11-03T13:31:17.681711+00:00
964,5303095280,14.602,0.84,sell,False,2022-11-03T13:31:17.145980+00:00
965,5303095160,14.602,0.77,sell,False,2022-11-03T13:31:15.969773+00:00
966,5303095046,14.602,0.72,sell,False,2022-11-03T13:31:15.362236+00:00
967,5303094937,14.602,0.8,sell,False,2022-11-03T13:31:14.709561+00:00
968,5303094877,14.602,0.71,sell,False,2022-11-03T13:31:14.098042+00:00
969,5303094843,14.602,0.73,sell,False,2022-11-03T13:31:13.560282+00:00
970,5303094779,14.602,0.86,sell,False,2022-11-03T13:31:13.028538+00:00
971,5303094722,14.602,0.91,sell,False,2022-11-03T13:31:12.493293+00:00
972,5303094670,14.602,0.87,sell,False,2022-11-03T13:31:11.959517+00:00
973,5303094606,14.602,0.75,sell,False,2022-11-03T13:31:11.429682+00:00
974,5303094576,14.602,1.03,sell,False,2022-11-03T13:31:10.817773+00:00
975,5303094541,14.602,0.76,sell,False,2022-11-03T13:31:10.263088+00:00
976,5303094441,14.602,0.72,sell,False,2022-11-03T13:31:09.095946+00:00
977,5303094417,14.602,1.28,sell,False,2022-11-03T13:31:08.474774+00:00
978,5303094361,14.602,0.93,sell,False,2022-11-03T13:31:07.932775+00:00
979,5303094334,14.602,1.03,sell,False,2022-11-03T13:31:07.401368+00:00
980,5303094207,14.602,0.84,sell,False,2022-11-03T13:31:06.865036+00:00
981,5303094158,14.602,1.15,sell,False,2022-11-03T13:31:06.329215+00:00
982,5303094110,14.602,3.55,sell,False,2022-11-03T13:31:05.788604+00:00
983,5303089979,14.602,17.23,sell,False,2022-11-03T13:30:42.775668+00:00
984,5303089940,14.602,17.54,sell,False,2022-11-03T13:30:42.244011+00:00
985,5303088400,14.602,0.71,sell,False,2022-11-03T13:30:33.882253+00:00
986,5303088344,14.602,0.8,sell,False,2022-11-03T13:30:33.241997+00:00
987,5303088263,14.602,0.69,sell,False,2022-11-03T13:30:32.623132+00:00
988,5303088115,14.602,0.69,sell,False,2022-11-03T13:30:31.878637+00:00
989,5303088031,14.602,0.75,sell,False,2022-11-03T13:30:31.178339+00:00
990,5303087935,14.602,0.74,sell,False,2022-11-03T13:30:30.562001+00:00
991,5303087894,14.602,0.76,sell,False,2022-11-03T13:30:29.965592+00:00
992,5303087394,14.602,0.77,sell,False,2022-11-03T13:30:27.315139+00:00
993,5303087331,14.602,0.86,sell,False,2022-11-03T13:30:26.765694+00:00
994,5303087231,14.602,0.72,sell,False,2022-11-03T13:30:26.232019+00:00
995,5303087164,14.602,0.73,sell,False,2022-11-03T13:30:25.697454+00:00
996,5303087101,14.602,0.73,sell,False,2022-11-03T13:30:25.148592+00:00
997,5303087014,14.602,0.71,sell,False,2022-11-03T13:30:24.394986+00:00
998,5303086671,14.602,0.88,sell,False,2022-11-03T13:30:23.225667+00:00
999,5303086467,14.602,1.17,sell,False,2022-11-03T13:30:22.617444+00:00
1000,5303086242,14.602,1.06,sell,False,2022-11-03T13:30:22.078369+00:00
1001,5303085993,14.602,0.89,sell,False,2022-11-03T13:30:21.551284+00:00
1002,5303085901,14.602,0.81,sell,False,2022-11-03T13:30:21.014467+00:00
1003,5303085826,14.602,1.2,sell,False,2022-11-03T13:30:20.474506+00:00
1004,5303085741,14.602,1.0,sell,False,2022-11-03T13:30:19.933635+00:00
1005,5303085571,14.602,0.9,sell,False,2022-11-03T13:30:19.394907+00:00
1006,5303085500,14.602,0.99,sell,False,2022-11-03T13:30:18.857559+00:00
1007,5303085438,14.602,1.0,sell,False,2022-11-03T13:30:18.301332+00:00
1008,5303085368,14.602,0.86,sell,False,2022-11-03T13:30:17.763444+00:00
1009,5303085305,14.602,0.78,sell,False,2022-11-03T13:30:17.230476+00:00
1010,5303085244,14.602,0.79,sell,False,2022-11-03T13:30:16.690834+00:00
1011,5303085127,14.602,0.83,sell,False,2022-11-03T13:30:16.049834+00:00
1012,5303085040,14.602,0.7,sell,False,2022-11-03T13:30:15.492856+00:00
1013,5303083710,14.602,5.16,sell,False,2022-11-03T13:30:10.103464+00:00
1014,5303083613,14.602,3.59,sell,False,2022-11-03T13:30:09.562426+00:00
1015,5303083572,14.602,2.46,sell,False,2022-11-03T13:30:09.019880+00:00
1016,5303083473,14.602,1.72,sell,False,2022-11-03T13:30:08.468804+00:00
1017,5303083381,14.602,0.75,sell,False,2022-11-03T13:30:07.920606+00:00
1018,5302932411,14.602,0.71,sell,False,2022-11-03T13:06:42.444276+00:00
1019,5302932321,14.602,0.73,sell,False,2022-11-03T13:06:41.756014+00:00
1020,5302932053,14.602,0.71,sell,False,2022-11-03T13:06:41.219016+00:00
1021,5302879640,14.602,0.69,sell,False,2022-11-03T13:00:35.702748+00:00
1022,5302879542,14.602,0.69,sell,False,2022-11-03T13:00:34.832119+00:00
1023,5302879450,14.602,0.71,sell,False,2022-11-03T13:00:33.582516+00:00
1024,5302879369,14.602,0.7,sell,False,2022-11-03T13:00:32.635648+00:00
1025,5302879172,14.602,0.73,sell,False,2022-11-03T13:00:31.146245+00:00
1026,5302879080,14.602,0.72,sell,False,2022-11-03T13:00:29.957461+00:00
1027,5302878971,14.602,0.76,sell,False,2022-11-03T13:00:28.794266+00:00
1028,5302878834,14.602,0.69,sell,False,2022-11-03T13:00:27.563588+00:00
1029,5302878665,14.602,0.84,sell,False,2022-11-03T13:00:26.069406+00:00
1030,5302878450,14.602,0.74,sell,False,2022-11-03T13:00:24.933040+00:00
1031,5302878363,14.602,0.73,sell,False,2022-11-03T13:00:23.949325+00:00
1032,5302878299,14.602,0.7,sell,False,2022-11-03T13:00:23.331075+00:00
1033,5302878266,14.602,0.71,sell,False,2022-11-03T13:00:22.800627+00:00
1034,5302878204,14.602,0.81,sell,False,2022-11-03T13:00:22.266501+00:00
1035,5302878159,14.602,0.76,sell,False,2022-11-03T13:00:21.730855+00:00
1036,5302877918,14.602,0.69,sell,False,2022-11-03T13:00:21.190437+00:00
1037,5302877847,14.602,0.71,sell,False,2022-11-03T13:00:20.647340+00:00
1038,5302877803,14.602,0.69,sell,False,2022-11-03T13:00:20.105690+00:00
1039,5302877653,14.602,0.7,sell,False,2022-11-03T13:00:19.066636+00:00
1040,5302877405,14.602,0.69,sell,False,2022-11-03T13:00:18.495456+00:00
1041,5302877367,14.602,0.71,sell,False,2022-11-03T13:00:17.943354+00:00
1042,5302877215,14.602,0.69,sell,False,2022-11-03T13:00:17.405836+00:00
1043,5302877163,14.602,0.74,sell,False,2022-11-03T13:00:16.859138+00:00
1044,5302876972,14.602,0.69,sell,False,2022-11-03T13:00:16.286146+00:00
1045,5302876926,14.602,0.74,sell,False,2022-11-03T13:00:15.756732+00:00
1046,5302876812,14.602,0.71,sell,False,2022-11-03T13:00:15.219740+00:00
1047,5302876460,14.602,0.7,sell,False,2022-11-03T13:00:14.686439+00:00
1048,5302846425,14.602,1.07,sell,False,2022-11-03T12:56:06.156952+00:00
1049,5302846331,14.602,1.06,sell,False,2022-11-03T12:56:04.447458+00:00
1050,5302846153,14.602,1.15,sell,False,2022-11-03T12:56:02.579530+00:00
1051,5302845967,14.602,1.06,sell,False,2022-11-03T12:56:00.773133+00:00
1052,5302845819,14.602,1.28,sell,False,2022-11-03T12:55:58.961999+00:00
1053,5302845626,14.602,1.45,sell,False,2022-11-03T12:55:56.570469+00:00
1054,5302845494,14.602,1.6,sell,False,2022-11-03T12:55:54.170961+00:00
1055,5302845224,14.602,1.64,sell,False,2022-11-03T12:55:51.466312+00:00
1056,5302844916,14.602,1.69,sell,False,2022-11-03T12:55:48.772729+00:00
1057,5302844621,14.602,1.6,sell,False,2022-11-03T12:55:46.362834+00:00
1058,5302844347,14.602,1.77,sell,False,2022-11-03T12:55:43.663875+00:00
1059,5302844061,14.602,1.84,sell,False,2022-11-03T12:55:40.676097+00:00
1060,5302843750,14.602,1.37,sell,False,2022-11-03T12:55:38.572151+00:00
1061,5302843320,14.602,1.5,sell,False,2022-11-03T12:55:36.169585+00:00
1062,5302843020,14.602,1.48,sell,False,2022-11-03T12:55:33.793004+00:00
1063,5302842727,14.602,1.41,sell,False,2022-11-03T12:55:31.670644+00:00
1064,5302842556,14.602,1.41,sell,False,2022-11-03T12:55:29.353828+00:00
1065,5302842417,14.602,1.48,sell,False,2022-11-03T12:55:27.172364+00:00
1066,5302842071,14.602,1.81,sell,False,2022-11-03T12:55:24.170807+00:00
1067,5302841874,14.602,1.81,sell,False,2022-11-03T12:55:21.482733+00:00
1068,5302841682,14.602,1.56,sell,False,2022-11-03T12:55:19.078800+00:00
1069,5302841430,14.602,1.66,sell,False,2022-11-03T12:55:16.367976+00:00
1070,5302840862,14.602,1.75,sell,False,2022-11-03T12:55:13.692840+00:00
1071,5302840565,14.602,2.26,sell,False,2022-11-03T12:55:10.066558+00:00
1072,5302840335,14.602,2.18,sell,False,2022-11-03T12:55:06.773360+00:00
1073,5302840152,14.602,2.34,sell,False,2022-11-03T12:55:03.466823+00:00
1074,5302839915,14.602,2.23,sell,False,2022-11-03T12:54:59.865277+00:00
1075,5302839496,14.602,2.73,sell,False,2022-11-03T12:54:55.980745+00:00
1076,5302838856,14.602,2.83,sell,False,2022-11-03T12:54:51.793495+00:00
1077,5302838503,14.602,2.66,sell,False,2022-11-03T12:54:47.885746+00:00
1078,5302838087,14.602,3.2,sell,False,2022-11-03T12:54:43.061258+00:00
1079,5302837279,14.602,3.13,sell,False,2022-11-03T12:54:38.565249+00:00
1080,5302836921,14.602,3.1,sell,False,2022-11-03T12:54:34.072692+00:00
1081,5302836568,14.602,2.87,sell,False,2022-11-03T12:54:29.874797+00:00
1082,5302836328,14.602,2.8,sell,False,2022-11-03T12:54:25.661334+00:00
1083,5302836031,14.602,2.15,sell,False,2022-11-03T12:54:22.359573+00:00
1084,5302835884,14.602,1.82,sell,False,2022-11-03T12:54:19.674294+00:00
1085,5302835821,14.602,1.74,sell,False,2022-11-03T12:54:18.657402+00:00
1086,5302835722,14.602,1.43,sell,False,2022-11-03T12:54:18.126409+00:00
1087,5302835693,14.602,1.49,sell,False,2022-11-03T12:54:17.424674+00:00
1088,5302835665,14.602,1.28,sell,False,2022-11-03T12:54:16.883250+00:00
1089,5302835562,14.602,1.01,sell,False,2022-11-03T12:54:16.351986+00:00
1090,5302835527,14.602,0.91,sell,False,2022-11-03T12:54:15.814614+00:00
1091,5302835497,14.602,0.83,sell,False,2022-11-03T12:54:15.282259+00:00
1092,5302835452,14.602,0.73,sell,False,2022-11-03T12:54:14.733551+00:00
1093,5302835387,14.602,0.72,sell,False,2022-11-03T12:54:14.206279+00:00
1094,5302783002,14.629,0.03,sell,False,2022-11-03T12:49:47.608935+00:00
1095,5302782216,14.629,0.91,sell,False,2022-11-03T12:49:46.100654+00:00
1096,5302781474,14.629,0.82,sell,False,2022-11-03T12:49:44.630007+00:00
1097,5302780790,14.629,0.83,sell,False,2022-11-03T12:49:43.072579+00:00
1098,5302780789,14.629,0.1,sell,False,2022-11-03T12:49:43.072579+00:00
1099,5302780481,14.629,0.31,sell,False,2022-11-03T12:49:41.852799+00:00
1100,5302780480,14.629,0.52,sell,False,2022-11-03T12:49:41.852799+00:00
1101,5302780294,14.629,0.33,sell,False,2022-11-03T12:49:40.368461+00:00
1102,5302780293,14.63,0.6,sell,False,2022-11-03T12:49:40.368461+00:00
1103,5302780087,14.63,1.05,sell,False,2022-11-03T12:49:38.578688+00:00
1104,5302779812,14.63,1.04,sell,False,2022-11-03T12:49:36.787662+00:00
1105,5302779593,14.63,0.85,sell,False,2022-11-03T12:49:35.579964+00:00
1106,5302779028,14.63,0.91,sell,False,2022-11-03T12:49:34.087519+00:00
1107,5302778763,14.63,0.97,sell,False,2022-11-03T12:49:33.285604+00:00
1108,5302778610,14.63,0.82,sell,False,2022-11-03T12:49:32.752206+00:00
1109,5302778453,14.63,0.75,sell,False,2022-11-03T12:49:32.214768+00:00
1110,5302778452,14.63,0.09,sell,False,2022-11-03T12:49:32.214768+00:00
1111,5302778142,14.63,0.87,sell,False,2022-11-03T12:49:31.667889+00:00
1112,5302777983,14.63,0.87,sell,False,2022-11-03T12:49:31.015956+00:00
1113,5302777851,14.63,0.78,sell,False,2022-11-03T12:49:30.470393+00:00
1114,5302777665,14.63,0.81,sell,False,2022-11-03T12:49:29.921488+00:00
1115,5302777401,14.63,0.71,sell,False,2022-11-03T12:49:29.385530+00:00
1116,5302777171,14.63,0.77,sell,False,2022-11-03T12:49:28.845442+00:00
1117,5302776852,14.63,0.75,sell,False,2022-11-03T12:49:28.245741+00:00
1118,5302776241,14.63,0.79,sell,False,2022-11-03T12:49:27.679381+00:00
1119,5302776164,14.63,0.69,sell,False,2022-11-03T12:49:27.136731+00:00
1120,5302776092,14.63,0.71,sell,False,2022-11-03T12:49:26.607968+00:00
1121,5302775978,14.63,0.69,sell,False,2022-11-03T12:49:26.072370+00:00
1122,5302517468,15.724,5.39,sell,False,2022-11-03T12:16:45.293772+00:00
1123,5302517464,15.724,6.48,buy,False,2022-11-03T12:16:45.200373+00:00
1124,5301969627,14.665,0.03,sell,False,2022-11-03T11:23:32.767077+00:00
1125,5301967629,15.724,0.02,buy,False,2022-11-03T11:23:17.732104+00:00
1126,5301068267,15.724,0.1,buy,False,2022-11-03T09:08:07.614866+00:00
1127,5300839086,14.821,0.61,sell,False,2022-11-03T08:26:34.261392+00:00
1128,5297945351,15.724,0.02,buy,False,2022-11-03T00:35:38.480707+00:00
1129,5297943440,14.821,0.01,sell,False,2022-11-03T00:35:21.718713+00:00
1130,5297372596,15.724,1.34,buy,False,2022-11-02T22:57:45.073004+00:00
1131,5296609690,15.724,0.06,buy,False,2022-11-02T20:40:11.900729+00:00
1132,5295659695,14.826,0.81,sell,False,2022-11-02T19:28:12.479924+00:00
1133,5295481699,15.0,0.3,sell,False,2022-11-02T19:21:02.095558+00:00
1134,5295472584,15.0,0.75,sell,False,2022-11-02T19:20:38.273686+00:00
1135,5295472351,15.0,0.68,sell,False,2022-11-02T19:20:37.485315+00:00
1136,5295472175,15.0,0.68,sell,False,2022-11-02T19:20:36.815718+00:00
1137,5295471954,15.0,0.71,sell,False,2022-11-02T19:20:36.135911+00:00
1138,5295471834,15.0,0.7,sell,False,2022-11-02T19:20:35.483394+00:00
1139,5295471540,15.0,0.7,sell,False,2022-11-02T19:20:34.803432+00:00
1140,5295471382,15.0,0.73,sell,False,2022-11-02T19:20:34.128784+00:00
1141,5295471179,15.0,0.7,sell,False,2022-11-02T19:20:33.348698+00:00
1142,5295471081,15.0,0.71,sell,False,2022-11-02T19:20:32.684658+00:00
1143,5294192060,15.855,0.39,buy,False,2022-11-02T18:27:05.281368+00:00
1144,5294191740,15.855,0.64,buy,False,2022-11-02T18:27:04.636854+00:00
1145,5294191571,15.855,0.25,buy,False,2022-11-02T18:27:04.472747+00:00
1146,5294191297,15.855,0.32,buy,False,2022-11-02T18:27:03.483830+00:00
1147,5294191143,15.855,0.4,buy,False,2022-11-02T18:27:02.466618+00:00
1148,5294190983,15.855,0.49,buy,False,2022-11-02T18:27:01.868545+00:00
1149,5294190767,15.855,0.62,buy,False,2022-11-02T18:27:01.235445+00:00
1150,5294189430,15.855,0.88,buy,False,2022-11-02T18:26:56.464503+00:00
1151,5294189312,15.855,0.7,buy,False,2022-11-02T18:26:55.788847+00:00
1152,5294189253,15.855,0.81,buy,False,2022-11-02T18:26:55.133440+00:00
1153,5293230085,15.423,0.3,sell,False,2022-11-02T17:50:02.870184+00:00
1154,5293229750,15.423,2.45,sell,False,2022-11-02T17:49:58.968049+00:00
1155,5293229654,15.423,1.26,sell,False,2022-11-02T17:49:56.889990+00:00
1156,5293229475,15.423,1.42,sell,False,2022-11-02T17:49:54.473923+00:00
1157,5293229350,15.423,1.36,sell,False,2022-11-02T17:49:52.383872+00:00
1158,5293229222,15.423,1.45,sell,False,2022-11-02T17:49:49.972156+00:00
1159,5293229110,15.423,1.23,sell,False,2022-11-02T17:49:47.872220+00:00
1160,5293228858,15.423,1.39,sell,False,2022-11-02T17:49:45.775898+00:00
1161,5293228746,15.423,1.43,sell,False,2022-11-02T17:49:43.375509+00:00
1162,5293228583,15.423,1.37,sell,False,2022-11-02T17:49:40.976666+00:00
1163,5293228473,15.423,1.21,sell,False,2022-11-02T17:49:39.195122+00:00
1164,5293228311,15.423,1.37,sell,False,2022-11-02T17:49:36.769050+00:00
1165,5293228091,15.423,1.13,sell,False,2022-11-02T17:49:34.978956+00:00
1166,5293227581,15.423,1.15,sell,False,2022-11-02T17:49:32.862742+00:00
1167,5293227422,15.423,1.1,sell,False,2022-11-02T17:49:31.139921+00:00
1168,5293227316,15.423,1.11,sell,False,2022-11-02T17:49:30.489936+00:00
1169,5293227228,15.423,1.35,sell,False,2022-11-02T17:49:29.845377+00:00
1170,5293227196,15.423,1.39,sell,False,2022-11-02T17:49:29.207786+00:00
1171,5293227135,15.423,1.24,sell,False,2022-11-02T17:49:28.546971+00:00
1172,5293227013,15.423,1.3,sell,False,2022-11-02T17:49:27.907232+00:00
1173,5293226992,15.423,1.27,sell,False,2022-11-02T17:49:27.257932+00:00
1174,5293226949,15.423,1.13,sell,False,2022-11-02T17:49:26.606318+00:00
1175,5293226898,15.423,1.09,sell,False,2022-11-02T17:49:25.865297+00:00
1176,5293208788,15.423,1.23,sell,False,2022-11-02T17:46:07.042873+00:00
1177,5293207732,15.423,0.67,sell,False,2022-11-02T17:45:54.812838+00:00
1178,5293206751,15.423,0.65,sell,False,2022-11-02T17:45:41.697388+00:00
1179,5293206587,15.423,0.65,sell,False,2022-11-02T17:45:40.389794+00:00
1180,5293206516,15.423,0.65,sell,False,2022-11-02T17:45:39.258322+00:00
1181,5293206441,15.423,0.65,sell,False,2022-11-02T17:45:38.282214+00:00
1182,5293206382,15.423,0.65,sell,False,2022-11-02T17:45:37.089516+00:00
1183,5293206206,15.423,0.65,sell,False,2022-11-02T17:45:35.897964+00:00
1184,5293206121,15.423,0.69,sell,False,2022-11-02T17:45:34.718259+00:00
1185,5293206067,15.423,0.68,sell,False,2022-11-02T17:45:33.773033+00:00
1186,5293206028,15.423,0.65,sell,False,2022-11-02T17:45:33.046215+00:00
1187,5293205910,15.423,0.65,sell,False,2022-11-02T17:45:31.514272+00:00
1188,5293205765,15.423,0.65,sell,False,2022-11-02T17:45:30.300732+00:00
1189,5293205513,15.423,0.68,sell,False,2022-11-02T17:45:28.988781+00:00
1190,5293205369,15.423,0.68,sell,False,2022-11-02T17:45:27.887977+00:00
1191,5293205176,15.423,0.66,sell,False,2022-11-02T17:45:26.582908+00:00
1192,5293205070,15.423,0.66,sell,False,2022-11-02T17:45:25.860534+00:00
1193,5293204968,15.423,0.69,sell,False,2022-11-02T17:45:25.225580+00:00
1194,5293204683,15.423,0.67,sell,False,2022-11-02T17:45:23.298755+00:00
1195,5293204630,15.423,0.72,sell,False,2022-11-02T17:45:22.077913+00:00
1196,5293204577,15.423,0.67,sell,False,2022-11-02T17:45:20.906580+00:00
1197,5293204484,15.423,0.77,sell,False,2022-11-02T17:45:19.705372+00:00
1198,5293204364,15.423,0.81,sell,False,2022-11-02T17:45:18.183331+00:00
1199,5293204118,15.423,0.73,sell,False,2022-11-02T17:45:16.975491+00:00
1200,5293203988,15.423,0.65,sell,False,2022-11-02T17:45:15.782233+00:00
1201,5293203760,15.423,1.99,sell,False,2022-11-02T17:45:12.480717+00:00
1202,5293203497,15.423,1.83,sell,False,2022-11-02T17:45:09.479354+00:00
1203,5293202977,15.423,2.78,sell,False,2022-11-02T17:45:05.408787+00:00
1204,5293202539,15.423,2.26,sell,False,2022-11-02T17:45:01.685367+00:00
1205,5293202285,15.423,1.69,sell,False,2022-11-02T17:44:58.980173+00:00
1206,5293202180,15.423,0.8,sell,False,2022-11-02T17:44:57.563307+00:00
1207,5293202100,15.423,0.97,sell,False,2022-11-02T17:44:56.015906+00:00
1208,5293201991,15.423,0.89,sell,False,2022-11-02T17:44:54.476543+00:00
1209,5293201924,15.423,0.83,sell,False,2022-11-02T17:44:53.084288+00:00
1210,5293201851,15.423,0.83,sell,False,2022-11-02T17:44:51.482493+00:00
1211,5293201652,15.423,1.46,sell,False,2022-11-02T17:44:49.070626+00:00
1212,5293201507,15.423,1.41,sell,False,2022-11-02T17:44:46.677927+00:00
1213,5293201425,15.423,1.36,sell,False,2022-11-02T17:44:44.585738+00:00
1214,5293201284,15.423,0.89,sell,False,2022-11-02T17:44:43.070429+00:00
1215,5293201208,15.423,0.91,sell,False,2022-11-02T17:44:41.627475+00:00
1216,5293201120,15.423,0.82,sell,False,2022-11-02T17:44:40.076684+00:00
1217,5293201035,15.423,1.0,sell,False,2022-11-02T17:44:38.280254+00:00
1218,5293200877,15.423,0.88,sell,False,2022-11-02T17:44:36.770734+00:00
1219,5293200737,15.423,0.94,sell,False,2022-11-02T17:44:35.252189+00:00
1220,5293200610,15.423,0.9,sell,False,2022-11-02T17:44:33.772356+00:00
1221,5293200319,15.423,1.34,sell,False,2022-11-02T17:44:31.369816+00:00
1222,5293200024,15.423,1.21,sell,False,2022-11-02T17:44:29.579123+00:00
1223,5293199838,15.423,1.22,sell,False,2022-11-02T17:44:27.478794+00:00
1224,5293199766,15.423,1.26,sell,False,2022-11-02T17:44:25.375489+00:00
1225,5293199666,15.423,1.24,sell,False,2022-11-02T17:44:23.308622+00:00
1226,5293199470,15.423,1.34,sell,False,2022-11-02T17:44:20.873229+00:00
1227,5293199269,15.423,1.3,sell,False,2022-11-02T17:44:18.773335+00:00
1228,5293199090,15.423,1.2,sell,False,2022-11-02T17:44:16.672873+00:00
1229,5293198972,15.423,1.25,sell,False,2022-11-02T17:44:14.565410+00:00
1230,5293198889,15.423,1.16,sell,False,2022-11-02T17:44:12.776580+00:00
1231,5293198764,15.423,1.31,sell,False,2022-11-02T17:44:10.749784+00:00
1232,5293198599,15.423,1.19,sell,False,2022-11-02T17:44:08.909560+00:00
1233,5293198566,15.423,1.14,sell,False,2022-11-02T17:44:08.014503+00:00
1234,5293198526,15.423,1.24,sell,False,2022-11-02T17:44:07.370648+00:00
1235,5293198359,15.423,1.07,sell,False,2022-11-02T17:44:06.731979+00:00
1236,5293198181,15.423,1.21,sell,False,2022-11-02T17:44:06.088048+00:00
1237,5293197697,15.423,1.09,sell,False,2022-11-02T17:44:05.241428+00:00
1238,5293197660,15.423,1.2,sell,False,2022-11-02T17:44:04.596224+00:00
1239,5293197637,15.423,1.14,sell,False,2022-11-02T17:44:03.952897+00:00
1240,5293197586,15.423,1.01,sell,False,2022-11-02T17:44:03.288716+00:00
1241,5293197532,15.423,0.68,sell,False,2022-11-02T17:44:02.541645+00:00
1242,5292749625,15.316,0.5,buy,False,2022-11-02T16:33:04.955379+00:00
1243,5291840794,15.096,0.1,buy,False,2022-11-02T13:35:37.786539+00:00
1244,5291840767,14.972,0.11,buy,False,2022-11-02T13:35:37.502712+00:00
1245,5291840689,14.972,0.13,buy,False,2022-11-02T13:35:36.797616+00:00
1246,5291840662,14.972,0.14,buy,False,2022-11-02T13:35:36.314896+00:00
1247,5291840637,15.096,0.16,buy,False,2022-11-02T13:35:35.848476+00:00
1248,5291840463,15.096,0.17,buy,False,2022-11-02T13:35:34.814530+00:00
1249,5291840419,15.096,0.19,buy,False,2022-11-02T13:35:34.193885+00:00
1250,5291840389,15.096,0.21,buy,False,2022-11-02T13:35:33.789949+00:00
1251,5291840366,15.096,0.24,buy,False,2022-11-02T13:35:33.449590+00:00
1252,5291840244,15.096,0.27,buy,False,2022-11-02T13:35:32.867909+00:00
1253,5291840203,15.096,0.3,buy,False,2022-11-02T13:35:32.572702+00:00
1254,5291840194,15.096,0.33,buy,False,2022-11-02T13:35:32.240315+00:00
1255,5291840149,15.096,0.37,buy,False,2022-11-02T13:35:31.804156+00:00
1256,5291840016,14.984,0.41,buy,False,2022-11-02T13:35:30.839373+00:00
1257,5291839974,14.984,0.45,buy,False,2022-11-02T13:35:30.442856+00:00
1258,5291839948,14.984,0.5,buy,False,2022-11-02T13:35:30.144050+00:00
1259,5291839920,14.984,0.56,buy,False,2022-11-02T13:35:29.751377+00:00
1260,5291839889,14.984,0.62,buy,False,2022-11-02T13:35:29.398998+00:00
1261,5291839861,14.984,0.69,buy,False,2022-11-02T13:35:29.078685+00:00
1262,5291839834,14.984,0.76,buy,False,2022-11-02T13:35:28.824644+00:00
1263,5291839801,15.097,0.85,buy,False,2022-11-02T13:35:28.474961+00:00
1264,5291839768,15.097,0.94,buy,False,2022-11-02T13:35:28.133156+00:00
1265,5291839734,14.911,1.05,buy,False,2022-11-02T13:35:27.848573+00:00
1266,5291839660,14.911,1.17,buy,False,2022-11-02T13:35:27.436786+00:00
1267,5291837525,15.134,2.04,buy,False,2022-11-02T13:35:13.954733+00:00
1268,5291836723,15.012,2.45,buy,False,2022-11-02T13:35:05.931316+00:00
1269,5291836689,15.012,2.72,buy,False,2022-11-02T13:35:05.399355+00:00
1270,5291835858,15.032,2.7,buy,False,2022-11-02T13:35:01.906671+00:00
1271,5291835805,15.032,3.0,buy,False,2022-11-02T13:35:01.371466+00:00
1272,5291829858,15.062,2.83,buy,False,2022-11-02T13:34:05.581369+00:00
1273,5291827249,15.205,3.1,buy,False,2022-11-02T13:33:46.322453+00:00
1274,5291827186,15.109,3.41,buy,False,2022-11-02T13:33:45.527794+00:00
1275,5291827105,15.065,3.79,buy,False,2022-11-02T13:33:45.142615+00:00
1276,5291821831,15.051,2.97,buy,False,2022-11-02T13:33:11.796701+00:00
1277,5291821779,15.051,3.3,buy,False,2022-11-02T13:33:11.477308+00:00
1278,5291821577,15.051,3.66,buy,False,2022-11-02T13:33:11.003761+00:00
1279,5291819856,15.124,3.52,buy,False,2022-11-02T13:33:03.736369+00:00
1280,5291819833,15.087,3.91,buy,False,2022-11-02T13:33:03.348616+00:00
1281,5291819143,15.124,0.06,buy,False,2022-11-02T13:32:55.629480+00:00
1282,5291819052,15.124,0.07,buy,False,2022-11-02T13:32:54.506583+00:00
1283,5291819035,15.124,0.08,buy,False,2022-11-02T13:32:54.178990+00:00
1284,5291818995,15.124,0.09,buy,False,2022-11-02T13:32:53.597248+00:00
1285,5291818743,15.124,0.09,buy,False,2022-11-02T13:32:52.607398+00:00
1286,5291817920,15.124,0.02,buy,False,2022-11-02T13:32:48.663811+00:00
1287,5291817749,15.124,0.03,buy,False,2022-11-02T13:32:48.223557+00:00
1288,5291817691,15.124,0.1,buy,False,2022-11-02T13:32:47.551481+00:00
1289,5291817668,15.124,0.11,buy,False,2022-11-02T13:32:47.251673+00:00
1290,5291817562,15.124,0.12,buy,False,2022-11-02T13:32:46.595810+00:00
1291,5291817445,15.124,0.13,buy,False,2022-11-02T13:32:45.475379+00:00
1292,5291817395,15.124,0.15,buy,False,2022-11-02T13:32:44.920821+00:00
1293,5291817372,15.124,0.03,buy,False,2022-11-02T13:32:44.542058+00:00
1294,5291817349,15.124,0.03,buy,False,2022-11-02T13:32:44.232748+00:00
1295,5291817306,15.124,0.03,buy,False,2022-11-02T13:32:43.727209+00:00
1296,5291817245,15.124,0.04,buy,False,2022-11-02T13:32:43.451380+00:00
1297,5291817117,15.124,0.04,buy,False,2022-11-02T13:32:42.528037+00:00
1298,5291817091,15.124,0.05,buy,False,2022-11-02T13:32:42.181260+00:00
1299,5291817078,15.124,0.05,buy,False,2022-11-02T13:32:41.932570+00:00
1300,5291817059,15.124,0.02,buy,False,2022-11-02T13:32:41.562392+00:00
1301,5291816738,15.124,0.03,buy,False,2022-11-02T13:32:39.395581+00:00
1302,5291816710,15.124,0.03,buy,False,2022-11-02T13:32:39.126089+00:00
1303,5291816670,15.124,0.01,buy,False,2022-11-02T13:32:38.847464+00:00
1304,5291816626,15.124,0.01,buy,False,2022-11-02T13:32:38.444991+00:00
1305,5291816585,15.124,0.01,buy,False,2022-11-02T13:32:38.136998+00:00
1306,5291816488,15.124,0.01,buy,False,2022-11-02T13:32:37.795412+00:00
1307,5291816407,15.124,0.01,buy,False,2022-11-02T13:32:37.428980+00:00
1308,5291816364,15.124,0.01,buy,False,2022-11-02T13:32:37.102126+00:00
1309,5291816333,15.124,0.01,buy,False,2022-11-02T13:32:36.771795+00:00
1310,5291816305,15.124,0.01,buy,False,2022-11-02T13:32:36.283414+00:00
1311,5291816267,15.124,0.01,buy,False,2022-11-02T13:32:35.933793+00:00
1312,5291816209,15.124,0.01,buy,False,2022-11-02T13:32:35.377545+00:00
1313,5291816178,15.124,0.02,buy,False,2022-11-02T13:32:35.061588+00:00
1314,5291816084,15.124,0.04,buy,False,2022-11-02T13:32:34.503341+00:00
1315,5291815921,15.124,0.04,buy,False,2022-11-02T13:32:33.439486+00:00
1316,5291815896,15.124,0.05,buy,False,2022-11-02T13:32:33.149350+00:00
1317,5291815858,15.124,0.05,buy,False,2022-11-02T13:32:32.839888+00:00
1318,5291815779,15.124,0.06,buy,False,2022-11-02T13:32:32.360599+00:00
1319,5291815474,15.124,0.07,buy,False,2022-11-02T13:32:31.293442+00:00
1320,5291815360,15.124,0.07,buy,False,2022-11-02T13:32:30.979357+00:00
1321,5291815268,15.124,0.04,buy,False,2022-11-02T13:32:30.271522+00:00
1322,5291815220,15.124,0.04,buy,False,2022-11-02T13:32:29.673819+00:00
1323,5291815202,15.124,0.05,buy,False,2022-11-02T13:32:29.415064+00:00
1324,5291815071,15.124,0.05,buy,False,2022-11-02T13:32:28.696959+00:00
1325,5291814994,15.124,0.06,buy,False,2022-11-02T13:32:28.236345+00:00
1326,5291814792,15.124,0.06,buy,False,2022-11-02T13:32:27.864007+00:00
1327,5291814735,15.124,0.03,buy,False,2022-11-02T13:32:27.227616+00:00
1328,5291814558,15.124,0.03,buy,False,2022-11-02T13:32:26.214486+00:00
1329,5291814536,15.124,0.04,buy,False,2022-11-02T13:32:25.868341+00:00
1330,5291814424,15.124,0.04,buy,False,2022-11-02T13:32:25.103502+00:00
1331,5291814390,15.124,0.05,buy,False,2022-11-02T13:32:24.799798+00:00
1332,5291814304,15.124,0.03,buy,False,2022-11-02T13:32:24.286539+00:00
1333,5291814272,15.124,0.03,buy,False,2022-11-02T13:32:23.822651+00:00
1334,5291814202,15.124,0.04,buy,False,2022-11-02T13:32:23.166540+00:00
1335,5291814181,15.124,0.04,buy,False,2022-11-02T13:32:22.832421+00:00
1336,5291814100,15.124,0.05,buy,False,2022-11-02T13:32:22.233940+00:00
1337,5291813984,15.124,0.05,buy,False,2022-11-02T13:32:21.940787+00:00
1338,5291813913,15.124,0.04,buy,False,2022-11-02T13:32:21.643948+00:00
1339,5291813824,15.124,0.04,buy,False,2022-11-02T13:32:21.131365+00:00
1340,5291813712,15.124,0.05,buy,False,2022-11-02T13:32:20.132390+00:00
1341,5291813084,15.124,0.05,buy,False,2022-11-02T13:32:19.063994+00:00
1342,5291812952,15.124,0.03,buy,False,2022-11-02T13:32:18.498472+00:00
1343,5291812789,15.124,0.04,buy,False,2022-11-02T13:32:18.199045+00:00
1344,5291812626,15.124,0.04,buy,False,2022-11-02T13:32:17.876613+00:00
1345,5291812498,15.124,0.04,buy,False,2022-11-02T13:32:17.186454+00:00
1346,5291812438,15.124,0.05,buy,False,2022-11-02T13:32:16.872302+00:00
1347,5291812381,15.124,0.05,buy,False,2022-11-02T13:32:16.560194+00:00
1348,5291812318,15.124,0.06,buy,False,2022-11-02T13:32:16.067092+00:00
1349,5291812287,15.124,0.05,buy,False,2022-11-02T13:32:15.723671+00:00
1350,5291812245,15.124,0.05,buy,False,2022-11-02T13:32:15.402462+00:00
1351,5291812200,15.124,0.06,buy,False,2022-11-02T13:32:14.992409+00:00
1352,5291812123,15.124,0.07,buy,False,2022-11-02T13:32:14.525424+00:00
1353,5291812053,15.124,0.07,buy,False,2022-11-02T13:32:14.090665+00:00
1354,5291811761,15.124,0.08,buy,False,2022-11-02T13:32:13.041326+00:00
1355,5291811634,15.051,0.09,buy,False,2022-11-02T13:32:12.577905+00:00
1356,5291811574,15.051,0.05,buy,False,2022-11-02T13:32:12.202524+00:00
1357,5291811527,15.051,0.06,buy,False,2022-11-02T13:32:11.936663+00:00
1358,5291811359,15.051,0.06,buy,False,2022-11-02T13:32:11.228525+00:00
1359,5291810998,15.051,0.07,buy,False,2022-11-02T13:32:09.987653+00:00
1360,5291810879,15.051,0.08,buy,False,2022-11-02T13:32:09.646252+00:00
1361,5291810504,15.051,0.09,buy,False,2022-11-02T13:32:08.989568+00:00
1362,5291810328,15.051,0.1,buy,False,2022-11-02T13:32:08.477307+00:00
1363,5291810072,15.051,0.01,buy,False,2022-11-02T13:32:08.109432+00:00
1364,5291809906,15.051,0.06,buy,False,2022-11-02T13:32:07.706148+00:00
1365,5291809596,15.051,0.03,buy,False,2022-11-02T13:32:06.956916+00:00
1366,5291809442,15.051,0.04,buy,False,2022-11-02T13:32:06.661535+00:00
1367,5291809107,15.051,0.04,buy,False,2022-11-02T13:32:05.981150+00:00
1368,5291808857,15.051,0.05,buy,False,2022-11-02T13:32:05.535318+00:00
1369,5291808515,15.051,0.05,buy,False,2022-11-02T13:32:04.774683+00:00
1370,5291808244,15.051,0.06,buy,False,2022-11-02T13:32:04.248530+00:00
1371,5291808098,15.051,0.07,buy,False,2022-11-02T13:32:03.916804+00:00
1372,5291807722,15.051,0.07,buy,False,2022-11-02T13:32:02.915036+00:00
1373,5291807353,15.051,0.08,buy,False,2022-11-02T13:32:02.601525+00:00
1374,5291807236,15.018,0.78,sell,False,2022-11-02T13:32:02.321850+00:00
1375,5291807235,15.051,0.04,buy,False,2022-11-02T13:32:02.300505+00:00
1376,5291807183,15.066,0.04,buy,False,2022-11-02T13:32:01.917382+00:00
1377,5291807170,15.066,0.04,buy,False,2022-11-02T13:32:01.655559+00:00
1378,5291806891,15.066,0.05,buy,False,2022-11-02T13:32:00.866341+00:00
1379,5291806827,15.066,0.05,buy,False,2022-11-02T13:32:00.326764+00:00
1380,5291806757,15.066,0.06,buy,False,2022-11-02T13:31:59.848745+00:00
1381,5291806738,15.066,0.07,buy,False,2022-11-02T13:31:59.541533+00:00
1382,5291806708,15.066,0.03,buy,False,2022-11-02T13:31:59.247564+00:00
1383,5291806663,15.066,0.04,buy,False,2022-11-02T13:31:58.883831+00:00
1384,5291805975,15.082,0.1,buy,False,2022-11-02T13:31:53.781824+00:00
1385,5291805947,15.082,0.11,buy,False,2022-11-02T13:31:53.485679+00:00
1386,5291805914,15.082,0.13,buy,False,2022-11-02T13:31:53.142870+00:00
1387,5291805888,15.082,0.14,buy,False,2022-11-02T13:31:52.753451+00:00
1388,5291805860,15.082,0.16,buy,False,2022-11-02T13:31:52.235142+00:00
1389,5291805652,15.102,0.03,buy,False,2022-11-02T13:31:49.801870+00:00
1390,5291805604,15.102,0.03,buy,False,2022-11-02T13:31:49.324017+00:00
1391,5291805551,15.102,0.03,buy,False,2022-11-02T13:31:48.816164+00:00
1392,5291805526,15.102,0.04,buy,False,2022-11-02T13:31:48.513093+00:00
1393,5291805499,15.082,0.8,sell,False,2022-11-02T13:31:48.231625+00:00
1394,5291805496,15.102,0.04,buy,False,2022-11-02T13:31:48.213091+00:00
1395,5291805434,15.102,0.01,buy,False,2022-11-02T13:31:47.766231+00:00
1396,5291804513,15.137,0.02,buy,False,2022-11-02T13:31:41.271950+00:00
1397,5291799412,15.147,0.01,buy,False,2022-11-02T13:31:17.074675+00:00
1398,5291799317,15.147,0.1,buy,False,2022-11-02T13:31:16.741343+00:00
1399,5291796855,15.204,0.75,sell,False,2022-11-02T13:31:06.586757+00:00
1400,5291793419,15.264,0.04,buy,False,2022-11-02T13:30:52.933660+00:00
1401,5291793378,15.264,0.04,buy,False,2022-11-02T13:30:52.434425+00:00
1402,5291793346,15.264,0.05,buy,False,2022-11-02T13:30:51.945154+00:00
1403,5291793298,15.264,0.06,buy,False,2022-11-02T13:30:51.472080+00:00
1404,5291793270,15.264,0.06,buy,False,2022-11-02T13:30:50.951522+00:00
1405,5291793186,15.264,0.07,buy,False,2022-11-02T13:30:50.249248+00:00
