,id,price,size,side,liquidation,time
0,5400945877,10.8,20.0,buy,False,2022-11-10T08:56:17.290869+00:00
1,5400916840,10.8,20.0,buy,False,2022-11-10T08:52:43.786921+00:00
2,5400269673,8.81,2.18,sell,False,2022-11-10T07:33:54.577532+00:00
3,5400097403,10.445,0.2,buy,False,2022-11-10T07:13:58.257874+00:00
4,5400097402,10.0,0.2,buy,False,2022-11-10T07:13:58.257874+00:00
5,5399762881,8.81,38.41,sell,False,2022-11-10T06:37:54.587750+00:00
6,5399762880,8.815,54.04,sell,False,2022-11-10T06:37:54.587750+00:00
7,5398766864,7.695,5.0,sell,False,2022-11-10T04:15:36.152297+00:00
8,5398764802,7.695,5.0,sell,False,2022-11-10T04:15:06.532342+00:00
9,5396500125,12.0,0.27,buy,False,2022-11-09T23:38:47.036826+00:00
10,5396235005,12.11,23.46,buy,False,2022-11-09T23:16:39.062070+00:00
11,5396233640,11.11,60.21,buy,False,2022-11-09T23:16:34.675297+00:00
12,5396233033,10.11,8.78,buy,False,2022-11-09T23:16:31.606676+00:00
13,5395962100,10.11,57.39,buy,False,2022-11-09T22:58:51.155091+00:00
14,5395962099,10.105,1.71,buy,False,2022-11-09T22:58:51.155091+00:00
15,5395962098,9.8,2.0,buy,False,2022-11-09T22:58:51.155091+00:00
16,5395962097,9.7,2.0,buy,False,2022-11-09T22:58:51.155091+00:00
17,5395962096,9.7,2.0,buy,False,2022-11-09T22:58:51.155091+00:00
18,5395962095,9.65,0.9,buy,False,2022-11-09T22:58:51.155091+00:00
19,5395129231,6.505,1.71,sell,False,2022-11-09T21:52:36.519952+00:00
20,5395129230,6.95,0.29,sell,False,2022-11-09T21:52:36.519952+00:00
21,5395094996,6.95,0.71,sell,False,2022-11-09T21:50:39.927578+00:00
22,5395094995,7.04,0.32,sell,False,2022-11-09T21:50:39.927578+00:00
23,5394940133,9.9,67.57,buy,False,2022-11-09T21:41:42.193014+00:00
24,5394940132,9.895,7.07,buy,False,2022-11-09T21:41:42.193014+00:00
25,5394940131,9.68,23.81,buy,False,2022-11-09T21:41:42.193014+00:00
26,5394940130,9.62,25.46,buy,False,2022-11-09T21:41:42.193014+00:00
27,5394940129,9.145,25.79,buy,False,2022-11-09T21:41:42.193014+00:00
28,5394940128,8.32,2.0,buy,False,2022-11-09T21:41:42.193014+00:00
29,5394940127,8.3,2.0,buy,False,2022-11-09T21:41:42.193014+00:00
30,5394940126,8.29,10.0,buy,False,2022-11-09T21:41:42.193014+00:00
31,5394940125,8.285,66.04,buy,False,2022-11-09T21:41:42.193014+00:00
32,5394940124,8.25,2.0,buy,False,2022-11-09T21:41:42.193014+00:00
33,5394652730,8.25,0.6,buy,False,2022-11-09T21:26:38.014703+00:00
34,5394232034,7.04,4.65,sell,False,2022-11-09T21:01:40.362915+00:00
35,5394232033,7.07,5.0,sell,False,2022-11-09T21:01:40.362915+00:00
36,5394232032,7.13,2.61,sell,False,2022-11-09T21:01:40.362915+00:00
37,5394232031,7.2,1.23,sell,False,2022-11-09T21:01:40.362915+00:00
38,5394232030,7.32,2.47,sell,False,2022-11-09T21:01:40.362915+00:00
39,5394232029,7.495,2.41,sell,False,2022-11-09T21:01:40.362915+00:00
40,5394232028,7.51,2.34,sell,False,2022-11-09T21:01:40.362915+00:00
41,5393075102,8.475,3.16,sell,False,2022-11-09T19:26:19.659626+00:00
42,5393038980,8.455,2.08,sell,False,2022-11-09T19:23:45.120899+00:00
43,5392956120,8.36,3.15,sell,False,2022-11-09T19:16:20.143586+00:00
44,5392930347,8.375,2.31,sell,False,2022-11-09T19:13:45.161278+00:00
45,5392865020,8.41,1.19,buy,False,2022-11-09T19:08:35.331684+00:00
46,5392837836,8.435,1.93,sell,False,2022-11-09T19:06:20.201219+00:00
47,5392798295,8.405,2.48,sell,False,2022-11-09T19:03:45.020212+00:00
48,5392705480,8.46,2.99,sell,False,2022-11-09T18:56:19.471681+00:00
49,5392671772,8.365,34.54,sell,False,2022-11-09T18:53:57.311018+00:00
50,5392671771,8.37,65.44,sell,False,2022-11-09T18:53:57.311018+00:00
51,5392668816,8.475,3.15,sell,False,2022-11-09T18:53:44.762743+00:00
52,5392529977,8.48,2.61,sell,False,2022-11-09T18:46:20.269386+00:00
53,5392353717,8.56,2.1,sell,False,2022-11-09T18:36:19.666379+00:00
54,5392331688,8.45,0.6,sell,False,2022-11-09T18:34:37.716045+00:00
55,5392319598,8.56,1.9,sell,False,2022-11-09T18:33:45.188230+00:00
56,5392201028,8.595,2.15,sell,False,2022-11-09T18:26:19.616208+00:00
57,5392162497,8.605,1.78,sell,False,2022-11-09T18:23:44.874892+00:00
58,5392044833,8.575,2.27,sell,False,2022-11-09T18:16:20.031024+00:00
59,5392001806,8.615,2.42,sell,False,2022-11-09T18:13:45.899313+00:00
60,5391865775,8.635,2.88,sell,False,2022-11-09T18:06:20.080747+00:00
61,5391824310,8.635,2.3,sell,False,2022-11-09T18:03:45.671862+00:00
62,5391691582,8.725,2.94,sell,False,2022-11-09T17:56:19.701064+00:00
63,5391650306,8.735,1.84,sell,False,2022-11-09T17:53:45.487358+00:00
64,5391548978,8.755,1.87,sell,False,2022-11-09T17:46:20.340916+00:00
65,5391517010,8.755,1.58,sell,False,2022-11-09T17:43:44.735520+00:00
66,5391402289,8.785,2.77,sell,False,2022-11-09T17:36:19.759248+00:00
67,5391369409,8.775,2.18,sell,False,2022-11-09T17:33:44.821023+00:00
68,5391266789,8.745,1.94,sell,False,2022-11-09T17:26:20.103192+00:00
69,5391235721,8.745,2.01,sell,False,2022-11-09T17:23:45.526904+00:00
70,5391157171,8.74,1.71,sell,False,2022-11-09T17:16:20.541241+00:00
71,5391121399,8.755,2.18,sell,False,2022-11-09T17:13:45.562864+00:00
72,5391036181,8.795,2.71,sell,False,2022-11-09T17:06:19.903850+00:00
73,5391003629,8.815,2.85,sell,False,2022-11-09T17:03:45.621084+00:00
74,5390924077,8.795,2.59,sell,False,2022-11-09T16:56:20.557030+00:00
75,5390905612,8.76,92.87,buy,False,2022-11-09T16:54:21.944854+00:00
76,5390905611,8.76,24.99,buy,False,2022-11-09T16:54:21.944854+00:00
77,5390904244,8.765,13.29,buy,False,2022-11-09T16:54:12.650437+00:00
78,5390904000,8.765,5.51,buy,False,2022-11-09T16:54:10.907327+00:00
79,5390902701,8.715,7.04,buy,False,2022-11-09T16:54:01.860392+00:00
80,5390902111,8.715,7.26,buy,False,2022-11-09T16:53:56.609849+00:00
81,5390902034,8.715,5.11,buy,False,2022-11-09T16:53:56.075209+00:00
82,5390901814,8.72,2.88,buy,False,2022-11-09T16:53:53.634199+00:00
83,5390901697,8.73,2.58,buy,False,2022-11-09T16:53:52.779331+00:00
84,5390901669,8.73,2.82,buy,False,2022-11-09T16:53:52.145761+00:00
85,5390901595,8.73,2.96,buy,False,2022-11-09T16:53:51.615610+00:00
86,5390901095,8.735,2.03,sell,False,2022-11-09T16:53:46.442747+00:00
87,5390821306,8.61,1.94,sell,False,2022-11-09T16:46:20.050465+00:00
88,5390776320,8.585,2.63,sell,False,2022-11-09T16:43:45.504920+00:00
89,5390618297,8.495,2.75,sell,False,2022-11-09T16:33:45.239807+00:00
90,5390523243,8.355,5.06,sell,False,2022-11-09T16:28:36.085668+00:00
91,5390484971,8.49,2.44,sell,False,2022-11-09T16:26:19.729218+00:00
92,5390439361,8.57,1.92,sell,False,2022-11-09T16:23:45.180373+00:00
93,5390403325,8.52,59.01,sell,False,2022-11-09T16:21:27.380317+00:00
94,5390325635,8.725,2.13,sell,False,2022-11-09T16:16:20.076999+00:00
95,5390283815,8.685,3.07,sell,False,2022-11-09T16:13:45.296716+00:00
96,5390166377,8.695,2.84,sell,False,2022-11-09T16:06:20.188410+00:00
97,5390125258,8.685,2.36,sell,False,2022-11-09T16:03:45.434334+00:00
98,5389911146,8.745,2.96,sell,False,2022-11-09T15:53:45.308731+00:00
99,5389772827,8.775,2.38,sell,False,2022-11-09T15:46:19.701960+00:00
100,5389698689,8.755,2.94,sell,False,2022-11-09T15:43:45.309288+00:00
101,5389693420,8.665,4.14,sell,True,2022-11-09T15:43:36.321738+00:00
102,5389492901,8.815,2.82,sell,False,2022-11-09T15:36:19.614292+00:00
103,5389431779,8.775,2.12,sell,False,2022-11-09T15:33:44.674537+00:00
104,5389369189,8.89,2.9,buy,False,2022-11-09T15:29:04.359034+00:00
105,5389368741,8.89,2.75,buy,False,2022-11-09T15:29:02.930636+00:00
106,5389368649,8.89,2.94,buy,False,2022-11-09T15:29:02.399453+00:00
107,5389368417,8.89,3.03,buy,False,2022-11-09T15:29:01.857073+00:00
108,5389368369,8.89,2.86,buy,False,2022-11-09T15:29:01.323972+00:00
109,5389368285,8.89,3.25,buy,False,2022-11-09T15:29:00.794334+00:00
110,5389368191,8.89,3.08,buy,False,2022-11-09T15:29:00.253351+00:00
111,5389340012,8.975,2.09,sell,False,2022-11-09T15:26:20.329267+00:00
112,5389314185,9.025,2.94,sell,False,2022-11-09T15:23:45.728254+00:00
113,5389282894,9.0,3.02,buy,False,2022-11-09T15:20:38.459262+00:00
114,5389282828,9.0,2.98,buy,False,2022-11-09T15:20:37.877774+00:00
115,5389239121,8.975,1.57,sell,False,2022-11-09T15:16:20.398923+00:00
116,5389215476,8.89,2.88,buy,False,2022-11-09T15:13:53.547396+00:00
117,5389214326,8.89,2.53,buy,False,2022-11-09T15:13:44.602028+00:00
118,5389214275,8.89,2.67,buy,False,2022-11-09T15:13:44.062790+00:00
119,5389214047,8.89,2.94,buy,False,2022-11-09T15:13:42.369703+00:00
120,5389213884,8.89,2.89,buy,False,2022-11-09T15:13:41.361882+00:00
121,5389213699,8.89,3.05,buy,False,2022-11-09T15:13:40.834716+00:00
122,5389178216,8.87,2.59,buy,False,2022-11-09T15:09:47.999562+00:00
123,5389151918,8.955,9.76,buy,False,2022-11-09T15:07:07.879615+00:00
124,5389151917,8.955,4.16,buy,False,2022-11-09T15:07:07.879615+00:00
125,5389151842,8.955,3.84,buy,False,2022-11-09T15:07:07.344838+00:00
126,5389149247,8.935,17.29,buy,False,2022-11-09T15:06:50.570352+00:00
127,5389148810,8.935,4.79,buy,False,2022-11-09T15:06:47.566042+00:00
128,5389148755,8.935,4.28,buy,False,2022-11-09T15:06:47.031872+00:00
129,5389148687,8.935,4.38,buy,False,2022-11-09T15:06:46.500993+00:00
130,5389148583,8.935,4.98,buy,False,2022-11-09T15:06:45.968563+00:00
131,5389144197,8.935,2.34,sell,False,2022-11-09T15:06:19.967661+00:00
132,5389140619,8.93,3.0,buy,False,2022-11-09T15:06:00.128739+00:00
133,5389140512,8.93,2.95,buy,False,2022-11-09T15:05:59.593986+00:00
134,5389140392,8.93,2.9,buy,False,2022-11-09T15:05:59.066070+00:00
135,5389140309,8.93,2.85,buy,False,2022-11-09T15:05:58.521353+00:00
136,5389140168,8.94,2.89,buy,False,2022-11-09T15:05:57.604047+00:00
137,5389139896,8.95,2.71,buy,False,2022-11-09T15:05:56.389502+00:00
138,5389111793,8.995,2.44,sell,False,2022-11-09T15:03:44.960715+00:00
139,5389062876,8.95,2.51,buy,False,2022-11-09T14:59:47.873318+00:00
140,5389022438,9.115,2.71,sell,False,2022-11-09T14:56:20.562593+00:00
141,5388992136,9.225,1.96,sell,False,2022-11-09T14:53:46.033182+00:00
142,5388873505,9.305,1.46,sell,False,2022-11-09T14:46:20.564395+00:00
143,5388811166,9.205,1.92,sell,False,2022-11-09T14:43:45.303174+00:00
144,5388761882,9.1,1.0,sell,False,2022-11-09T14:40:17.379714+00:00
145,5388715296,9.295,2.06,sell,False,2022-11-09T14:36:19.707875+00:00
146,5388678339,9.235,2.45,sell,False,2022-11-09T14:33:45.028256+00:00
147,5388643126,9.225,16.05,buy,False,2022-11-09T14:31:47.181023+00:00
148,5388214885,7.835,23.06,sell,False,2022-11-09T13:50:44.932205+00:00
149,5388214884,7.93,2.09,sell,False,2022-11-09T13:50:44.932205+00:00
150,5388214883,8.105,1.98,sell,False,2022-11-09T13:50:44.932205+00:00
151,5388214882,8.11,1.41,sell,False,2022-11-09T13:50:44.932205+00:00
152,5388214881,8.27,1.89,sell,False,2022-11-09T13:50:44.932205+00:00
153,5388214880,8.39,1.86,sell,False,2022-11-09T13:50:44.932205+00:00
154,5388214879,8.43,1.8,sell,False,2022-11-09T13:50:44.932205+00:00
155,5388214878,8.515,1.73,sell,False,2022-11-09T13:50:44.932205+00:00
156,5388214877,8.555,1.77,sell,False,2022-11-09T13:50:44.932205+00:00
157,5388214876,8.56,13.22,sell,False,2022-11-09T13:50:44.932205+00:00
158,5388214875,8.665,1.65,sell,False,2022-11-09T13:50:44.932205+00:00
159,5388214874,8.715,1.69,sell,False,2022-11-09T13:50:44.932205+00:00
160,5388214873,8.81,0.77,sell,False,2022-11-09T13:50:44.932205+00:00
161,5385250015,8.9,5.07,buy,False,2022-11-09T10:25:25.621780+00:00
162,5384960565,9.525,1.61,sell,False,2022-11-09T10:12:26.295829+00:00
163,5382876279,9.89,11.25,buy,False,2022-11-09T08:00:53.347845+00:00
164,5382760761,8.81,0.81,sell,False,2022-11-09T07:51:00.251106+00:00
165,5382760760,8.87,1.61,sell,False,2022-11-09T07:51:00.251106+00:00
166,5382760759,9.52,1.58,sell,False,2022-11-09T07:51:00.251106+00:00
167,5382401135,9.53,2.18,sell,False,2022-11-09T07:21:37.708891+00:00
168,5380639590,9.97,0.01,buy,False,2022-11-09T05:01:12.882291+00:00
169,5380572563,8.11,80.71,sell,False,2022-11-09T04:55:34.218592+00:00
170,5380572562,8.155,46.2,sell,False,2022-11-09T04:55:34.218592+00:00
171,5380572561,8.155,49.3,sell,False,2022-11-09T04:55:34.218592+00:00
172,5380572560,8.155,32.56,sell,False,2022-11-09T04:55:34.218592+00:00
173,5380572559,8.155,43.19,sell,False,2022-11-09T04:55:34.218592+00:00
174,5380572558,8.585,1.72,sell,False,2022-11-09T04:55:34.218592+00:00
175,5380572557,8.74,1.64,sell,False,2022-11-09T04:55:34.218592+00:00
176,5380572556,8.885,1.56,sell,False,2022-11-09T04:55:34.218592+00:00
177,5380572555,8.95,1.51,sell,False,2022-11-09T04:55:34.218592+00:00
178,5380572554,9.02,1.54,sell,False,2022-11-09T04:55:34.218592+00:00
179,5380572553,9.03,1.49,sell,False,2022-11-09T04:55:34.218592+00:00
180,5380572552,9.09,1.44,sell,False,2022-11-09T04:55:34.218592+00:00
181,5380572551,9.165,1.47,sell,False,2022-11-09T04:55:34.218592+00:00
182,5380572550,9.17,1.43,sell,False,2022-11-09T04:55:34.218592+00:00
183,5380572549,9.225,1.38,sell,False,2022-11-09T04:55:34.218592+00:00
184,5380572548,9.305,1.41,sell,False,2022-11-09T04:55:34.218592+00:00
185,5380572547,9.305,1.37,sell,False,2022-11-09T04:55:34.218592+00:00
186,5380572546,9.33,71.38,sell,False,2022-11-09T04:55:34.218592+00:00
187,5380572545,9.335,38.83,sell,False,2022-11-09T04:55:34.218592+00:00
188,5380179844,9.335,19.03,sell,False,2022-11-09T04:16:55.098163+00:00
189,5380179843,9.605,1.87,sell,False,2022-11-09T04:16:55.098163+00:00
190,5378069801,9.755,2.07,sell,False,2022-11-09T00:59:45.937821+00:00
191,5378024440,9.765,1.51,sell,False,2022-11-09T00:54:51.791229+00:00
192,5377991119,9.77,1.7,sell,False,2022-11-09T00:51:49.251988+00:00
193,5377858863,9.795,2.63,sell,False,2022-11-09T00:39:21.265390+00:00
194,5377806090,9.795,2.0,sell,False,2022-11-09T00:33:57.351443+00:00
195,5377544457,9.8,2.42,sell,False,2022-11-09T00:10:19.393796+00:00
196,5377525412,9.79,0.16,buy,False,2022-11-09T00:08:44.121102+00:00
197,5377525095,9.79,2.83,buy,False,2022-11-09T00:08:42.343737+00:00
198,5377323250,9.335,2.99,sell,False,2022-11-08T23:53:59.464321+00:00
199,5377279354,9.8,2.36,sell,False,2022-11-08T23:50:18.951754+00:00
200,5377216884,9.81,2.54,sell,False,2022-11-08T23:45:45.953533+00:00
201,5376831290,9.79,2.31,sell,False,2022-11-08T23:20:18.470424+00:00
202,5376759750,9.77,2.1,sell,False,2022-11-08T23:15:45.634982+00:00
203,5376639371,9.72,2.32,sell,False,2022-11-08T23:05:44.958665+00:00
204,5376631529,9.715,2.03,buy,False,2022-11-08T23:05:15.034811+00:00
205,5376631528,9.715,1.57,buy,False,2022-11-08T23:05:15.034811+00:00
206,5376631454,9.715,3.4,buy,False,2022-11-08T23:05:14.504243+00:00
207,5376631386,9.715,3.57,buy,False,2022-11-08T23:05:13.975036+00:00
208,5376631288,9.715,3.49,buy,False,2022-11-08T23:05:13.439904+00:00
209,5376631150,9.715,3.49,buy,False,2022-11-08T23:05:12.877758+00:00
210,5376601763,9.335,15.52,sell,False,2022-11-08T23:03:08.586992+00:00
211,5376601762,9.355,1.32,sell,False,2022-11-08T23:03:08.586992+00:00
212,5376583630,9.745,2.65,sell,False,2022-11-08T23:02:25.954800+00:00
213,5375709059,9.735,2.18,sell,False,2022-11-08T21:55:44.939795+00:00
214,5375606210,9.735,1.86,sell,False,2022-11-08T21:50:19.834707+00:00
215,5375531480,9.725,2.46,sell,False,2022-11-08T21:45:45.843366+00:00
216,5375430253,9.69,2.33,sell,False,2022-11-08T21:40:18.990305+00:00
217,5375357924,9.7,1.47,sell,False,2022-11-08T21:35:45.110662+00:00
218,5375276155,9.735,2.68,sell,False,2022-11-08T21:30:18.577867+00:00
219,5375213909,9.715,1.57,sell,False,2022-11-08T21:26:26.249658+00:00
220,5375171415,9.71,0.18,buy,False,2022-11-08T21:24:20.080912+00:00
221,5375170727,9.71,3.13,buy,False,2022-11-08T21:24:19.546544+00:00
222,5375170098,9.71,2.55,buy,False,2022-11-08T21:24:19.014003+00:00
223,5375169907,9.71,2.8,buy,False,2022-11-08T21:24:18.475929+00:00
224,5375169589,9.71,2.84,buy,False,2022-11-08T21:24:17.936794+00:00
225,5375169393,9.71,2.79,buy,False,2022-11-08T21:24:17.400805+00:00
226,5375114547,9.36,14.29,sell,False,2022-11-08T21:20:24.069123+00:00
227,5375114546,9.435,1.31,sell,False,2022-11-08T21:20:24.069123+00:00
228,5375114545,9.445,1.35,sell,False,2022-11-08T21:20:24.069123+00:00
229,5375114544,9.48,1.26,sell,False,2022-11-08T21:20:24.069123+00:00
230,5375114543,9.69,2.62,sell,False,2022-11-08T21:20:24.069123+00:00
231,5375019475,9.73,2.45,sell,False,2022-11-08T21:15:45.811294+00:00
232,5374925766,9.72,2.29,sell,False,2022-11-08T21:10:18.331619+00:00
233,5374885278,9.72,1.77,buy,False,2022-11-08T21:07:39.001714+00:00
234,5374885277,9.72,0.91,buy,False,2022-11-08T21:07:39.001714+00:00
235,5374853111,9.72,2.39,sell,False,2022-11-08T21:05:45.639761+00:00
236,5374766793,9.69,2.26,sell,False,2022-11-08T21:00:18.009587+00:00
237,5374750202,9.67,26.01,buy,False,2022-11-08T20:59:28.467760+00:00
238,5374677391,9.69,2.69,sell,False,2022-11-08T20:55:45.772706+00:00
239,5374629114,9.63,42.83,sell,False,2022-11-08T20:52:51.129659+00:00
240,5374579090,9.65,61.71,sell,False,2022-11-08T20:50:16.109849+00:00
241,5374427284,9.59,60.35,sell,False,2022-11-08T20:42:13.103889+00:00
242,5374395255,9.66,2.4,sell,False,2022-11-08T20:40:18.125717+00:00
243,5374310162,9.73,3.03,sell,False,2022-11-08T20:35:45.665551+00:00
244,5374254695,9.71,4.58,buy,False,2022-11-08T20:32:50.418360+00:00
245,5374254545,9.71,5.1,buy,False,2022-11-08T20:32:49.882110+00:00
246,5374244034,9.67,66.19,sell,False,2022-11-08T20:32:19.934869+00:00
247,5374196010,9.76,2.56,sell,False,2022-11-08T20:30:17.971731+00:00
248,5374101068,9.84,1.63,sell,False,2022-11-08T20:25:45.966079+00:00
249,5373862457,9.73,3.04,sell,False,2022-11-08T20:15:45.953006+00:00
250,5373728273,9.5,1.0,sell,False,2022-11-08T20:11:28.114364+00:00
251,5373632050,9.565,1.25,sell,False,2022-11-08T20:08:59.270216+00:00
252,5373613339,9.575,1.29,sell,False,2022-11-08T20:08:35.424072+00:00
253,5373606363,9.605,1.21,sell,False,2022-11-08T20:08:25.051768+00:00
254,5373534235,9.71,2.28,sell,False,2022-11-08T20:05:44.945853+00:00
255,5373380177,9.65,2.68,sell,False,2022-11-08T20:00:18.794919+00:00
256,5373334453,9.92,1.09,buy,False,2022-11-08T19:58:36.214206+00:00
257,5373257898,9.71,2.11,sell,False,2022-11-08T19:55:44.885265+00:00
258,5373101694,9.73,2.24,sell,False,2022-11-08T19:50:18.492040+00:00
259,5372979907,9.685,1.2,sell,False,2022-11-08T19:46:48.589878+00:00
260,5372972634,9.705,0.93,sell,False,2022-11-08T19:46:40.679822+00:00
261,5372905878,9.705,0.31,sell,False,2022-11-08T19:45:09.259515+00:00
262,5372876132,9.72,1.16,sell,False,2022-11-08T19:44:09.350832+00:00
263,5372799068,9.805,1.15,sell,False,2022-11-08T19:41:38.737151+00:00
264,5372741609,9.83,1.18,sell,False,2022-11-08T19:40:05.188559+00:00
265,5372738060,9.84,1.12,sell,False,2022-11-08T19:40:00.602344+00:00
266,5372630975,9.875,3.55,sell,False,2022-11-08T19:37:26.952470+00:00
267,5372560869,9.96,2.51,sell,False,2022-11-08T19:35:57.537081+00:00
268,5372309488,9.925,1.11,sell,False,2022-11-08T19:32:26.547369+00:00
269,5372215643,9.95,1.07,sell,False,2022-11-08T19:31:14.004934+00:00
270,5372215642,9.955,1.14,sell,False,2022-11-08T19:31:14.004934+00:00
271,5372180952,9.96,2.56,sell,False,2022-11-08T19:30:49.674731+00:00
272,5371609871,10.14,2.74,sell,False,2022-11-08T19:20:18.877254+00:00
273,5371553267,10.035,0.53,sell,False,2022-11-08T19:17:44.907037+00:00
274,5371553266,10.035,1.06,sell,False,2022-11-08T19:17:44.907037+00:00
275,5371283291,10.06,1.03,sell,False,2022-11-08T19:09:32.780999+00:00
276,5371282566,10.07,1.09,sell,False,2022-11-08T19:09:31.474816+00:00
277,5371200660,10.11,54.85,sell,False,2022-11-08T19:06:24.155835+00:00
278,5370999868,10.11,11.02,sell,False,2022-11-08T18:59:40.384960+00:00
279,5370546221,10.165,0.99,sell,False,2022-11-08T18:44:40.643445+00:00
280,5370384108,10.27,0.98,sell,False,2022-11-08T18:39:52.530878+00:00
281,5370297812,10.29,2.48,buy,False,2022-11-08T18:36:41.993959+00:00
282,5370077099,10.145,1.02,sell,False,2022-11-08T18:30:49.772165+00:00
283,5370069588,10.185,1.05,sell,False,2022-11-08T18:30:34.461771+00:00
284,5370039114,10.255,0.98,sell,False,2022-11-08T18:29:48.051650+00:00
285,5369967955,10.36,0.97,sell,False,2022-11-08T18:27:44.998075+00:00
286,5369953394,10.3,1.0,sell,False,2022-11-08T18:27:19.990713+00:00
287,5369953393,10.3,7.14,sell,False,2022-11-08T18:27:19.990713+00:00
288,5369946424,10.33,0.92,sell,False,2022-11-08T18:27:07.484272+00:00
289,5369878463,10.405,0.97,sell,False,2022-11-08T18:25:15.840350+00:00
290,5369864564,10.48,0.03,buy,False,2022-11-08T18:24:54.498882+00:00
291,5369852288,10.51,0.93,buy,False,2022-11-08T18:24:33.989693+00:00
292,5368711551,10.81,2.03,buy,False,2022-11-08T18:03:44.520685+00:00
293,5368598105,10.825,3.02,sell,False,2022-11-08T18:00:18.157314+00:00
294,5368451282,10.875,2.31,sell,False,2022-11-08T17:55:44.951766+00:00
295,5368209324,10.955,2.39,sell,False,2022-11-08T17:50:18.757098+00:00
296,5368100714,10.995,2.28,sell,False,2022-11-08T17:45:46.344157+00:00
297,5367981850,10.975,1.53,sell,False,2022-11-08T17:40:19.930177+00:00
298,5367717237,11.05,25.32,sell,False,2022-11-08T17:28:49.986345+00:00
299,5367427876,11.105,5.74,sell,False,2022-11-08T17:20:35.476292+00:00
300,5367062149,11.66,0.94,buy,False,2022-11-08T17:05:53.106504+00:00
301,5366670983,11.385,2.03,sell,False,2022-11-08T16:50:18.948542+00:00
302,5366554468,11.355,2.74,sell,False,2022-11-08T16:45:46.242167+00:00
303,5366414906,11.36,2.48,sell,False,2022-11-08T16:40:18.668419+00:00
304,5366298373,11.37,2.32,sell,False,2022-11-08T16:35:45.057289+00:00
305,5365534619,11.3,51.12,sell,False,2022-11-08T16:14:47.550441+00:00
306,5364881739,10.975,0.01,sell,False,2022-11-08T16:04:02.608291+00:00
307,5364878075,11.005,4.72,buy,False,2022-11-08T16:03:58.020201+00:00
308,5364688195,10.85,2.65,sell,False,2022-11-08T15:55:44.923105+00:00
309,5364603419,10.775,2.53,sell,False,2022-11-08T15:50:18.022762+00:00
310,5364533531,10.815,2.45,sell,False,2022-11-08T15:45:45.019315+00:00
311,5364465867,10.815,2.85,sell,False,2022-11-08T15:40:18.527969+00:00
312,5364404075,10.87,2.72,sell,False,2022-11-08T15:35:45.687276+00:00
313,5364324570,10.93,2.0,sell,False,2022-11-08T15:30:18.938248+00:00
314,5364238921,10.93,2.15,sell,False,2022-11-08T15:25:45.544483+00:00
315,5364083642,10.805,2.3,sell,False,2022-11-08T15:15:56.853065+00:00
316,5363934055,10.735,1.97,sell,False,2022-11-08T15:05:51.741323+00:00
317,5363850933,10.64,1.65,sell,False,2022-11-08T15:00:18.040630+00:00
318,5363821942,10.7,0.47,buy,False,2022-11-08T14:58:21.392684+00:00
319,5363821826,10.7,2.85,buy,False,2022-11-08T14:58:20.851336+00:00
320,5363821710,10.7,2.63,buy,False,2022-11-08T14:58:20.316628+00:00
321,5363564956,10.66,1.03,sell,False,2022-11-08T14:45:31.670854+00:00
322,5363564955,10.66,62.47,sell,False,2022-11-08T14:45:31.670854+00:00
323,5363457238,10.785,0.99,sell,False,2022-11-08T14:40:48.320604+00:00
324,5363454549,10.8,0.92,sell,False,2022-11-08T14:40:42.330482+00:00
325,5363447251,10.9,2.33,buy,False,2022-11-08T14:40:20.388009+00:00
326,5363431551,10.9,0.95,sell,False,2022-11-08T14:39:43.279023+00:00
327,5363327925,11.08,1.59,sell,False,2022-11-08T14:35:51.395606+00:00
328,5363306455,11.015,0.91,sell,False,2022-11-08T14:34:22.523181+00:00
329,5363293879,11.13,0.9,sell,False,2022-11-08T14:33:41.024993+00:00
330,5363275255,10.975,17.43,buy,False,2022-11-08T14:32:18.739983+00:00
331,5363273171,11.0,66.51,sell,False,2022-11-08T14:32:09.979304+00:00
332,5363262866,11.01,31.96,sell,False,2022-11-08T14:31:21.185672+00:00
333,5363258207,11.095,0.6,sell,False,2022-11-08T14:31:01.911770+00:00
334,5362755282,11.945,2.55,sell,False,2022-11-08T13:58:24.999664+00:00
335,5361735037,12.03,1.82,sell,False,2022-11-08T11:54:46.341060+00:00
336,5361671608,12.03,1.49,sell,False,2022-11-08T11:47:32.807329+00:00
337,5361596989,12.015,2.43,sell,False,2022-11-08T11:37:33.090968+00:00
338,5361572427,12.02,2.34,sell,False,2022-11-08T11:34:45.932504+00:00
339,5361473319,12.01,1.62,sell,False,2022-11-08T11:24:46.594903+00:00
340,5361006805,12.01,1.96,sell,False,2022-11-08T10:37:33.514276+00:00
341,5360716861,11.96,1.43,sell,False,2022-11-08T10:04:46.097952+00:00
342,5360633354,11.96,2.67,sell,False,2022-11-08T09:54:45.978473+00:00
343,5360615781,11.96,1.08,sell,False,2022-11-08T09:52:24.460869+00:00
344,5360615780,11.96,0.5,sell,False,2022-11-08T09:52:24.456576+00:00
345,5360297563,11.975,1.55,sell,False,2022-11-08T09:20:55.528614+00:00
346,5360297562,11.975,2.05,sell,False,2022-11-08T09:20:55.528614+00:00
347,5360223503,11.97,48.76,buy,False,2022-11-08T09:13:31.013669+00:00
348,5360223424,12.01,1.69,sell,False,2022-11-08T09:13:30.101655+00:00
349,5360123080,12.005,2.66,sell,False,2022-11-08T09:03:19.773926+00:00
350,5360086425,12.06,1.0,buy,False,2022-11-08T09:00:00.232704+00:00
351,5359928039,12.06,20.83,buy,False,2022-11-08T08:42:24.475376+00:00
352,5356548908,12.175,1.16,buy,False,2022-11-08T05:04:41.836655+00:00
353,5356295683,11.795,4.6,sell,False,2022-11-08T04:51:05.725209+00:00
354,5356295682,11.795,0.4,sell,False,2022-11-08T04:51:05.725209+00:00
355,5356289438,12.16,5.0,buy,False,2022-11-08T04:50:36.876626+00:00
356,5356263226,12.425,0.27,sell,False,2022-11-08T04:49:13.262099+00:00
357,5356263086,11.01,28.53,sell,False,2022-11-08T04:49:12.717668+00:00
358,5356263085,11.585,5.95,sell,False,2022-11-08T04:49:12.717668+00:00
359,5356263084,12.01,2.55,sell,False,2022-11-08T04:49:12.717668+00:00
360,5356263083,12.015,29.48,sell,False,2022-11-08T04:49:12.717668+00:00
361,5356263065,13.005,0.18,sell,False,2022-11-08T04:49:12.613613+00:00
362,5356262885,13.53,0.13,sell,False,2022-11-08T04:49:12.048223+00:00
363,5356262482,14.005,0.09,sell,False,2022-11-08T04:49:11.456413+00:00
364,5356256918,14.44,0.18,sell,False,2022-11-08T04:48:57.066510+00:00
365,5356251131,14.08,0.45,buy,False,2022-11-08T04:48:39.792023+00:00
366,5356251130,13.575,0.25,buy,False,2022-11-08T04:48:39.792023+00:00
367,5356251129,12.955,0.13,buy,False,2022-11-08T04:48:39.792023+00:00
368,5356251128,12.6,1.0,buy,False,2022-11-08T04:48:39.792023+00:00
369,5353970533,12.035,3.0,sell,False,2022-11-08T03:20:13.304089+00:00
370,5352975632,12.955,0.52,buy,False,2022-11-08T02:22:53.992574+00:00
371,5352975631,12.91,0.18,buy,False,2022-11-08T02:22:53.992574+00:00
372,5352975630,12.405,0.13,buy,False,2022-11-08T02:22:53.992574+00:00
373,5352345413,12.055,1.77,sell,False,2022-11-08T00:58:02.670345+00:00
374,5351739542,11.89,12.94,sell,False,2022-11-07T23:50:47.882203+00:00
375,5351739541,12.025,2.19,sell,False,2022-11-07T23:50:47.882203+00:00
376,5351313743,11.96,52.76,buy,False,2022-11-07T23:04:38.214533+00:00
377,5351313727,12.02,2.23,sell,False,2022-11-07T23:04:38.130397+00:00
378,5349836798,12.01,2.37,sell,False,2022-11-07T20:48:38.000954+00:00
379,5349651348,11.98,2.54,sell,False,2022-11-07T20:20:24.743888+00:00
380,5349412595,12.035,2.76,sell,False,2022-11-07T19:50:17.092872+00:00
381,5348728001,12.095,2.6,sell,False,2022-11-07T18:17:49.674060+00:00
382,5348087475,12.035,0.6,sell,False,2022-11-07T16:46:21.779230+00:00
383,5348049332,12.1,0.73,buy,False,2022-11-07T16:42:32.799774+00:00
384,5346763343,12.445,61.73,sell,False,2022-11-07T14:42:09.424093+00:00
385,5346731122,12.46,3.06,buy,False,2022-11-07T14:39:39.565953+00:00
386,5346731055,12.46,3.04,buy,False,2022-11-07T14:39:39.031024+00:00
387,5346730812,12.46,3.06,buy,False,2022-11-07T14:39:38.469705+00:00
388,5346711678,12.43,2.94,buy,False,2022-11-07T14:38:04.014735+00:00
389,5346668293,12.445,8.0,sell,False,2022-11-07T14:35:20.582215+00:00
390,5346668281,12.445,37.38,sell,False,2022-11-07T14:35:20.564959+00:00
391,5346583250,12.415,4.61,buy,False,2022-11-07T14:30:15.482678+00:00
392,5346583189,12.415,2.81,buy,False,2022-11-07T14:30:14.957705+00:00
393,5346577514,12.385,1.0,buy,False,2022-11-07T14:30:01.501740+00:00
394,5346564691,12.28,44.31,buy,False,2022-11-07T14:28:00.229197+00:00
395,5345923459,12.285,0.75,sell,False,2022-11-07T13:02:56.991291+00:00
396,5345923419,12.285,1.0,sell,False,2022-11-07T13:02:56.792458+00:00
397,5345788422,12.415,1.61,buy,False,2022-11-07T12:47:14.405192+00:00
398,5345200685,12.015,4.44,sell,False,2022-11-07T11:28:24.016379+00:00
399,5344922428,11.915,75.82,sell,False,2022-11-07T10:42:46.970455+00:00
400,5341978419,12.1,63.8,buy,False,2022-11-07T05:09:19.682440+00:00
401,5341762960,11.59,118.87,buy,False,2022-11-07T04:31:49.370334+00:00
402,5341762952,11.59,1.2,sell,False,2022-11-07T04:31:49.304620+00:00
403,5341762951,11.59,22.79,sell,False,2022-11-07T04:31:49.304620+00:00
404,5340400142,11.59,7.18,sell,False,2022-11-07T01:21:21.283156+00:00
405,5337223411,11.59,3.24,sell,False,2022-11-06T18:40:27.183051+00:00
406,5337110895,11.59,1.47,sell,False,2022-11-06T18:26:23.513313+00:00
407,5337110894,11.645,1.09,sell,False,2022-11-06T18:26:23.513313+00:00
408,5337110893,11.81,0.3,sell,False,2022-11-06T18:26:23.513313+00:00
409,5334345798,12.515,0.25,buy,False,2022-11-06T12:31:25.776028+00:00
410,5334058468,11.81,0.75,sell,False,2022-11-06T11:45:51.239027+00:00
411,5334058467,11.97,1.0,sell,False,2022-11-06T11:45:51.239027+00:00
412,5334050819,12.66,3.0,buy,False,2022-11-06T11:45:03.751210+00:00
413,5330704917,11.59,9.52,sell,False,2022-11-06T01:22:48.755745+00:00
414,5330704916,11.67,0.2,sell,False,2022-11-06T01:22:48.755745+00:00
415,5330704915,12.12,0.96,sell,False,2022-11-06T01:22:48.755745+00:00
416,5330704914,12.14,0.14,sell,False,2022-11-06T01:22:48.755745+00:00
417,5330704913,12.275,0.92,sell,False,2022-11-06T01:22:48.755745+00:00
418,5330704912,12.42,0.28,sell,False,2022-11-06T01:22:48.755745+00:00
419,5329007299,12.835,0.11,buy,False,2022-11-05T21:07:50.097980+00:00
420,5329007298,12.805,0.13,buy,False,2022-11-05T21:07:50.097980+00:00
421,5328146052,12.42,0.6,sell,False,2022-11-05T18:33:17.513839+00:00
422,5328144604,12.43,1.16,buy,False,2022-11-05T18:32:58.295817+00:00
423,5327806609,12.56,0.85,sell,False,2022-11-05T17:45:54.077105+00:00
424,5327806490,12.7,0.82,sell,False,2022-11-05T17:45:53.175249+00:00
425,5327806468,12.83,0.78,sell,False,2022-11-05T17:45:52.646343+00:00
426,5327806413,12.57,0.1,sell,False,2022-11-05T17:45:51.897095+00:00
427,5327806146,12.96,0.21,sell,False,2022-11-05T17:45:49.672042+00:00
428,5327804974,12.96,0.33,sell,False,2022-11-05T17:45:40.742193+00:00
429,5327804971,12.96,0.45,buy,False,2022-11-05T17:45:40.685307+00:00
430,5327772230,11.59,4.63,sell,False,2022-11-05T17:41:15.843191+00:00
431,5327772229,11.865,0.14,sell,False,2022-11-05T17:41:15.843191+00:00
432,5327772228,12.285,0.1,sell,False,2022-11-05T17:41:15.843191+00:00
433,5327309222,12.665,0.21,sell,False,2022-11-05T16:43:18.559561+00:00
434,5327307691,14.45,0.99,buy,False,2022-11-05T16:43:08.700162+00:00
435,5327307690,14.0,1.0,buy,False,2022-11-05T16:43:08.700162+00:00
436,5327307689,13.86,0.25,buy,False,2022-11-05T16:43:08.700162+00:00
437,5327307688,13.5,0.96,buy,False,2022-11-05T16:43:08.700162+00:00
438,5327307687,13.175,0.18,buy,False,2022-11-05T16:43:08.700162+00:00
439,5327307686,13.0,0.91,buy,False,2022-11-05T16:43:08.700162+00:00
440,5327307685,12.925,0.45,buy,False,2022-11-05T16:43:08.700162+00:00
441,5327307684,12.665,0.13,buy,False,2022-11-05T16:43:08.700162+00:00
442,5322941139,12.285,0.6,sell,False,2022-11-05T06:01:47.144656+00:00
443,5318887843,12.265,1.0,sell,False,2022-11-04T20:24:26.638382+00:00
444,5318382183,12.245,4.08,buy,False,2022-11-04T19:18:44.256347+00:00
445,5318230300,12.085,1.85,sell,False,2022-11-04T19:00:29.018654+00:00
446,5318168498,11.975,2.56,sell,False,2022-11-04T18:50:49.028991+00:00
447,5318124362,11.995,2.73,sell,False,2022-11-04T18:45:34.123237+00:00
448,5318077291,11.95,1.5,sell,False,2022-11-04T18:40:49.198550+00:00
449,5318034561,11.92,1.7,sell,False,2022-11-04T18:36:08.254730+00:00
450,5317986217,11.97,1.47,sell,False,2022-11-04T18:30:42.793263+00:00
451,5317925694,12.01,2.1,sell,False,2022-11-04T18:25:07.576510+00:00
452,5317795972,11.87,2.83,sell,False,2022-11-04T18:05:53.238514+00:00
453,5317724992,11.89,2.68,sell,False,2022-11-04T17:55:07.694370+00:00
454,5317474053,12.065,1.24,buy,False,2022-11-04T17:17:58.000568+00:00
455,5315931007,12.1,1.0,sell,False,2022-11-04T15:05:15.391611+00:00
456,5315613416,12.215,1.39,sell,False,2022-11-04T14:39:09.521904+00:00
457,5315562915,12.235,2.36,sell,False,2022-11-04T14:35:11.096915+00:00
458,5314712979,12.145,0.6,buy,False,2022-11-04T13:39:37.515371+00:00
459,5314711634,12.08,5.59,buy,False,2022-11-04T13:39:25.721677+00:00
460,5314215126,12.59,0.91,buy,False,2022-11-04T13:01:36.306565+00:00
461,5311323289,12.33,0.13,sell,False,2022-11-04T08:02:33.810948+00:00
462,5311320880,12.33,0.24,sell,False,2022-11-04T08:02:28.704420+00:00
463,5311320824,12.33,0.13,sell,False,2022-11-04T08:02:28.427837+00:00
464,5311320812,12.33,0.37,sell,False,2022-11-04T08:02:28.324992+00:00
465,5311320765,12.33,0.5,sell,False,2022-11-04T08:02:27.901331+00:00
466,5311320724,12.33,0.5,sell,False,2022-11-04T08:02:27.552680+00:00
467,5311320677,12.33,0.5,sell,False,2022-11-04T08:02:27.108340+00:00
468,5311291370,12.35,0.5,sell,False,2022-11-04T08:00:01.257520+00:00
469,5311291303,12.35,0.5,sell,False,2022-11-04T08:00:01.069407+00:00
470,5311291228,12.35,1.0,sell,False,2022-11-04T08:00:00.804474+00:00
471,5311291072,12.35,1.5,sell,False,2022-11-04T08:00:00.352962+00:00
472,5311291026,12.35,3.0,sell,False,2022-11-04T08:00:00.149995+00:00
473,5310903005,12.51,0.38,buy,False,2022-11-04T07:06:31.013566+00:00
474,5310902980,12.51,1.5,buy,False,2022-11-04T07:06:30.827702+00:00
475,5310014351,12.475,1.64,buy,False,2022-11-04T05:34:49.683278+00:00
476,5309950186,12.48,1.4,buy,False,2022-11-04T05:24:50.385460+00:00
477,5309687352,12.405,0.96,buy,False,2022-11-04T04:43:36.134278+00:00
478,5305762210,12.315,2.78,sell,False,2022-11-03T19:36:51.227058+00:00
479,5305392982,12.505,1.76,sell,False,2022-11-03T18:30:19.597748+00:00
480,5304901643,12.52,2.14,sell,False,2022-11-03T17:19:42.907172+00:00
481,5304759091,12.5,1.2,sell,False,2022-11-03T16:57:09.721445+00:00
482,5304482676,12.53,2.58,sell,False,2022-11-03T16:14:09.150716+00:00
483,5304418544,12.53,2.35,sell,False,2022-11-03T16:06:04.527332+00:00
484,5304396891,12.52,2.26,sell,False,2022-11-03T16:03:35.199885+00:00
485,5304347655,12.51,2.18,sell,False,2022-11-03T15:56:24.950998+00:00
486,5304289862,12.55,2.34,sell,False,2022-11-03T15:46:07.954486+00:00
487,5304275177,12.475,1.79,sell,False,2022-11-03T15:43:41.356901+00:00
488,5304173237,12.605,1.71,sell,False,2022-11-03T15:29:59.795142+00:00
489,5304111395,12.665,2.41,sell,False,2022-11-03T15:20:57.617438+00:00
490,5304036201,12.655,1.87,sell,False,2022-11-03T15:10:44.135773+00:00
491,5304005877,12.695,3.98,buy,False,2022-11-03T15:06:49.024651+00:00
492,5303970902,12.635,2.27,sell,False,2022-11-03T15:03:11.382962+00:00
493,5303960347,12.545,0.6,buy,False,2022-11-03T15:01:45.149026+00:00
494,5303881739,12.545,2.51,sell,False,2022-11-03T14:52:16.491747+00:00
495,5303881298,12.615,31.3,buy,False,2022-11-03T14:52:11.609030+00:00
496,5303844033,12.5,0.87,buy,False,2022-11-03T14:48:01.745296+00:00
497,5303704710,12.235,0.28,sell,False,2022-11-03T14:30:50.529324+00:00
498,5303704485,12.235,2.0,sell,False,2022-11-03T14:30:48.543234+00:00
499,5303616359,12.035,2.39,sell,False,2022-11-03T14:21:14.180289+00:00
500,5303596829,11.99,1.95,sell,False,2022-11-03T14:19:43.753335+00:00
501,5303393999,12.01,1.52,sell,False,2022-11-03T14:00:51.940426+00:00
502,5303381941,12.0,69.78,buy,False,2022-11-03T14:00:15.031757+00:00
503,5303377560,12.0,12.46,buy,False,2022-11-03T14:00:06.631989+00:00
504,5303374663,12.0,4.04,buy,False,2022-11-03T14:00:04.379771+00:00
505,5303367733,12.0,3.58,buy,False,2022-11-03T13:59:58.965892+00:00
506,5303365665,12.0,13.83,buy,False,2022-11-03T13:59:48.624008+00:00
507,5303363304,12.0,54.1,buy,False,2022-11-03T13:59:28.749976+00:00
508,5303363301,12.0,49.0,buy,False,2022-11-03T13:59:28.716386+00:00
509,5303142125,11.545,30.0,sell,False,2022-11-03T13:34:45.077740+00:00
510,5302728589,11.565,2.18,buy,False,2022-11-03T12:42:13.656410+00:00
511,5302269380,11.515,1.29,buy,False,2022-11-03T11:50:01.800481+00:00
512,5302269379,11.515,1.36,buy,False,2022-11-03T11:50:01.800481+00:00
513,5302190255,11.485,15.79,sell,False,2022-11-03T11:44:18.149911+00:00
514,5302166554,11.485,12.5,sell,False,2022-11-03T11:42:11.456628+00:00
515,5302166511,11.485,12.5,sell,False,2022-11-03T11:42:11.251765+00:00
516,5302166401,11.485,12.5,sell,False,2022-11-03T11:42:11.054307+00:00
517,5302166315,11.485,12.5,sell,False,2022-11-03T11:42:10.856364+00:00
518,5302166269,11.485,12.5,sell,False,2022-11-03T11:42:10.642370+00:00
519,5302112413,11.515,2.58,sell,False,2022-11-03T11:38:16.336799+00:00
520,5302002888,11.805,3.56,buy,False,2022-11-03T11:27:01.097089+00:00
521,5301939217,11.765,1.76,sell,False,2022-11-03T11:20:18.492542+00:00
522,5301850699,11.77,1.69,sell,False,2022-11-03T11:10:42.206036+00:00
523,5301829456,11.87,2.41,sell,False,2022-11-03T11:07:42.482497+00:00
524,5301771384,11.975,2.12,sell,False,2022-11-03T11:00:00.360618+00:00
525,5301768659,11.975,0.5,sell,False,2022-11-03T10:59:30.438753+00:00
526,5300227317,11.645,2.45,buy,False,2022-11-03T06:47:31.376200+00:00
527,5300106482,11.645,1.82,buy,False,2022-11-03T06:22:08.877724+00:00
528,5299991244,11.645,1.83,buy,False,2022-11-03T06:02:08.522889+00:00
529,5299555653,11.64,1.65,buy,False,2022-11-03T04:42:09.018361+00:00
530,5299209893,11.645,2.32,buy,False,2022-11-03T03:52:08.434911+00:00
531,5299085635,11.645,1.65,buy,False,2022-11-03T03:32:08.642395+00:00
532,5298483531,11.835,0.14,sell,False,2022-11-03T02:00:01.847178+00:00
533,5297762837,12.255,0.1,sell,False,2022-11-03T00:10:45.085477+00:00
534,5297761795,11.49,1.36,sell,False,2022-11-03T00:10:39.110409+00:00
535,5297761728,12.635,0.21,sell,False,2022-11-03T00:10:38.179008+00:00
536,5297760837,14.085,0.66,buy,False,2022-11-03T00:10:28.342501+00:00
537,5297760836,14.0,0.85,buy,False,2022-11-03T00:10:28.342501+00:00
538,5297760835,13.5,0.74,buy,False,2022-11-03T00:10:28.342501+00:00
539,5297760834,13.0,0.85,buy,False,2022-11-03T00:10:28.342501+00:00
540,5297760833,12.8,0.48,buy,False,2022-11-03T00:10:28.342501+00:00
541,5297760832,12.69,3.59,buy,False,2022-11-03T00:10:28.342501+00:00
542,5297760831,12.685,0.96,buy,False,2022-11-03T00:10:28.342501+00:00
543,5297760762,12.635,14.82,sell,False,2022-11-03T00:10:27.602899+00:00
544,5297760741,12.635,0.32,buy,False,2022-11-03T00:10:27.408867+00:00
545,5297451072,11.775,0.1,sell,False,2022-11-02T23:12:32.628801+00:00
546,5297376546,11.89,1.69,buy,False,2022-11-02T22:58:40.458689+00:00
547,5296489009,11.925,5.0,sell,False,2022-11-02T20:29:04.785116+00:00
548,5296445158,12.14,0.22,sell,False,2022-11-02T20:25:24.230552+00:00
549,5296432614,12.5,2.36,sell,False,2022-11-02T20:24:47.056570+00:00
550,5296432607,12.5,0.44,buy,False,2022-11-02T20:24:46.994595+00:00
551,5296432606,12.5,0.8,buy,False,2022-11-02T20:24:46.994595+00:00
552,5296396081,11.015,2.65,sell,True,2022-11-02T20:22:58.216413+00:00
553,5296306615,11.615,34.43,sell,False,2022-11-02T20:18:25.103323+00:00
554,5296190081,11.495,78.29,sell,False,2022-11-02T20:10:57.924513+00:00
555,5296189997,11.495,0.01,sell,False,2022-11-02T20:10:57.330362+00:00
556,5296186751,11.8,0.01,sell,False,2022-11-02T20:10:50.690511+00:00
557,5296163579,11.745,0.01,buy,False,2022-11-02T20:09:19.759466+00:00
558,5295989637,11.45,2.28,sell,False,2022-11-02T19:52:09.221409+00:00
559,5295460030,11.66,2.12,sell,False,2022-11-02T19:20:03.123124+00:00
560,5292641317,11.765,1.0,buy,False,2022-11-02T16:13:16.808770+00:00
561,5292607720,11.76,27.0,sell,False,2022-11-02T16:05:48.667607+00:00
562,5292535461,11.76,2.87,buy,False,2022-11-02T15:51:53.026773+00:00
563,5292535437,11.76,2.91,buy,False,2022-11-02T15:51:52.382453+00:00
564,5292535410,11.76,2.67,buy,False,2022-11-02T15:51:51.723713+00:00
565,5287838430,11.94,0.26,sell,False,2022-11-02T03:07:32.467406+00:00
566,5286585396,11.9,2.02,sell,False,2022-11-01T23:58:57.392874+00:00
567,5286579149,11.9,2.58,sell,False,2022-11-01T23:57:20.362909+00:00
568,5285815632,11.865,0.01,sell,False,2022-11-01T21:11:24.727368+00:00
569,5285814569,12.035,0.02,buy,False,2022-11-01T21:11:09.897348+00:00
570,5285531046,11.92,2.69,sell,False,2022-11-01T20:07:12.855872+00:00
571,5285114026,11.94,1.41,sell,False,2022-11-01T18:31:51.473919+00:00
572,5284819163,11.85,1.0,sell,False,2022-11-01T17:33:56.880472+00:00
573,5284767532,11.86,1.0,sell,False,2022-11-01T17:21:46.175464+00:00
574,5284600734,11.78,1.91,sell,False,2022-11-01T16:49:23.430462+00:00
575,5284364138,11.87,2.39,sell,False,2022-11-01T16:09:49.292346+00:00
576,5284307005,11.845,1.43,sell,False,2022-11-01T16:02:41.023669+00:00
577,5284288919,11.84,1.46,sell,False,2022-11-01T15:59:29.003892+00:00
578,5284194695,11.765,0.97,sell,False,2022-11-01T15:39:17.695963+00:00
579,5284194665,11.765,1.0,sell,False,2022-11-01T15:39:17.469730+00:00
580,5284157672,11.865,2.56,sell,False,2022-11-01T15:31:41.220426+00:00
581,5284142704,11.86,2.42,sell,False,2022-11-01T15:29:16.265132+00:00
582,5284106905,11.87,2.53,sell,False,2022-11-01T15:21:41.350578+00:00
583,5284091434,11.85,2.48,sell,False,2022-11-01T15:19:16.934898+00:00
584,5284048717,11.775,2.33,sell,False,2022-11-01T15:11:41.174757+00:00
585,5284035459,11.76,1.83,sell,False,2022-11-01T15:09:17.041975+00:00
586,5283990301,11.675,1.79,sell,False,2022-11-01T15:01:41.093390+00:00
587,5283974383,11.64,2.45,sell,False,2022-11-01T14:59:16.883372+00:00
588,5283935829,11.715,2.59,sell,False,2022-11-01T14:51:42.026289+00:00
589,5283881853,11.765,1.73,sell,False,2022-11-01T14:41:47.256799+00:00
590,5283860033,11.81,1.81,sell,False,2022-11-01T14:39:16.301503+00:00
591,5283810497,11.855,2.33,sell,False,2022-11-01T14:31:41.007526+00:00
592,5283722773,11.82,2.66,sell,False,2022-11-01T14:19:16.578943+00:00
593,5283693667,11.835,0.26,buy,False,2022-11-01T14:16:13.593885+00:00
594,5283644794,11.765,2.76,sell,False,2022-11-01T14:11:41.329041+00:00
595,5283619049,11.77,1.78,sell,False,2022-11-01T14:09:16.895328+00:00
596,5283541837,11.965,2.31,sell,False,2022-11-01T14:01:41.303866+00:00
597,5283499086,12.04,2.47,sell,False,2022-11-01T13:59:17.493464+00:00
598,5283409853,11.89,1.79,sell,False,2022-11-01T13:49:17.182147+00:00
599,5283264371,11.9,1.74,sell,False,2022-11-01T13:41:41.104102+00:00
600,5283216183,11.93,1.34,buy,False,2022-11-01T13:35:10.420890+00:00
601,5282965646,11.89,4.79,buy,False,2022-11-01T12:51:22.973996+00:00
602,5282378610,11.885,1.43,sell,False,2022-11-01T11:17:42.810644+00:00
603,5281744856,11.895,39.26,buy,False,2022-11-01T09:58:23.773269+00:00
604,5281725791,11.895,1.0,buy,False,2022-11-01T09:55:27.901142+00:00
605,5281725770,11.895,1.0,buy,False,2022-11-01T09:55:27.709008+00:00
606,5281725751,11.895,2.5,buy,False,2022-11-01T09:55:27.474484+00:00
607,5281725736,11.895,4.5,buy,False,2022-11-01T09:55:27.266419+00:00
608,5281598188,11.895,2.64,buy,False,2022-11-01T09:44:35.892356+00:00
609,5281597667,11.895,3.12,buy,False,2022-11-01T09:44:32.887311+00:00
610,5281597205,11.895,3.95,buy,False,2022-11-01T09:44:29.303428+00:00
611,5281596733,11.895,3.54,buy,False,2022-11-01T09:44:25.997375+00:00
612,5281596169,11.895,3.28,buy,False,2022-11-01T09:44:22.758397+00:00
613,5281595980,11.895,3.19,buy,False,2022-11-01T09:44:21.170685+00:00
614,5281595898,11.895,3.45,buy,False,2022-11-01T09:44:20.634582+00:00
615,5281595857,11.895,3.14,buy,False,2022-11-01T09:44:20.105566+00:00
616,5281595818,11.895,3.26,buy,False,2022-11-01T09:44:19.570261+00:00
617,5281595727,11.895,3.2,buy,False,2022-11-01T09:44:19.041023+00:00
618,5280118723,11.015,1.34,sell,False,2022-11-01T05:43:51.583905+00:00
619,5280118722,11.755,2.08,sell,False,2022-11-01T05:43:51.583905+00:00
620,5276591129,11.85,2.45,sell,False,2022-10-31T19:43:09.504048+00:00
621,5276552575,11.83,2.48,sell,False,2022-10-31T19:36:00.820560+00:00
622,5276333757,11.8,1.86,sell,False,2022-10-31T18:59:21.072022+00:00
623,5274119769,11.385,1.76,sell,False,2022-10-31T14:36:28.709427+00:00
624,5274119522,11.445,0.14,sell,False,2022-10-31T14:36:27.636567+00:00
625,5273205409,11.72,18.0,sell,False,2022-10-31T13:46:38.508826+00:00
626,5273198224,11.845,0.09,sell,False,2022-10-31T13:46:00.871120+00:00
627,5273191157,11.87,0.85,sell,False,2022-10-31T13:45:18.865014+00:00
628,5273172118,12.105,0.82,buy,False,2022-10-31T13:43:26.264254+00:00
629,5273165883,12.13,46.23,sell,False,2022-10-31T13:42:44.370186+00:00
630,5273162857,12.1,0.85,sell,False,2022-10-31T13:42:25.841816+00:00
631,5273159499,12.215,0.21,sell,False,2022-10-31T13:42:05.936010+00:00
632,5273155876,12.3,54.26,sell,False,2022-10-31T13:41:56.102544+00:00
633,5273150839,12.035,0.46,buy,False,2022-10-31T13:41:26.206212+00:00
634,5273150738,12.0,0.69,buy,False,2022-10-31T13:41:25.086975+00:00
635,5273150583,12.0,4.31,buy,False,2022-10-31T13:41:24.006409+00:00
636,5273150582,12.0,0.84,buy,False,2022-10-31T13:41:24.006409+00:00
637,5273150402,11.97,121.4,buy,False,2022-10-31T13:41:22.525795+00:00
638,5273149398,11.965,10.45,buy,False,2022-10-31T13:41:15.299169+00:00
639,5273148958,11.97,6.98,buy,False,2022-10-31T13:41:13.153183+00:00
640,5273148914,11.97,2.88,buy,False,2022-10-31T13:41:12.615522+00:00
641,5273148771,11.97,2.91,buy,False,2022-10-31T13:41:11.924626+00:00
642,5273144850,11.905,11.57,buy,False,2022-10-31T13:40:44.590304+00:00
643,5273144747,11.905,3.99,buy,False,2022-10-31T13:40:44.037038+00:00
644,5273144538,11.905,5.77,buy,False,2022-10-31T13:40:43.503033+00:00
645,5273133173,11.925,2.94,buy,False,2022-10-31T13:39:45.561871+00:00
646,5273133126,11.925,2.57,buy,False,2022-10-31T13:39:45.022992+00:00
647,5273132740,11.925,2.66,buy,False,2022-10-31T13:39:42.370404+00:00
648,5273132697,11.925,2.7,buy,False,2022-10-31T13:39:41.834830+00:00
649,5273109075,11.835,0.85,buy,False,2022-10-31T13:37:27.005315+00:00
650,5273099003,11.69,2.0,sell,False,2022-10-31T13:36:27.088886+00:00
651,5273098019,11.74,1.74,sell,False,2022-10-31T13:36:21.209294+00:00
652,5273092666,11.885,4.33,buy,False,2022-10-31T13:35:56.309335+00:00
653,5273092620,11.885,2.92,buy,False,2022-10-31T13:35:55.776909+00:00
654,5273092561,11.885,2.5,buy,False,2022-10-31T13:35:55.241713+00:00
655,5273092529,11.885,2.98,buy,False,2022-10-31T13:35:54.712906+00:00
656,5273092494,11.885,2.72,buy,False,2022-10-31T13:35:54.183860+00:00
657,5273084399,11.795,8.86,buy,False,2022-10-31T13:35:13.063120+00:00
658,5273084300,11.795,3.49,buy,False,2022-10-31T13:35:12.526021+00:00
659,5273084080,11.795,3.9,buy,False,2022-10-31T13:35:11.995026+00:00
660,5272523859,10.9,3.67,sell,False,2022-10-31T12:22:38.104346+00:00
661,5272523858,11.0,9.09,sell,False,2022-10-31T12:22:38.104346+00:00
662,5272523857,11.01,0.14,sell,False,2022-10-31T12:22:38.104346+00:00
663,5272523856,11.06,1.35,sell,False,2022-10-31T12:22:38.104346+00:00
664,5272523855,11.065,14.7,sell,False,2022-10-31T12:22:38.104346+00:00
665,5272523854,11.15,1.34,sell,False,2022-10-31T12:22:38.104346+00:00
666,5272523853,11.35,1.32,sell,False,2022-10-31T12:22:38.104346+00:00
667,5272523852,11.37,0.88,sell,False,2022-10-31T12:22:38.104346+00:00
668,5272523851,11.4,0.1,sell,False,2022-10-31T12:22:38.104346+00:00
669,5269062837,11.47,0.5,sell,False,2022-10-31T03:23:02.741289+00:00
670,5269062821,11.47,0.5,sell,False,2022-10-31T03:23:02.544923+00:00
671,5269062806,11.47,1.0,sell,False,2022-10-31T03:23:02.271170+00:00
672,5269062796,11.47,2.0,sell,False,2022-10-31T03:23:02.078589+00:00
673,5269062782,11.47,4.0,sell,False,2022-10-31T03:23:01.875605+00:00
674,5269062773,11.47,7.5,sell,False,2022-10-31T03:23:01.684577+00:00
675,5269062767,11.47,15.0,sell,False,2022-10-31T03:23:01.492039+00:00
676,5269062747,11.47,30.0,sell,False,2022-10-31T03:23:01.290667+00:00
677,5269035327,11.47,2.75,sell,False,2022-10-31T03:17:55.578358+00:00
678,5268999901,11.47,1.54,sell,False,2022-10-31T03:11:18.485954+00:00
679,5268860410,11.47,2.47,sell,False,2022-10-31T02:46:19.146650+00:00
680,5268836244,11.47,2.6,sell,False,2022-10-31T02:41:20.422302+00:00
681,5268828141,11.47,1.77,sell,False,2022-10-31T02:39:38.814950+00:00
682,5268799107,11.47,2.06,sell,False,2022-10-31T02:34:09.354774+00:00
683,5268798736,11.47,2.61,sell,False,2022-10-31T02:34:02.344840+00:00
684,5268791134,11.47,2.04,sell,False,2022-10-31T02:33:02.599300+00:00
685,5268541624,11.47,1.95,sell,False,2022-10-31T01:59:36.503045+00:00
686,5268526753,11.475,2.7,sell,False,2022-10-31T01:56:17.076804+00:00
687,5268385685,11.46,2.58,buy,False,2022-10-31T01:41:37.453289+00:00
688,5268385655,11.46,2.62,buy,False,2022-10-31T01:41:36.898331+00:00
689,5268385620,11.46,2.52,buy,False,2022-10-31T01:41:36.359395+00:00
690,5268385588,11.46,2.72,buy,False,2022-10-31T01:41:35.817022+00:00
691,5268381914,11.465,1.85,sell,False,2022-10-31T01:40:59.350531+00:00
692,5268307811,11.475,2.6,sell,False,2022-10-31T01:29:36.996990+00:00
693,5268288623,11.47,1.56,sell,False,2022-10-31T01:26:16.662155+00:00
694,5268171941,11.47,2.73,sell,False,2022-10-31T01:09:37.038360+00:00
695,5268151338,11.47,2.18,sell,False,2022-10-31T01:06:16.316756+00:00
696,5268105372,11.47,1.91,sell,False,2022-10-31T00:59:36.969147+00:00
697,5268041281,11.47,2.01,sell,False,2022-10-31T00:49:36.700016+00:00
698,5267971667,11.475,1.49,sell,False,2022-10-31T00:39:37.326845+00:00
699,5267950658,11.475,1.4,sell,False,2022-10-31T00:36:16.586307+00:00
700,5267755300,11.495,2.01,sell,False,2022-10-31T00:09:37.279306+00:00
701,5267746282,11.5,2.03,sell,False,2022-10-31T00:08:10.916611+00:00
702,5267671104,11.495,1.88,sell,False,2022-10-31T00:00:02.503155+00:00
703,5263429168,11.75,1.27,sell,False,2022-10-30T12:03:55.659071+00:00
704,5253401783,11.755,0.22,sell,False,2022-10-29T12:47:28.332691+00:00
705,5253400750,11.97,12.18,buy,False,2022-10-29T12:47:16.751257+00:00
706,5253400749,11.965,19.25,buy,False,2022-10-29T12:47:16.751257+00:00
707,5253400748,11.755,0.93,buy,False,2022-10-29T12:47:16.751257+00:00
708,5253400747,11.755,0.23,buy,False,2022-10-29T12:47:16.751257+00:00
709,5253219094,11.375,1.83,sell,False,2022-10-29T12:09:51.338641+00:00
710,5253219093,11.52,2.38,sell,False,2022-10-29T12:09:51.338641+00:00
711,5250484618,11.66,0.43,buy,False,2022-10-29T06:08:03.878486+00:00
712,5250482116,11.535,0.44,buy,False,2022-10-29T06:07:15.290735+00:00
713,5250149883,10.905,17.42,sell,False,2022-10-29T05:01:22.231050+00:00
714,5250149882,11.52,1.94,sell,False,2022-10-29T05:01:22.231050+00:00
715,5247879048,11.535,1.86,sell,False,2022-10-28T20:56:57.065561+00:00
716,5247863917,11.535,2.43,sell,False,2022-10-28T20:53:23.419906+00:00
717,5247641299,11.51,2.7,sell,False,2022-10-28T20:14:31.062706+00:00
718,5247641298,11.51,1.93,sell,False,2022-10-28T20:14:31.062706+00:00
719,5247170050,11.54,1.51,sell,False,2022-10-28T18:39:16.977416+00:00
720,5247118857,11.55,2.68,sell,False,2022-10-28T18:29:17.453161+00:00
721,5247105318,11.565,2.19,sell,False,2022-10-28T18:26:08.753311+00:00
722,5247077980,11.54,2.13,sell,False,2022-10-28T18:19:17.211365+00:00
723,5247024671,11.495,2.19,sell,False,2022-10-28T18:09:17.782414+00:00
724,5246949951,11.445,2.43,sell,False,2022-10-28T17:59:17.657862+00:00
725,5246901080,11.425,2.06,sell,False,2022-10-28T17:49:18.734292+00:00
726,5245713785,11.155,0.53,sell,False,2022-10-28T15:38:17.914127+00:00
727,5243736654,11.085,2.67,sell,False,2022-10-28T11:59:18.021931+00:00
728,5243715312,11.085,1.96,sell,False,2022-10-28T11:53:00.497462+00:00
729,5243699497,11.085,2.64,sell,False,2022-10-28T11:49:38.797803+00:00
730,5243574255,11.025,2.48,sell,False,2022-10-28T11:23:07.302393+00:00
731,5243529522,11.07,2.45,sell,False,2022-10-28T11:13:14.899253+00:00
732,5243455001,11.08,2.63,sell,False,2022-10-28T11:01:11.486542+00:00
733,5243455000,11.08,1.71,sell,False,2022-10-28T11:01:11.486542+00:00
734,5242856937,11.19,1.08,buy,False,2022-10-28T09:00:54.766850+00:00
735,5242151323,11.03,1.81,sell,False,2022-10-28T07:31:27.082186+00:00
736,5242128840,11.03,2.21,sell,False,2022-10-28T07:29:38.618823+00:00
737,5242081438,11.04,1.78,sell,False,2022-10-28T07:23:53.700931+00:00
738,5241594589,11.08,2.07,sell,False,2022-10-28T05:22:59.966729+00:00
739,5239730541,11.055,2.03,sell,False,2022-10-27T23:54:57.580396+00:00
740,5239721996,11.055,2.23,sell,False,2022-10-27T23:52:03.169334+00:00
741,5239710326,11.06,1.75,sell,False,2022-10-27T23:48:55.862596+00:00
742,5239687054,11.06,1.42,sell,False,2022-10-27T23:43:28.967673+00:00
743,5239663656,11.05,2.22,sell,False,2022-10-27T23:37:28.005803+00:00
744,5239646762,11.075,2.3,sell,False,2022-10-27T23:33:00.304843+00:00
745,5239623789,11.075,1.56,sell,False,2022-10-27T23:28:13.618853+00:00
746,5239600255,11.095,2.41,sell,False,2022-10-27T23:22:26.482333+00:00
747,5239574021,11.085,2.59,sell,False,2022-10-27T23:17:29.567746+00:00
748,5239538637,11.1,2.35,sell,False,2022-10-27T23:12:25.883823+00:00
749,5239502729,11.1,2.19,sell,False,2022-10-27T23:07:29.114736+00:00
750,5239456504,11.1,1.79,sell,False,2022-10-27T23:02:49.566572+00:00
751,5239414407,11.11,2.72,sell,False,2022-10-27T22:55:10.042519+00:00
752,5238914695,11.02,1.68,sell,False,2022-10-27T21:18:07.384857+00:00
753,5238909533,11.02,1.82,sell,False,2022-10-27T21:16:51.136489+00:00
754,5238771193,11.01,2.14,sell,False,2022-10-27T20:52:27.714317+00:00
755,5238711692,11.005,2.09,sell,False,2022-10-27T20:42:42.350192+00:00
756,5238666672,10.94,2.0,sell,False,2022-10-27T20:37:27.890961+00:00
757,5238581890,10.99,2.39,sell,False,2022-10-27T20:32:26.632269+00:00
758,5238210231,11.055,1.65,sell,False,2022-10-27T20:15:00.538918+00:00
759,5238017367,11.16,2.28,sell,False,2022-10-27T20:02:26.457404+00:00
760,5237938631,11.165,2.3,sell,False,2022-10-27T19:57:29.974357+00:00
761,5237913458,11.175,2.51,sell,False,2022-10-27T19:52:26.174229+00:00
762,5237889978,11.175,2.55,sell,False,2022-10-27T19:47:28.313697+00:00
763,5237864730,11.185,1.44,sell,False,2022-10-27T19:42:25.722767+00:00
764,5237833848,11.16,2.68,sell,False,2022-10-27T19:37:33.203244+00:00
765,5237795517,11.155,2.66,sell,False,2022-10-27T19:32:25.930351+00:00
766,5237760062,11.125,2.41,sell,False,2022-10-27T19:27:28.542981+00:00
767,5237734577,11.155,1.98,sell,False,2022-10-27T19:22:26.705637+00:00
768,5237709283,11.125,2.03,sell,False,2022-10-27T19:17:29.244438+00:00
769,5237675853,11.095,1.74,sell,False,2022-10-27T19:12:26.361259+00:00
770,5237654408,11.105,2.78,sell,False,2022-10-27T19:08:12.965243+00:00
771,5237623538,11.155,1.65,sell,False,2022-10-27T19:02:49.132877+00:00
772,5237621579,11.145,2.25,sell,False,2022-10-27T19:02:24.861492+00:00
773,5237606516,11.155,1.72,sell,False,2022-10-27T19:00:39.216824+00:00
774,5237584452,11.155,1.88,sell,False,2022-10-27T18:55:44.811413+00:00
775,5237560207,11.165,2.06,sell,False,2022-10-27T18:50:34.385594+00:00
776,5237559343,11.165,1.58,sell,False,2022-10-27T18:50:20.229558+00:00
777,5237453036,11.195,1.92,sell,False,2022-10-27T18:27:50.027267+00:00
778,5237407843,11.175,2.35,sell,False,2022-10-27T18:17:49.888884+00:00
779,5237354943,11.215,2.6,sell,False,2022-10-27T18:07:50.493361+00:00
780,5237304735,11.255,1.46,sell,False,2022-10-27T17:57:49.857691+00:00
781,5237264234,11.285,1.7,sell,False,2022-10-27T17:47:49.953524+00:00
782,5237216333,11.275,2.66,sell,False,2022-10-27T17:37:50.054729+00:00
783,5237110320,11.325,1.69,sell,False,2022-10-27T17:17:49.688191+00:00
784,5237044765,11.295,2.0,sell,False,2022-10-27T17:07:50.484320+00:00
785,5236979170,11.235,1.88,sell,False,2022-10-27T16:57:49.680434+00:00
786,5236767598,11.295,2.61,sell,False,2022-10-27T16:27:50.562614+00:00
787,5236693719,11.285,2.73,sell,False,2022-10-27T16:17:50.665953+00:00
788,5236659388,11.295,1.82,sell,False,2022-10-27T16:13:02.273386+00:00
789,5236616145,11.315,2.56,sell,False,2022-10-27T16:07:50.446885+00:00
790,5236460195,11.305,2.68,sell,False,2022-10-27T15:47:49.686239+00:00
791,5236382902,11.315,2.05,sell,False,2022-10-27T15:37:50.014557+00:00
792,5236302064,11.275,1.78,sell,False,2022-10-27T15:27:49.888123+00:00
793,5236236256,11.345,2.54,sell,False,2022-10-27T15:17:49.813310+00:00
794,5236161894,11.435,2.23,sell,False,2022-10-27T15:07:50.570708+00:00
795,5236028643,11.32,12.6,sell,False,2022-10-27T14:49:57.888448+00:00
796,5236020514,11.42,11.61,buy,False,2022-10-27T14:48:39.173021+00:00
797,5235984500,11.36,1.0,buy,False,2022-10-27T14:43:37.756240+00:00
798,5235734939,11.31,271.61,buy,False,2022-10-27T14:14:15.126668+00:00
799,5235733673,11.31,18.32,buy,False,2022-10-27T14:14:12.434488+00:00
800,5235733112,11.31,3.11,buy,False,2022-10-27T14:14:09.443330+00:00
801,5235732601,11.31,3.19,buy,False,2022-10-27T14:14:06.429684+00:00
802,5235732199,11.31,3.22,buy,False,2022-10-27T14:14:03.145311+00:00
803,5235731908,11.31,3.13,buy,False,2022-10-27T14:14:00.133580+00:00
804,5235731485,11.31,3.7,buy,False,2022-10-27T14:13:56.937341+00:00
805,5235730577,11.31,3.62,buy,False,2022-10-27T14:13:53.270851+00:00
806,5235729494,11.31,4.14,buy,False,2022-10-27T14:13:49.362365+00:00
807,5235726357,11.31,21.1,buy,False,2022-10-27T14:13:35.831286+00:00
808,5235724105,11.31,6.04,buy,False,2022-10-27T14:13:30.437704+00:00
809,5235719116,11.31,12.52,buy,False,2022-10-27T14:13:23.511800+00:00
810,5235717458,11.31,3.51,buy,False,2022-10-27T14:13:22.963906+00:00
811,5235716448,11.31,3.37,buy,False,2022-10-27T14:13:22.384251+00:00
812,5235716275,11.31,3.06,buy,False,2022-10-27T14:13:21.838603+00:00
813,5235666074,11.265,1.89,sell,False,2022-10-27T14:07:50.595503+00:00
814,5235542341,11.085,1.51,sell,False,2022-10-27T13:57:49.923787+00:00
815,5235278931,11.175,5.73,buy,False,2022-10-27T13:35:07.812407+00:00
816,5235278805,11.175,4.73,buy,False,2022-10-27T13:35:07.275345+00:00
817,5234067861,11.07,0.57,sell,False,2022-10-27T11:09:07.787652+00:00
818,5234067860,11.075,2.43,sell,False,2022-10-27T11:09:07.787652+00:00
819,5234022533,11.08,2.59,sell,False,2022-10-27T11:00:50.477316+00:00
820,5234011917,11.185,0.23,sell,False,2022-10-27T10:58:48.849051+00:00
821,5234011682,11.345,3.19,buy,False,2022-10-27T10:58:43.073125+00:00
822,5234011681,11.185,1.39,buy,False,2022-10-27T10:58:43.073125+00:00
823,5234010686,9.525,13.65,sell,False,2022-10-27T10:58:25.520549+00:00
824,5234010685,9.775,0.44,sell,False,2022-10-27T10:58:25.520549+00:00
825,5234010684,10.305,0.3,sell,False,2022-10-27T10:58:25.520549+00:00
826,5234010683,11.065,2.56,sell,False,2022-10-27T10:58:25.520549+00:00
827,5234005833,11.075,1.69,sell,False,2022-10-27T10:57:22.217363+00:00
828,5234005832,11.08,2.43,sell,False,2022-10-27T10:57:22.217363+00:00
829,5234003338,11.08,1.88,sell,False,2022-10-27T10:56:47.451362+00:00
830,5233993374,11.08,0.5,sell,False,2022-10-27T10:54:29.241939+00:00
831,5233911450,11.07,1.47,sell,False,2022-10-27T10:42:29.452590+00:00
832,5233911213,11.085,1.63,sell,False,2022-10-27T10:42:27.539315+00:00
833,5233524434,10.96,0.48,sell,False,2022-10-27T09:36:03.481419+00:00
834,5233523200,10.965,28.72,sell,False,2022-10-27T09:35:49.015789+00:00
835,5233523199,11.14,1.71,sell,False,2022-10-27T09:35:49.015789+00:00
836,5229737696,11.23,1.81,buy,False,2022-10-26T23:23:02.788684+00:00
837,5229257375,11.05,1129.59,sell,False,2022-10-26T22:09:03.987571+00:00
838,5229241245,11.05,904.97,sell,False,2022-10-26T22:07:02.977684+00:00
839,5229227735,11.115,899.68,sell,False,2022-10-26T22:04:56.973505+00:00
840,5228711643,11.08,1805.05,sell,False,2022-10-26T20:18:49.290194+00:00
841,5227598429,11.0,1.09,sell,False,2022-10-26T17:29:57.462424+00:00
842,5226393907,11.33,0.29,sell,False,2022-10-26T15:06:41.701736+00:00
843,5225416330,11.495,1.13,buy,False,2022-10-26T14:08:09.103793+00:00
844,5224261453,10.69,1.0,sell,False,2022-10-26T11:46:54.974622+00:00
845,5222807713,10.78,0.2,sell,False,2022-10-26T08:09:10.345632+00:00
846,5221948098,11.97,0.07,buy,False,2022-10-26T05:46:41.808759+00:00
847,5221948097,11.965,0.85,buy,False,2022-10-26T05:46:41.808759+00:00
848,5221946655,11.215,0.14,sell,False,2022-10-26T05:46:18.502023+00:00
849,5221946620,11.61,0.1,sell,False,2022-10-26T05:46:18.051677+00:00
850,5221945908,11.965,0.21,buy,False,2022-10-26T05:46:06.224296+00:00
851,5221944778,11.965,0.69,buy,False,2022-10-26T05:45:48.149697+00:00
852,5221944777,11.67,0.23,buy,False,2022-10-26T05:45:48.149697+00:00
853,5221943738,9.015,1.57,sell,False,2022-10-26T05:45:27.922422+00:00
854,5221943737,9.25,1.27,sell,False,2022-10-26T05:45:27.922422+00:00
855,5221943736,9.45,1.27,sell,False,2022-10-26T05:45:27.922422+00:00
856,5221942683,11.105,0.23,sell,False,2022-10-26T05:45:14.797356+00:00
857,5221942296,11.97,9.06,buy,False,2022-10-26T05:45:07.616015+00:00
858,5221942295,11.835,0.35,buy,False,2022-10-26T05:45:07.616015+00:00
859,5221942294,11.61,0.86,buy,False,2022-10-26T05:45:07.616015+00:00
860,5221942293,11.31,0.88,buy,False,2022-10-26T05:45:07.616015+00:00
861,5221942292,11.175,1.26,buy,False,2022-10-26T05:45:07.616015+00:00
862,5221942291,11.105,0.25,buy,False,2022-10-26T05:45:07.616015+00:00
863,5220148162,10.695,1.86,sell,False,2022-10-25T23:59:38.375796+00:00
864,5219941609,10.7,2.0,sell,False,2022-10-25T23:14:59.125516+00:00
865,5219882712,10.71,1.52,sell,False,2022-10-25T23:04:58.620864+00:00
866,5219865998,10.715,2.13,sell,False,2022-10-25T23:01:09.255711+00:00
867,5219839744,10.715,2.66,sell,False,2022-10-25T22:54:59.466939+00:00
868,5219822818,10.725,1.99,sell,False,2022-10-25T22:51:08.821346+00:00
869,5219795428,10.725,2.46,sell,False,2022-10-25T22:44:58.482270+00:00
870,5219771425,10.73,1.52,sell,False,2022-10-25T22:41:09.674883+00:00
871,5219697934,10.735,1.66,sell,False,2022-10-25T22:31:09.171516+00:00
872,5219673597,10.735,2.28,sell,False,2022-10-25T22:27:05.596118+00:00
873,5219647270,10.74,2.15,sell,False,2022-10-25T22:21:08.904355+00:00
874,5219540596,10.71,2.01,sell,False,2022-10-25T22:04:59.420339+00:00
875,5219507142,10.71,2.09,sell,False,2022-10-25T22:01:08.831621+00:00
876,5218387799,10.91,0.91,buy,False,2022-10-25T19:38:15.133978+00:00
877,5214910110,10.775,1.2,buy,False,2022-10-25T15:38:31.577488+00:00
878,5214181171,10.56,0.18,buy,False,2022-10-25T14:16:54.614456+00:00
879,5213831457,10.5,0.95,buy,False,2022-10-25T13:46:35.096525+00:00
880,5213632844,10.32,35.85,buy,False,2022-10-25T13:30:05.796368+00:00
881,5213153691,10.165,1.89,sell,False,2022-10-25T12:07:16.526857+00:00
882,5212989957,10.185,1.0,sell,False,2022-10-25T11:22:54.108428+00:00
883,5212916681,10.185,2.39,sell,False,2022-10-25T11:00:01.068515+00:00
884,5212772834,10.185,1.97,sell,False,2022-10-25T10:11:40.729946+00:00
885,5212396738,10.22,2.51,sell,False,2022-10-25T08:34:00.136000+00:00
886,5212050562,9.455,17.51,sell,False,2022-10-25T06:35:32.390154+00:00
887,5212050561,10.015,1.0,sell,False,2022-10-25T06:35:32.390154+00:00
888,5212050560,10.23,1.9,sell,False,2022-10-25T06:35:32.390154+00:00
889,5212043906,10.02,18.34,sell,False,2022-10-25T06:33:56.236525+00:00
890,5212043905,10.225,2.07,sell,False,2022-10-25T06:33:56.236525+00:00
891,5209689166,10.115,0.79,sell,False,2022-10-24T19:40:48.926728+00:00
892,5209346040,10.205,5.34,buy,False,2022-10-24T18:22:12.138993+00:00
893,5208802744,10.215,0.98,buy,False,2022-10-24T16:17:16.410437+00:00
894,5208504352,9.905,1.02,buy,False,2022-10-24T15:15:53.855572+00:00
895,5207595143,10.02,0.99,buy,False,2022-10-24T13:31:01.499787+00:00
896,5203335568,10.185,1.23,buy,False,2022-10-23T22:01:01.359663+00:00
897,5202580705,10.14,0.98,sell,False,2022-10-23T18:49:06.027022+00:00
898,5200402841,10.14,2.65,buy,False,2022-10-23T09:59:53.060596+00:00
899,5200402779,10.14,3.14,buy,False,2022-10-23T09:59:52.522331+00:00
900,5200402762,10.14,3.11,buy,False,2022-10-23T09:59:51.922544+00:00
901,5200402713,10.14,2.72,buy,False,2022-10-23T09:59:51.371974+00:00
902,5194510977,9.58,0.26,sell,False,2022-10-22T04:28:51.769211+00:00
903,5194510976,10.145,1.75,sell,False,2022-10-22T04:28:51.769211+00:00
904,5193633179,10.225,0.98,buy,False,2022-10-21T23:26:36.987883+00:00
905,5192990121,10.15,0.13,buy,False,2022-10-21T19:50:00.587314+00:00
906,5192895882,10.1,0.99,buy,False,2022-10-21T19:34:41.993873+00:00
907,5192219059,9.845,0.6,sell,False,2022-10-21T17:02:18.110146+00:00
908,5191723539,9.82,57.92,buy,False,2022-10-21T15:56:28.320025+00:00
909,5191199525,9.86,1.02,sell,False,2022-10-21T14:26:09.056547+00:00
910,5191072051,10.055,1.0,buy,False,2022-10-21T14:09:42.359403+00:00
911,5190753560,9.75,1.51,buy,False,2022-10-21T13:36:18.168455+00:00
912,5190740039,9.62,4.88,sell,False,2022-10-21T13:34:46.885716+00:00
913,5190739080,9.68,1.54,sell,False,2022-10-21T13:34:41.569361+00:00
914,5190739079,9.68,1.04,sell,False,2022-10-21T13:34:41.569361+00:00
915,5190191154,9.735,1.54,buy,False,2022-10-21T12:30:40.457501+00:00
916,5189579714,9.775,120.24,buy,False,2022-10-21T11:00:01.111433+00:00
917,5189579705,9.775,300.0,buy,False,2022-10-21T11:00:00.922944+00:00
918,5189558499,9.77,2.83,buy,False,2022-10-21T10:53:29.336481+00:00
919,5189558451,9.77,2.92,buy,False,2022-10-21T10:53:27.570798+00:00
920,5189558376,9.77,2.77,buy,False,2022-10-21T10:53:26.983986+00:00
921,5189558342,9.77,3.05,buy,False,2022-10-21T10:53:26.453590+00:00
922,5189558309,9.77,2.68,buy,False,2022-10-21T10:53:25.925500+00:00
923,5189558264,9.77,2.65,buy,False,2022-10-21T10:53:25.392624+00:00
924,5189558184,9.77,3.02,buy,False,2022-10-21T10:53:24.861381+00:00
925,5189469769,9.775,1.03,buy,False,2022-10-21T10:23:10.876579+00:00
926,5189454853,9.76,0.92,sell,False,2022-10-21T10:18:08.094563+00:00
927,5189454852,9.775,1.0,buy,False,2022-10-21T10:18:08.040630+00:00
928,5189454845,9.775,1.0,buy,False,2022-10-21T10:18:07.844204+00:00
929,5189405527,9.775,2.74,buy,False,2022-10-21T10:03:34.729367+00:00
930,5189405361,9.775,3.14,buy,False,2022-10-21T10:03:31.792438+00:00
931,5189405136,9.775,3.36,buy,False,2022-10-21T10:03:28.439339+00:00
932,5189404699,9.775,5.45,buy,False,2022-10-21T10:03:23.683540+00:00
933,5189404392,9.775,5.17,buy,False,2022-10-21T10:03:19.131350+00:00
934,5189403641,9.775,15.24,buy,False,2022-10-21T10:03:08.338760+00:00
935,5189403587,9.775,13.57,buy,False,2022-10-21T10:03:06.395478+00:00
936,5189403585,9.775,0.15,sell,False,2022-10-21T10:03:06.323413+00:00
937,5189403584,9.795,2.1,sell,False,2022-10-21T10:03:06.323413+00:00
938,5189402367,9.8,5.1,sell,False,2022-10-21T10:02:42.068315+00:00
939,5189337727,9.82,2.03,sell,False,2022-10-21T09:45:42.062751+00:00
940,5186440546,9.82,63.92,sell,False,2022-10-20T21:53:38.921875+00:00
941,5186440545,9.83,1.6,sell,False,2022-10-20T21:53:38.921875+00:00
942,5186418498,9.835,34.46,sell,False,2022-10-20T21:44:50.356837+00:00
943,5184300940,10.315,0.58,sell,False,2022-10-20T15:00:07.169427+00:00
944,5183776808,10.225,95.0,sell,False,2022-10-20T13:27:34.374637+00:00
945,5183773318,10.07,45.28,sell,False,2022-10-20T13:26:33.879957+00:00
946,5183773317,10.08,0.49,sell,False,2022-10-20T13:26:33.879957+00:00
947,5183697718,10.25,5.0,buy,False,2022-10-20T13:09:38.719689+00:00
948,5183572188,10.115,1.84,sell,False,2022-10-20T12:44:33.714352+00:00
949,5183132137,10.13,1.46,sell,False,2022-10-20T10:53:57.667354+00:00
950,5183106152,10.125,2.26,sell,False,2022-10-20T10:49:07.851920+00:00
951,5179309355,10.225,2.73,buy,False,2022-10-19T20:00:19.991827+00:00
952,5179304701,10.23,4.88,sell,False,2022-10-19T19:59:25.583728+00:00
953,5179300423,10.23,0.09,buy,False,2022-10-19T19:58:22.033345+00:00
954,5178735976,10.035,0.49,buy,False,2022-10-19T17:35:49.934103+00:00
955,5177373418,10.275,1.26,sell,False,2022-10-19T13:30:14.347799+00:00
956,5177286940,10.455,4.84,buy,False,2022-10-19T13:08:12.027035+00:00
957,5177286387,10.455,1.26,buy,False,2022-10-19T13:08:00.463512+00:00
958,5177215880,10.265,0.97,sell,False,2022-10-19T12:51:09.552403+00:00
959,5176353037,10.78,0.29,buy,False,2022-10-19T09:30:52.088875+00:00
960,5173244090,10.555,2.55,sell,False,2022-10-18T20:59:21.660772+00:00
961,5172411149,10.5,93.23,sell,False,2022-10-18T18:46:28.917496+00:00
962,5172357930,10.5,1.0,sell,False,2022-10-18T18:44:11.656122+00:00
963,5172357846,10.5,1.0,sell,False,2022-10-18T18:44:11.417678+00:00
964,5172042524,10.475,0.95,sell,False,2022-10-18T17:30:05.430570+00:00
965,5170841875,10.615,4.79,buy,False,2022-10-18T14:15:06.310964+00:00
966,5170635380,10.64,2.22,sell,False,2022-10-18T13:41:27.653331+00:00
967,5170373417,10.695,1.44,sell,False,2022-10-18T12:52:28.952602+00:00
968,5170176871,10.55,1.91,sell,False,2022-10-18T12:01:13.863807+00:00
969,5169800502,10.385,14.03,sell,False,2022-10-18T10:09:00.114873+00:00
970,5169800501,10.4,0.97,sell,False,2022-10-18T10:09:00.114873+00:00
971,5168404405,10.61,0.01,sell,False,2022-10-18T04:02:42.092306+00:00
972,5168404400,10.61,0.94,buy,False,2022-10-18T04:02:41.998976+00:00
973,5168250632,9.775,0.25,sell,False,2022-10-18T03:20:12.585990+00:00
974,5168250631,10.335,1.74,sell,False,2022-10-18T03:20:12.585990+00:00
975,5167081735,10.32,2.36,sell,False,2022-10-17T22:51:18.328575+00:00
976,5167074149,10.325,1.87,sell,False,2022-10-17T22:48:22.412787+00:00
977,5167051719,10.32,1.92,sell,False,2022-10-17T22:41:17.977578+00:00
978,5167036134,10.32,2.6,sell,False,2022-10-17T22:38:22.215750+00:00
979,5167026602,10.325,1.87,sell,False,2022-10-17T22:35:58.391481+00:00
980,5166898868,10.315,2.59,sell,False,2022-10-17T22:02:07.030170+00:00
981,5166454236,10.285,1.9,sell,False,2022-10-17T19:30:39.033237+00:00
982,5166165651,10.31,19.36,buy,False,2022-10-17T18:07:39.222845+00:00
983,5165983557,10.255,0.48,sell,False,2022-10-17T17:19:17.344490+00:00
984,5165780195,10.41,1.99,buy,False,2022-10-17T16:30:31.779537+00:00
985,5165149715,10.48,2.0,sell,False,2022-10-17T14:28:21.422227+00:00
986,5165026735,10.47,1.42,sell,False,2022-10-17T14:08:31.385897+00:00
987,5164961522,10.44,1.51,sell,False,2022-10-17T13:58:12.516598+00:00
988,5164925908,10.405,2.46,sell,False,2022-10-17T13:53:00.796803+00:00
989,5164852982,10.465,3.65,buy,False,2022-10-17T13:43:04.590446+00:00
990,5164852440,10.445,1.9,sell,False,2022-10-17T13:42:57.708937+00:00
991,5164818204,10.555,4.78,buy,False,2022-10-17T13:39:29.774282+00:00
992,5164724071,10.41,0.96,buy,False,2022-10-17T13:30:03.706687+00:00
993,5164724070,10.405,8.44,buy,False,2022-10-17T13:30:03.706687+00:00
994,5163785658,10.04,2.01,sell,False,2022-10-17T09:37:29.724933+00:00
995,5163389453,10.07,1.95,buy,False,2022-10-17T07:40:37.505877+00:00
996,5163355512,10.08,1.96,buy,False,2022-10-17T07:31:22.046928+00:00
997,5162951328,10.055,2.31,buy,False,2022-10-17T05:40:38.591440+00:00
998,5162589227,10.045,2.2,buy,False,2022-10-17T03:22:32.477460+00:00
999,5162102095,10.305,0.27,sell,False,2022-10-17T00:26:31.435669+00:00
1000,5162102071,10.78,0.19,sell,False,2022-10-17T00:26:30.904349+00:00
1001,5162102051,11.215,0.13,sell,False,2022-10-17T00:26:30.376056+00:00
1002,5162102035,11.61,0.09,sell,False,2022-10-17T00:26:29.835224+00:00
1003,5162101832,11.965,0.18,buy,False,2022-10-17T00:26:24.068122+00:00
1004,5162099830,10.875,0.74,buy,False,2022-10-17T00:25:47.574244+00:00
1005,5162096051,9.425,0.03,sell,False,2022-10-17T00:24:28.140401+00:00
1006,5162096050,9.5,1.0,sell,False,2022-10-17T00:24:28.140401+00:00
1007,5162096049,9.5,1.15,sell,False,2022-10-17T00:24:28.140401+00:00
1008,5162096048,9.775,0.4,sell,False,2022-10-17T00:24:28.140401+00:00
1009,5162094274,11.595,0.52,buy,False,2022-10-17T00:23:53.456437+00:00
1010,5162089642,10.305,0.27,sell,False,2022-10-17T00:22:09.642575+00:00
1011,5162089630,10.78,0.19,sell,False,2022-10-17T00:22:09.108875+00:00
1012,5162089612,11.215,0.13,sell,False,2022-10-17T00:22:08.569378+00:00
1013,5162089604,11.61,0.09,sell,False,2022-10-17T00:22:08.003789+00:00
1014,5162089506,11.965,0.18,buy,False,2022-10-17T00:22:04.573181+00:00
1015,5162087377,10.77,0.65,buy,False,2022-10-17T00:21:10.859225+00:00
1016,5162085213,9.505,6.79,sell,False,2022-10-17T00:20:28.699959+00:00
1017,5162085212,9.775,0.4,sell,False,2022-10-17T00:20:28.699959+00:00
1018,5162085211,9.955,2.72,sell,False,2022-10-17T00:20:28.699959+00:00
1019,5162078700,11.595,0.61,buy,False,2022-10-17T00:19:33.287992+00:00
1020,5162074675,10.305,0.27,sell,False,2022-10-17T00:18:09.965349+00:00
1021,5162074674,10.78,0.19,sell,False,2022-10-17T00:18:09.965349+00:00
1022,5162074673,11.215,0.13,sell,False,2022-10-17T00:18:09.965349+00:00
1023,5162074672,11.61,0.09,sell,False,2022-10-17T00:18:09.965349+00:00
1024,5162073553,11.965,0.18,buy,False,2022-10-17T00:17:45.538528+00:00
1025,5162069737,11.61,0.87,buy,False,2022-10-17T00:16:52.454675+00:00
1026,5160058561,9.9,0.1,sell,False,2022-10-16T14:30:11.208654+00:00
1027,5160020121,9.95,0.1,buy,False,2022-10-16T14:17:03.266430+00:00
1028,5160019526,9.855,2.16,sell,False,2022-10-16T14:16:50.372627+00:00
1029,5160016408,10.305,0.27,sell,False,2022-10-16T14:15:44.916971+00:00
1030,5160016378,10.785,0.19,sell,False,2022-10-16T14:15:44.377989+00:00
1031,5160016352,11.22,0.13,sell,False,2022-10-16T14:15:43.839752+00:00
1032,5160016321,11.615,0.09,sell,False,2022-10-16T14:15:43.288025+00:00
1033,5160016305,11.97,0.01,buy,False,2022-10-16T14:15:42.989943+00:00
1034,5160016240,11.97,0.19,buy,False,2022-10-16T14:15:41.373808+00:00
1035,5160015992,11.97,0.01,buy,False,2022-10-16T14:15:36.078944+00:00
1036,5160015838,11.61,0.87,buy,False,2022-10-16T14:15:33.899292+00:00
1037,5160014736,11.97,0.01,buy,False,2022-10-16T14:15:12.697692+00:00
1038,5160014356,10.305,0.27,sell,False,2022-10-16T14:15:04.797636+00:00
1039,5160014319,10.785,0.19,sell,False,2022-10-16T14:15:04.168179+00:00
1040,5160014305,11.22,0.13,sell,False,2022-10-16T14:15:03.636449+00:00
1041,5160014273,11.615,0.09,sell,False,2022-10-16T14:15:03.095952+00:00
1042,5160013355,11.97,0.19,buy,False,2022-10-16T14:14:42.200992+00:00
1043,5160013231,11.97,0.01,buy,False,2022-10-16T14:14:38.921464+00:00
1044,5160013037,11.18,1.25,buy,False,2022-10-16T14:14:36.512152+00:00
1045,5160007616,11.18,0.01,buy,False,2022-10-16T14:12:18.427388+00:00
1046,5160005055,9.53,54.59,sell,False,2022-10-16T14:11:25.232430+00:00
1047,5160005054,9.78,0.4,sell,False,2022-10-16T14:11:25.232430+00:00
1048,5160005053,9.825,1.01,sell,False,2022-10-16T14:11:25.232430+00:00
1049,5160004683,11.595,19.08,buy,False,2022-10-16T14:11:16.892635+00:00
1050,5159999927,11.595,10.0,buy,False,2022-10-16T14:09:09.698665+00:00
1051,5159999431,11.595,1.0,buy,False,2022-10-16T14:08:54.906328+00:00
1052,5159999411,11.595,1.0,buy,False,2022-10-16T14:08:53.868338+00:00
1053,5159999306,11.595,1.0,buy,False,2022-10-16T14:08:50.655829+00:00
1054,5159999083,11.595,1.0,buy,False,2022-10-16T14:08:45.764520+00:00
1055,5159998650,11.595,1.0,buy,False,2022-10-16T14:08:38.338282+00:00
1056,5159997890,11.595,1.0,buy,False,2022-10-16T14:08:17.723357+00:00
1057,5159997795,11.595,1.0,buy,False,2022-10-16T14:08:13.892865+00:00
1058,5159997633,11.595,1.0,buy,False,2022-10-16T14:08:09.598846+00:00
1059,5159995574,11.595,0.01,buy,False,2022-10-16T14:07:22.893459+00:00
1060,5159995074,10.02,2.64,buy,False,2022-10-16T14:07:13.241849+00:00
1061,5159985412,11.595,7.35,buy,False,2022-10-16T14:04:04.205014+00:00
1062,5159985411,11.595,10.0,buy,False,2022-10-16T14:04:04.205014+00:00
1063,5159985410,11.595,3.24,buy,False,2022-10-16T14:04:04.205014+00:00
1064,5159985160,9.83,61.5,sell,False,2022-10-16T14:03:58.892433+00:00
1065,5159984659,11.595,40.72,buy,False,2022-10-16T14:03:48.835857+00:00
1066,5159981501,11.595,0.64,buy,False,2022-10-16T14:02:44.854626+00:00
1067,5159981136,11.595,5.51,buy,False,2022-10-16T14:02:35.802626+00:00
1068,5159980943,9.905,18.18,sell,False,2022-10-16T14:02:31.226060+00:00
1069,5159980289,11.595,17.33,buy,False,2022-10-16T14:02:18.604577+00:00
1070,5159980161,11.595,29.31,buy,False,2022-10-16T14:02:16.202006+00:00
1071,5159979970,11.595,3.25,buy,False,2022-10-16T14:02:11.735809+00:00
1072,5159977260,9.83,34.6,sell,False,2022-10-16T14:01:08.632401+00:00
1073,5159973480,9.825,0.01,sell,False,2022-10-16T14:00:12.153502+00:00
1074,5159972472,9.83,0.01,buy,False,2022-10-16T14:00:07.852355+00:00
1075,5159964452,10.305,0.27,sell,False,2022-10-16T13:57:26.135947+00:00
1076,5159964434,10.785,0.19,sell,False,2022-10-16T13:57:25.571877+00:00
1077,5159964409,11.22,0.13,sell,False,2022-10-16T13:57:25.042757+00:00
1078,5159964370,11.615,0.09,sell,False,2022-10-16T13:57:24.506768+00:00
1079,5159961935,11.97,0.18,buy,False,2022-10-16T13:57:02.904362+00:00
1080,5159961814,11.97,0.01,buy,False,2022-10-16T13:57:00.856382+00:00
1081,5159961720,11.62,0.87,buy,False,2022-10-16T13:56:57.658541+00:00
1082,5159961670,11.62,0.01,buy,False,2022-10-16T13:56:54.709451+00:00
1083,5159961379,10.305,0.27,sell,False,2022-10-16T13:56:45.657395+00:00
1084,5159961363,10.785,0.19,sell,False,2022-10-16T13:56:45.117509+00:00
1085,5159961342,11.22,0.13,sell,False,2022-10-16T13:56:44.366585+00:00
1086,5159961321,11.615,0.09,sell,False,2022-10-16T13:56:43.834566+00:00
1087,5159960404,11.97,0.2,buy,False,2022-10-16T13:56:25.276604+00:00
1088,5159960250,11.97,0.01,buy,False,2022-10-16T13:56:21.514537+00:00
1089,5159960031,10.54,0.21,buy,False,2022-10-16T13:56:15.235293+00:00
1090,5159959165,10.025,0.03,buy,False,2022-10-16T13:55:42.377112+00:00
1091,5159958628,10.025,0.18,buy,False,2022-10-16T13:55:27.160025+00:00
1092,5159956529,11.885,0.01,sell,False,2022-10-16T13:54:50.319581+00:00
1093,5159956327,11.6,0.86,buy,False,2022-10-16T13:54:46.559931+00:00
1094,5159953035,9.905,78.06,sell,False,2022-10-16T13:53:27.138708+00:00
1095,5159949955,11.595,50.0,buy,False,2022-10-16T13:52:33.506517+00:00
1096,5159947018,11.595,0.1,buy,False,2022-10-16T13:51:24.176946+00:00
1097,5159946270,11.595,1.8,buy,False,2022-10-16T13:51:11.380675+00:00
1098,5159946269,11.595,3.02,buy,False,2022-10-16T13:51:11.380675+00:00
1099,5159932447,11.595,37.92,buy,False,2022-10-16T13:47:39.006627+00:00
1100,5159749240,10.305,0.27,sell,False,2022-10-16T12:39:13.529192+00:00
1101,5159749205,10.785,0.19,sell,False,2022-10-16T12:39:12.762498+00:00
1102,5159749190,11.22,0.13,sell,False,2022-10-16T12:39:12.232696+00:00
1103,5159749171,11.615,0.09,sell,False,2022-10-16T12:39:11.692292+00:00
1104,5159749088,11.97,0.18,buy,False,2022-10-16T12:39:09.696790+00:00
1105,5159748137,11.97,0.13,buy,False,2022-10-16T12:38:58.425784+00:00
1106,5159748136,11.62,0.88,buy,False,2022-10-16T12:38:58.425784+00:00
1107,5158802865,10.305,0.27,sell,False,2022-10-16T07:01:06.043740+00:00
1108,5158802840,10.785,0.19,sell,False,2022-10-16T07:01:05.501811+00:00
1109,5158802810,11.22,0.13,sell,False,2022-10-16T07:01:04.968561+00:00
1110,5158802788,11.615,0.09,sell,False,2022-10-16T07:01:04.437042+00:00
1111,5158802210,9.9,0.71,sell,False,2022-10-16T07:00:54.923753+00:00
1112,5158802099,11.97,0.2,buy,False,2022-10-16T07:00:51.946780+00:00
1113,5158801545,11.97,6.19,buy,False,2022-10-16T07:00:43.887636+00:00
1114,5158801544,11.875,9.22,buy,False,2022-10-16T07:00:43.887636+00:00
1115,5158801543,11.5,0.86,buy,False,2022-10-16T07:00:43.887636+00:00
1116,5158801542,11.175,11.19,buy,False,2022-10-16T07:00:43.887636+00:00
1117,5158801541,11.075,0.63,buy,False,2022-10-16T07:00:43.887636+00:00
1118,5158801540,11.005,0.9,buy,False,2022-10-16T07:00:43.887636+00:00
1119,5158509656,10.02,1.0,buy,False,2022-10-16T05:02:38.528326+00:00
1120,5151323471,10.0,2.0,sell,False,2022-10-14T19:52:00.218407+00:00
1121,5151323470,10.0,1.1,sell,False,2022-10-14T19:52:00.218407+00:00
1122,5151322968,10.01,2.99,sell,False,2022-10-14T19:51:54.057425+00:00
1123,5151242519,10.01,1.0,sell,False,2022-10-14T19:32:17.654296+00:00
1124,5151242502,10.01,1.0,sell,False,2022-10-14T19:32:17.418442+00:00
1125,5150816163,10.11,2.12,sell,False,2022-10-14T18:16:01.902975+00:00
1126,5150803674,10.18,0.68,buy,False,2022-10-14T18:13:20.683774+00:00
1127,5150797861,10.13,1.6,sell,False,2022-10-14T18:11:57.494528+00:00
1128,5150773947,10.17,2.75,sell,False,2022-10-14T18:06:12.442443+00:00
1129,5150614379,10.2,2.36,sell,False,2022-10-14T17:34:44.137507+00:00
1130,5150549451,10.22,1.99,sell,False,2022-10-14T17:20:07.856809+00:00
1131,5150523304,10.22,2.4,sell,False,2022-10-14T17:14:25.859966+00:00
1132,5150476205,10.26,2.04,sell,False,2022-10-14T17:04:38.404597+00:00
1133,5150450046,10.25,2.04,sell,False,2022-10-14T17:00:12.307779+00:00
1134,5150307135,10.28,1.56,sell,False,2022-10-14T16:34:05.687857+00:00
1135,5150073130,10.26,1.67,sell,False,2022-10-14T16:08:01.335896+00:00
1136,5149954067,10.27,1.83,sell,False,2022-10-14T15:48:05.636374+00:00
1137,5149864341,10.36,2.12,sell,False,2022-10-14T15:33:54.974995+00:00
1138,5149825220,10.37,2.39,sell,False,2022-10-14T15:28:06.110267+00:00
1139,5149798727,10.37,2.42,sell,False,2022-10-14T15:23:50.400187+00:00
1140,5149665998,10.4,1.81,sell,False,2022-10-14T15:08:24.889930+00:00
1141,5149532765,10.3,2.0,sell,False,2022-10-14T14:48:23.878239+00:00
1142,5149440283,10.36,1.56,sell,False,2022-10-14T14:38:01.180497+00:00
1143,5149408522,10.375,2.12,sell,False,2022-10-14T14:33:49.860515+00:00
1144,5149347342,10.33,2.35,sell,False,2022-10-14T14:28:03.066757+00:00
1145,5149248190,10.39,2.54,sell,False,2022-10-14T14:18:03.546540+00:00
1146,5149174015,10.39,1.88,sell,False,2022-10-14T14:13:54.745190+00:00
1147,5149065175,10.52,1.5,sell,False,2022-10-14T14:03:49.869517+00:00
1148,5148942584,10.675,1.5,sell,False,2022-10-14T13:53:50.377169+00:00
1149,5148899426,10.695,2.15,sell,False,2022-10-14T13:48:05.209814+00:00
1150,5148819015,10.88,2.42,sell,False,2022-10-14T13:38:01.066017+00:00
1151,5148777626,10.97,53.44,buy,False,2022-10-14T13:32:26.111377+00:00
1152,5148727702,10.845,1.96,sell,False,2022-10-14T13:25:00.325759+00:00
1153,5147862218,10.69,1.0,sell,False,2022-10-14T10:54:33.993859+00:00
1154,5144181550,10.645,2.68,sell,False,2022-10-13T22:27:27.736596+00:00
1155,5142722613,10.905,1.73,buy,False,2022-10-13T17:25:09.397446+00:00
1156,5142722580,10.905,4.3,buy,False,2022-10-13T17:25:08.817218+00:00
1157,5142722500,10.905,3.81,buy,False,2022-10-13T17:25:08.226071+00:00
1158,5141782619,10.735,0.42,buy,False,2022-10-13T15:28:59.026458+00:00
1159,5141110254,10.37,2.37,sell,False,2022-10-13T14:18:30.557957+00:00
1160,5140975319,10.19,2.56,sell,False,2022-10-13T14:03:53.449501+00:00
1161,5140917556,10.15,1.42,sell,False,2022-10-13T13:58:00.476197+00:00
1162,5140877766,10.21,1.74,sell,False,2022-10-13T13:53:57.360878+00:00
1163,5140626683,10.175,1.12,buy,False,2022-10-13T13:34:31.633534+00:00
1164,5140508662,10.34,2.53,sell,False,2022-10-13T13:23:37.576532+00:00
1165,5140438118,10.295,1.53,sell,False,2022-10-13T13:17:09.379993+00:00
1166,5138955966,10.75,2.11,sell,False,2022-10-13T11:52:17.917439+00:00
1167,5137550944,10.68,1.04,sell,False,2022-10-13T09:07:54.324607+00:00
1168,5137550943,10.69,0.46,sell,False,2022-10-13T09:07:54.324607+00:00
1169,5134736759,10.69,1.59,sell,False,2022-10-12T22:59:05.803800+00:00
1170,5134218328,10.69,1.56,sell,False,2022-10-12T19:48:22.143861+00:00
1171,5133993888,10.58,18.68,sell,False,2022-10-12T18:36:30.590178+00:00
1172,5130440250,9.815,1.0,sell,False,2022-10-12T04:37:35.812576+00:00
1173,5128609826,10.325,0.62,sell,False,2022-10-11T20:00:17.809408+00:00
1174,5127890563,10.55,2.49,sell,False,2022-10-11T17:16:08.346447+00:00
1175,5127877287,10.57,1.37,sell,False,2022-10-11T17:12:55.688532+00:00
1176,5127829107,10.49,4.04,sell,False,2022-10-11T17:01:49.525523+00:00
1177,5127064206,9.915,1.32,sell,False,2022-10-11T14:30:48.818022+00:00
1178,5127031435,9.96,1.28,sell,False,2022-10-11T14:24:43.965851+00:00
1179,5127026903,9.995,0.2,sell,False,2022-10-11T14:23:39.966078+00:00
1180,5127011715,10.06,1.26,sell,False,2022-10-11T14:20:47.354676+00:00
1181,5127004039,10.1,1.22,sell,False,2022-10-11T14:19:37.601152+00:00
1182,5126756522,10.2,1.21,sell,False,2022-10-11T13:54:31.771740+00:00
1183,5126754545,10.31,1.07,buy,False,2022-10-11T13:54:16.559517+00:00
1184,5126753024,10.235,1.17,sell,False,2022-10-11T13:53:53.395324+00:00
1185,5126637234,10.34,1.16,sell,False,2022-10-11T13:35:16.169492+00:00
1186,5125789459,10.475,1.11,sell,False,2022-10-11T10:13:45.057097+00:00
1187,5125789400,10.605,1.07,sell,False,2022-10-11T10:13:44.017978+00:00
1188,5125789399,10.73,1.02,sell,False,2022-10-11T10:13:44.017978+00:00
1189,5125789347,10.85,0.98,sell,False,2022-10-11T10:13:43.497710+00:00
1190,5125789278,10.97,0.94,sell,False,2022-10-11T10:13:42.965592+00:00
1191,5125789251,11.085,0.91,sell,False,2022-10-11T10:13:42.426828+00:00
1192,5125788888,11.195,0.9,buy,False,2022-10-11T10:13:36.159960+00:00
1193,5125762377,10.365,1.12,sell,False,2022-10-11T10:05:02.665954+00:00
1194,5125762196,10.4,0.14,sell,False,2022-10-11T10:04:57.743811+00:00
1195,5120674612,10.495,1.08,sell,False,2022-10-10T14:39:53.579641+00:00
1196,5120626497,10.62,1.03,sell,False,2022-10-10T14:32:37.612528+00:00
1197,5120547973,10.685,3.94,buy,False,2022-10-10T14:15:22.283358+00:00
1198,5120547959,10.685,3.0,buy,False,2022-10-10T14:15:21.740760+00:00
1199,5120100300,10.815,0.81,buy,False,2022-10-10T12:24:35.083167+00:00
1200,5120040815,10.77,2.07,sell,False,2022-10-10T12:05:51.461916+00:00
1201,5120023764,10.77,1.89,sell,False,2022-10-10T12:00:45.018159+00:00
1202,5119940630,10.78,1.0,sell,False,2022-10-10T11:32:04.451124+00:00
1203,5119763035,10.78,2.21,sell,False,2022-10-10T10:35:52.049201+00:00
1204,5119757568,10.78,1.82,sell,False,2022-10-10T10:33:47.387672+00:00
1205,5119688850,10.79,1.0,sell,False,2022-10-10T10:11:00.524461+00:00
1206,5119669170,10.8,1.5,sell,False,2022-10-10T10:05:51.764866+00:00
1207,5119645034,10.8,1.42,sell,False,2022-10-10T10:00:59.484289+00:00
1208,5119607544,10.795,1.59,sell,False,2022-10-10T09:51:19.090026+00:00
1209,5119522010,10.78,2.25,sell,False,2022-10-10T09:30:59.587726+00:00
1210,5119508021,10.775,1.78,sell,False,2022-10-10T09:27:39.485571+00:00
1211,5119298807,10.74,0.99,sell,False,2022-10-10T08:44:41.171348+00:00
1212,5119298806,10.765,0.09,sell,False,2022-10-10T08:44:41.171348+00:00
1213,5117247201,10.8,1.75,sell,False,2022-10-09T22:33:58.414871+00:00
1214,5117247097,10.8,2.87,sell,False,2022-10-09T22:33:57.890599+00:00
1215,5117204403,11.53,0.37,buy,False,2022-10-09T22:24:27.960140+00:00
1216,5117199414,10.765,0.01,sell,False,2022-10-09T22:22:21.075781+00:00
1217,5117199379,11.53,0.89,buy,False,2022-10-09T22:22:19.219531+00:00
1218,5117199378,11.49,0.87,buy,False,2022-10-09T22:22:19.219531+00:00
1219,5117199377,11.27,0.89,buy,False,2022-10-09T22:22:19.219531+00:00
1220,5117199376,11.095,2.55,buy,False,2022-10-09T22:22:19.219531+00:00
1221,5117196159,11.095,0.19,buy,False,2022-10-09T22:20:45.829188+00:00
1222,5117195954,10.86,0.95,sell,False,2022-10-09T22:20:41.399297+00:00
1223,5117195936,10.975,0.92,sell,False,2022-10-09T22:20:40.805360+00:00
1224,5117195897,11.085,0.56,sell,False,2022-10-09T22:20:38.704441+00:00
1225,5117195896,11.085,0.35,buy,False,2022-10-09T22:20:38.624268+00:00
1226,5117195675,10.865,0.95,sell,False,2022-10-09T22:20:28.219212+00:00
1227,5117195648,10.975,0.92,sell,False,2022-10-09T22:20:27.679437+00:00
1228,5117195159,11.085,0.91,buy,False,2022-10-09T22:20:10.257904+00:00
1229,5117193178,10.825,0.93,buy,False,2022-10-09T22:19:08.587172+00:00
1230,5117193169,10.825,0.93,buy,False,2022-10-09T22:19:08.199172+00:00
1231,5117189310,9.7,0.4,sell,False,2022-10-09T22:17:19.908452+00:00
1232,5117189309,10.22,0.27,sell,False,2022-10-09T22:17:19.908452+00:00
1233,5117189308,10.695,9.35,sell,False,2022-10-09T22:17:19.908452+00:00
1234,5117189307,10.695,0.19,sell,False,2022-10-09T22:17:19.908452+00:00
1235,5117165491,11.87,0.65,buy,False,2022-10-09T22:07:45.897882+00:00
1236,5116939401,10.785,0.42,sell,False,2022-10-09T20:16:37.243448+00:00
1237,5115287891,11.87,1.0,buy,False,2022-10-09T07:45:35.189333+00:00
1238,5112665415,10.775,0.64,sell,False,2022-10-08T11:02:24.842659+00:00
1239,5112582919,11.125,0.13,sell,False,2022-10-08T10:16:08.132229+00:00
1240,5112582908,11.52,0.09,sell,False,2022-10-08T10:16:07.528134+00:00
1241,5112582295,11.87,0.18,buy,False,2022-10-08T10:15:53.090315+00:00
1242,5112581273,11.87,0.12,buy,False,2022-10-08T10:15:37.140698+00:00
1243,5112581272,11.35,0.3,buy,False,2022-10-08T10:15:37.140698+00:00
1244,5105248319,11.11,1.74,sell,False,2022-10-06T22:29:35.880224+00:00
1245,5105237978,11.105,2.65,sell,False,2022-10-06T22:26:29.865998+00:00
1246,5104883606,11.04,0.26,sell,False,2022-10-06T21:14:15.469548+00:00
1247,5104768948,11.075,2.6,sell,False,2022-10-06T20:36:29.391040+00:00
1248,5104164993,11.14,1.0,buy,False,2022-10-06T17:58:10.635485+00:00
1249,5103292119,10.975,0.18,buy,False,2022-10-06T14:57:48.804759+00:00
1250,5103274533,10.935,4.5,buy,False,2022-10-06T14:54:39.780605+00:00
1251,5102594815,11.095,0.35,buy,False,2022-10-06T13:40:37.133174+00:00
1252,5102290464,10.775,2.23,sell,False,2022-10-06T12:47:07.492084+00:00
1253,5101910019,10.675,2.06,sell,False,2022-10-06T11:25:29.341724+00:00
1254,5101787626,10.67,0.3,buy,False,2022-10-06T10:45:51.846840+00:00
1255,5101621963,10.675,1.87,sell,False,2022-10-06T09:51:36.550187+00:00
1256,5101608527,10.625,2.22,sell,False,2022-10-06T09:47:10.242833+00:00
1257,5101575169,10.79,15.79,sell,False,2022-10-06T09:36:07.982253+00:00
1258,5101528159,10.79,4.5,sell,False,2022-10-06T09:19:58.397875+00:00
1259,5097949058,10.86,1.0,sell,False,2022-10-05T18:24:24.963180+00:00
1260,5097854918,10.9,5.04,sell,False,2022-10-05T18:06:01.184728+00:00
1261,5097721565,11.005,0.09,buy,False,2022-10-05T17:34:06.289264+00:00
1262,5097054630,10.935,8.6,buy,False,2022-10-05T15:46:17.073074+00:00
1263,5096675533,10.63,1.49,sell,False,2022-10-05T14:39:15.663445+00:00
1264,5096656202,10.5,9.39,sell,False,2022-10-05T14:35:34.179243+00:00
1265,5096204999,10.66,28.0,sell,False,2022-10-05T13:30:04.232636+00:00
1266,5096204961,10.66,24.75,sell,False,2022-10-05T13:30:04.106662+00:00
1267,5096056015,10.67,2.52,sell,False,2022-10-05T13:08:15.316602+00:00
1268,5095281894,10.73,1.0,sell,False,2022-10-05T09:57:42.831479+00:00
1269,5093342701,10.29,16.65,sell,False,2022-10-05T00:43:57.616597+00:00
1270,5093342700,10.58,0.1,sell,False,2022-10-05T00:43:57.616597+00:00
1271,5093342699,10.815,1.72,sell,False,2022-10-05T00:43:57.616597+00:00
1272,5093007076,10.81,1.73,sell,False,2022-10-04T23:20:51.578250+00:00
1273,5091000492,10.86,1.38,buy,False,2022-10-04T15:59:52.050566+00:00
1274,5090696193,10.905,0.2,buy,False,2022-10-04T14:53:01.208822+00:00
1275,5090695562,10.815,0.44,buy,False,2022-10-04T14:52:48.094263+00:00
1276,5090610750,10.575,1.21,sell,False,2022-10-04T14:35:47.586053+00:00
1277,5090504353,10.715,9.44,buy,False,2022-10-04T14:20:58.704646+00:00
1278,5089960884,10.29,4.16,sell,False,2022-10-04T12:53:52.744109+00:00
1279,5089960883,10.29,5.0,sell,False,2022-10-04T12:53:52.744109+00:00
1280,5089960882,10.29,5.0,sell,False,2022-10-04T12:53:52.744109+00:00
1281,5089960881,10.29,5.0,sell,False,2022-10-04T12:53:52.744109+00:00
1282,5089925137,10.295,3.22,sell,False,2022-10-04T12:47:01.625106+00:00
1283,5089762502,10.4,9.71,buy,False,2022-10-04T12:07:51.618589+00:00
1284,5089625055,10.4,1.74,buy,False,2022-10-04T11:29:18.082200+00:00
1285,5089624423,10.4,7.77,buy,False,2022-10-04T11:29:00.102845+00:00
1286,5089568739,10.36,5.24,buy,False,2022-10-04T11:12:19.288101+00:00
1287,5089552455,10.295,5.0,sell,False,2022-10-04T11:06:38.017564+00:00
1288,5089552454,10.295,5.0,sell,False,2022-10-04T11:06:38.017564+00:00
1289,5089552453,10.295,5.0,sell,False,2022-10-04T11:06:38.017564+00:00
1290,5089552452,10.295,5.0,sell,False,2022-10-04T11:06:38.017564+00:00
1291,5089552451,10.3,5.0,sell,False,2022-10-04T11:06:38.017564+00:00
1292,5089552450,10.3,5.0,sell,False,2022-10-04T11:06:38.017564+00:00
1293,5089552449,10.3,5.0,sell,False,2022-10-04T11:06:38.017564+00:00
1294,5089544760,10.305,5.0,sell,False,2022-10-04T11:04:12.987137+00:00
1295,5089544759,10.305,5.0,sell,False,2022-10-04T11:04:12.987137+00:00
1296,5089544758,10.305,5.0,sell,False,2022-10-04T11:04:12.987137+00:00
1297,5089544757,10.31,2.0,sell,False,2022-10-04T11:04:12.987137+00:00
1298,5089529498,10.31,1.0,sell,False,2022-10-04T11:00:24.987651+00:00
1299,5089529260,10.31,1.0,sell,False,2022-10-04T11:00:22.894926+00:00
1300,5089529259,10.31,1.0,sell,False,2022-10-04T11:00:22.894187+00:00
1301,5089529245,10.31,1.0,sell,False,2022-10-04T11:00:22.633223+00:00
1302,5089529244,10.31,1.5,sell,False,2022-10-04T11:00:22.604257+00:00
1303,5089529228,10.31,2.5,sell,False,2022-10-04T11:00:22.373483+00:00
1304,5089528981,10.315,5.0,sell,False,2022-10-04T11:00:17.232099+00:00
1305,5089528980,10.315,5.0,sell,False,2022-10-04T11:00:17.232099+00:00
1306,5089528979,10.315,5.0,sell,False,2022-10-04T11:00:17.232099+00:00
1307,5089528978,10.32,3.0,sell,False,2022-10-04T11:00:17.232099+00:00
1308,5089528953,10.32,2.0,sell,False,2022-10-04T11:00:17.019419+00:00
1309,5089528952,10.32,3.0,sell,False,2022-10-04T11:00:17.019419+00:00
1310,5089528948,10.32,2.0,sell,False,2022-10-04T11:00:16.924696+00:00
1311,5089528947,10.32,5.0,sell,False,2022-10-04T11:00:16.924696+00:00
1312,5089528946,10.325,5.0,sell,False,2022-10-04T11:00:16.924696+00:00
1313,5089528945,10.325,5.0,sell,False,2022-10-04T11:00:16.924696+00:00
1314,5089528944,10.325,5.0,sell,False,2022-10-04T11:00:16.924696+00:00
1315,5089528943,10.33,5.0,sell,False,2022-10-04T11:00:16.924696+00:00
1316,5089528942,10.335,5.0,sell,False,2022-10-04T11:00:16.924696+00:00
1317,5089528941,10.335,5.0,sell,False,2022-10-04T11:00:16.924696+00:00
1318,5089528940,10.34,5.0,sell,False,2022-10-04T11:00:16.924696+00:00
1319,5089528939,10.34,5.0,sell,False,2022-10-04T11:00:16.924696+00:00
1320,5089528938,10.34,3.0,sell,False,2022-10-04T11:00:16.924696+00:00
1321,5089527889,10.34,1.0,sell,False,2022-10-04T11:00:01.020435+00:00
1322,5089527864,10.34,1.0,sell,False,2022-10-04T11:00:00.793485+00:00
1323,5089527812,10.345,5.0,sell,False,2022-10-04T11:00:00.294353+00:00
1324,5089527811,10.345,5.0,sell,False,2022-10-04T11:00:00.294353+00:00
1325,5089527810,10.345,5.0,sell,False,2022-10-04T11:00:00.294353+00:00
1326,5089527809,10.345,5.0,sell,False,2022-10-04T11:00:00.294353+00:00
1327,5089527808,10.345,5.0,sell,False,2022-10-04T11:00:00.294353+00:00
1328,5089527807,10.345,5.0,sell,False,2022-10-04T11:00:00.294353+00:00
1329,5089527806,10.35,5.0,sell,False,2022-10-04T11:00:00.294353+00:00
1330,5089527805,10.35,5.0,sell,False,2022-10-04T11:00:00.294353+00:00
1331,5089527804,10.355,5.0,sell,False,2022-10-04T11:00:00.294353+00:00
1332,5089527803,10.355,5.0,sell,False,2022-10-04T11:00:00.294353+00:00
1333,5089527802,10.355,5.0,sell,False,2022-10-04T11:00:00.294353+00:00
1334,5089527801,10.355,5.0,sell,False,2022-10-04T11:00:00.294353+00:00
1335,5089527800,10.38,6.84,sell,False,2022-10-04T11:00:00.294353+00:00
1336,5089409571,10.47,1.0,buy,False,2022-10-04T10:29:44.455684+00:00
1337,5087965215,10.195,0.66,sell,False,2022-10-04T05:23:00.268644+00:00
1338,5087958962,10.465,4.21,buy,False,2022-10-04T05:20:57.397464+00:00
1339,5086785397,10.19,0.01,buy,False,2022-10-03T23:02:11.463970+00:00
1340,5085512220,9.89,1.1,buy,False,2022-10-03T17:22:52.028384+00:00
1341,5085398669,9.89,15.28,buy,False,2022-10-03T16:58:09.100588+00:00
1342,5085392021,9.89,5.09,buy,False,2022-10-03T16:56:10.745104+00:00
1343,5084905722,9.815,0.31,sell,False,2022-10-03T15:07:11.494011+00:00
1344,5084823445,9.815,0.31,sell,False,2022-10-03T14:51:51.487258+00:00
1345,5084823444,9.815,10.0,sell,False,2022-10-03T14:51:51.487258+00:00
1346,5084823443,9.82,9.9,sell,False,2022-10-03T14:51:51.487258+00:00
1347,5084815342,9.82,0.1,sell,False,2022-10-03T14:50:34.684306+00:00
1348,5084815341,9.825,10.0,sell,False,2022-10-03T14:50:34.684306+00:00
1349,5084814280,9.855,10.0,sell,False,2022-10-03T14:50:22.783146+00:00
1350,5084814279,9.86,10.0,sell,False,2022-10-03T14:50:22.783146+00:00
1351,5084814278,9.86,1.63,sell,False,2022-10-03T14:50:22.783146+00:00
1352,5084810851,9.86,8.37,sell,False,2022-10-03T14:49:36.393617+00:00
1353,5084799927,9.87,10.0,sell,False,2022-10-03T14:47:46.484568+00:00
1354,5084794627,9.875,10.0,sell,False,2022-10-03T14:46:47.109334+00:00
1355,5084794626,9.88,10.0,sell,False,2022-10-03T14:46:47.109334+00:00
1356,5084794617,9.88,10.0,sell,False,2022-10-03T14:46:46.877651+00:00
1357,5084746780,9.895,10.0,sell,False,2022-10-03T14:39:08.812137+00:00
1358,5084746779,9.9,10.0,sell,False,2022-10-03T14:39:08.812137+00:00
1359,5084746209,9.905,10.0,sell,False,2022-10-03T14:39:07.920882+00:00
1360,5084746208,9.91,10.0,sell,False,2022-10-03T14:39:07.920882+00:00
1361,5084745635,9.915,10.0,sell,False,2022-10-03T14:39:02.603058+00:00
1362,5084745634,9.92,10.0,sell,False,2022-10-03T14:39:02.603058+00:00
1363,5084745633,9.92,10.0,sell,False,2022-10-03T14:39:02.603058+00:00
1364,5084740908,9.93,10.0,sell,False,2022-10-03T14:38:18.681518+00:00
1365,5084740672,9.935,10.0,sell,False,2022-10-03T14:38:17.925746+00:00
1366,5084740671,9.94,10.0,sell,False,2022-10-03T14:38:17.925746+00:00
1367,5084725963,9.945,10.0,sell,False,2022-10-03T14:36:11.887762+00:00
1368,5084725962,9.95,10.0,sell,False,2022-10-03T14:36:11.887762+00:00
1369,5084724377,9.955,10.0,sell,False,2022-10-03T14:36:03.617259+00:00
1370,5084724376,9.96,10.0,sell,False,2022-10-03T14:36:03.617259+00:00
1371,5084719286,9.965,10.0,sell,False,2022-10-03T14:35:27.426001+00:00
1372,5084719285,9.97,10.0,sell,False,2022-10-03T14:35:27.426001+00:00
1373,5084719093,9.975,10.0,sell,False,2022-10-03T14:35:26.210639+00:00
1374,5084500868,9.95,0.31,buy,False,2022-10-03T14:07:25.296883+00:00
1375,5084361955,10.02,7.39,buy,False,2022-10-03T13:49:17.514448+00:00
1376,5084355574,10.01,0.4,buy,False,2022-10-03T13:47:51.327714+00:00
1377,5084253303,9.92,0.15,sell,False,2022-10-03T13:34:01.341625+00:00
1378,5083669494,10.15,4.49,sell,False,2022-10-03T11:00:01.080487+00:00
1379,5083669489,10.15,1.0,sell,False,2022-10-03T11:00:00.983334+00:00
1380,5083669448,10.15,1.0,sell,False,2022-10-03T11:00:00.566581+00:00
1381,5083544298,10.115,6.28,sell,False,2022-10-03T10:23:39.621743+00:00
1382,5083462861,10.13,1.0,sell,False,2022-10-03T09:54:06.629084+00:00
1383,5083462803,10.13,1.0,sell,False,2022-10-03T09:54:06.372997+00:00
1384,5080438939,11.02,0.01,buy,False,2022-10-02T20:09:15.908589+00:00
1385,5076682910,10.37,2.25,buy,False,2022-10-01T22:40:24.369719+00:00
1386,5076682909,10.37,5.73,buy,False,2022-10-01T22:40:24.369719+00:00
1387,5076682908,10.365,1.02,buy,False,2022-10-01T22:40:24.369719+00:00
1388,5074646581,10.37,0.01,buy,False,2022-10-01T10:29:15.349891+00:00
1389,5073770660,10.37,0.29,buy,False,2022-10-01T03:52:03.811080+00:00
1390,5073053413,10.37,0.09,buy,False,2022-09-30T23:34:21.607673+00:00
1391,5072482893,10.14,4.84,sell,False,2022-09-30T20:59:30.789775+00:00
1392,5072213773,10.115,0.51,sell,False,2022-09-30T20:04:24.694021+00:00
1393,5071791290,10.27,0.1,sell,False,2022-09-30T18:47:01.966647+00:00
1394,5071090742,10.29,0.66,sell,False,2022-09-30T16:18:19.664520+00:00
1395,5070713325,10.585,0.2,buy,False,2022-09-30T15:29:39.660881+00:00
1396,5070712860,10.51,0.94,buy,False,2022-09-30T15:29:33.982903+00:00
1397,5070655930,10.415,0.25,buy,False,2022-09-30T15:20:44.632406+00:00
1398,5070586144,10.275,1.2,sell,False,2022-09-30T15:12:40.689736+00:00
1399,5070583384,10.33,9.67,buy,False,2022-09-30T15:12:22.110502+00:00
1400,5070583214,10.33,16.29,buy,False,2022-09-30T15:12:21.580994+00:00
1401,5070582972,10.33,14.2,buy,False,2022-09-30T15:12:20.956526+00:00
1402,5070582154,10.33,8.56,buy,False,2022-09-30T15:12:15.242067+00:00
1403,5070573560,10.33,8.01,buy,False,2022-09-30T15:11:05.493399+00:00
1404,5070559108,10.33,7.93,buy,False,2022-09-30T15:09:15.226837+00:00
1405,5070204519,10.185,1.76,buy,False,2022-09-30T14:37:32.239691+00:00
1406,5069068844,9.955,5.1,buy,False,2022-09-30T12:21:47.059553+00:00
1407,5069056489,9.965,3.98,buy,False,2022-09-30T12:19:03.478388+00:00
1408,5066684714,9.88,1.0,buy,False,2022-09-30T02:00:18.583469+00:00
