,id,price,size,side,liquidation,time
0,5390017114,0.179,206.0,sell,False,2022-11-09T15:59:12.912102+00:00
1,5390017113,0.189,264.0,sell,False,2022-11-09T15:59:12.912102+00:00
2,5389696357,0.201,227.0,sell,False,2022-11-09T15:43:41.116358+00:00
3,5387955648,0.201,4.0,sell,False,2022-11-09T13:26:35.290470+00:00
4,5383908546,0.19925,1.0,sell,False,2022-11-09T09:12:47.157359+00:00
5,5383903925,0.19925,1.0,sell,False,2022-11-09T09:12:33.410739+00:00
6,5383903313,0.19925,1.0,sell,False,2022-11-09T09:12:32.350005+00:00
7,5383898382,0.19925,1.0,sell,False,2022-11-09T09:12:19.839730+00:00
8,5383889554,0.199,1.0,sell,False,2022-11-09T09:11:54.968446+00:00
9,5383889112,0.199,1.0,sell,False,2022-11-09T09:11:53.581961+00:00
10,5383888715,0.199,1.0,sell,False,2022-11-09T09:11:52.495126+00:00
11,5383888260,0.199,1.0,sell,False,2022-11-09T09:11:51.212814+00:00
12,5383887492,0.199,1.0,sell,False,2022-11-09T09:11:48.380009+00:00
13,5383887410,0.199,1.0,sell,False,2022-11-09T09:11:48.029305+00:00
14,5383887343,0.199,1.0,sell,False,2022-11-09T09:11:47.661728+00:00
15,5383887179,0.199,1.0,sell,False,2022-11-09T09:11:47.269400+00:00
16,5383887019,0.199,1.0,sell,False,2022-11-09T09:11:46.941588+00:00
17,5383886798,0.199,1.0,sell,False,2022-11-09T09:11:46.431627+00:00
18,5383886522,0.199,1.0,sell,False,2022-11-09T09:11:45.913897+00:00
19,5383885807,0.199,1.0,sell,False,2022-11-09T09:11:44.372642+00:00
20,5383885537,0.199,1.0,sell,False,2022-11-09T09:11:43.699697+00:00
21,5383885203,0.199,1.0,sell,False,2022-11-09T09:11:43.111677+00:00
22,5383884991,0.199,1.0,sell,False,2022-11-09T09:11:42.434063+00:00
23,5383884487,0.199,1.0,sell,False,2022-11-09T09:11:41.676829+00:00
24,5383883565,0.199,1.0,sell,False,2022-11-09T09:11:40.814929+00:00
25,5383881832,0.199,1.0,sell,False,2022-11-09T09:11:32.683900+00:00
26,5383880405,0.199,1.0,sell,False,2022-11-09T09:11:27.368448+00:00
27,5383879510,0.199,1.0,sell,False,2022-11-09T09:11:24.389860+00:00
28,5383855908,0.229,1.0,buy,False,2022-11-09T09:09:56.923664+00:00
29,5383846129,0.286,1.0,buy,False,2022-11-09T09:09:26.606218+00:00
30,5383834163,0.3575,1.0,buy,False,2022-11-09T09:08:53.252106+00:00
31,5382078094,0.55825,23728.0,buy,False,2022-11-09T06:53:15.094701+00:00
32,5379771797,0.5585,1.0,sell,False,2022-11-09T03:37:04.699265+00:00
33,5379768909,0.5585,1.0,sell,False,2022-11-09T03:36:47.962206+00:00
34,5379768214,0.46575,1.0,sell,False,2022-11-09T03:36:44.984544+00:00
35,5379758908,0.4655,1.0,sell,False,2022-11-09T03:35:46.227682+00:00
36,5379758380,0.4655,1.0,buy,False,2022-11-09T03:35:43.374895+00:00
37,5379757689,0.4655,1.0,sell,False,2022-11-09T03:35:38.182122+00:00
38,5379753137,0.4655,1.0,sell,False,2022-11-09T03:35:12.201394+00:00
39,5379753052,0.4655,1.0,sell,False,2022-11-09T03:35:11.562763+00:00
40,5379752782,0.4655,1.0,sell,False,2022-11-09T03:35:10.966542+00:00
41,5379752351,0.4655,1.0,sell,False,2022-11-09T03:35:09.409072+00:00
42,5379752247,0.4655,1.0,sell,False,2022-11-09T03:35:08.607938+00:00
43,5379752147,0.4655,1.0,sell,False,2022-11-09T03:35:07.198721+00:00
44,5379751952,0.4655,1.0,sell,False,2022-11-09T03:35:06.299048+00:00
45,5379751750,0.4655,1.0,sell,False,2022-11-09T03:35:04.843680+00:00
46,5379751628,0.4655,1.0,sell,False,2022-11-09T03:35:03.715407+00:00
47,5379719587,0.4655,1.0,buy,False,2022-11-09T03:32:33.757627+00:00
48,5379719020,0.4655,1.0,buy,False,2022-11-09T03:32:31.092206+00:00
49,5379717742,0.4655,1.0,buy,False,2022-11-09T03:32:27.462158+00:00
50,5379708469,0.4655,1.0,sell,False,2022-11-09T03:31:30.066049+00:00
51,5379703674,0.401,19.0,buy,False,2022-11-09T03:31:00.716902+00:00
52,5379703060,0.3935,44.0,buy,False,2022-11-09T03:30:57.407454+00:00
53,5379700831,0.388,1.0,sell,False,2022-11-09T03:30:38.522769+00:00
54,5379697164,0.375,140.0,buy,False,2022-11-09T03:30:11.896881+00:00
55,5379696516,0.35,100.0,buy,False,2022-11-09T03:30:07.181288+00:00
56,5379696515,0.35,368.0,buy,False,2022-11-09T03:30:07.181288+00:00
57,5379696514,0.35,142.0,buy,False,2022-11-09T03:30:07.181288+00:00
58,5379695989,0.3435,153.0,buy,False,2022-11-09T03:30:03.300081+00:00
59,5379695196,0.334,43.0,buy,False,2022-11-09T03:30:00.078194+00:00
60,5379693049,0.334,1.0,buy,False,2022-11-09T03:29:43.449332+00:00
61,5379692404,0.3195,11.0,buy,False,2022-11-09T03:29:36.122348+00:00
62,5379692403,0.3195,130.0,buy,False,2022-11-09T03:29:36.122348+00:00
63,5379692185,0.3195,29.0,buy,False,2022-11-09T03:29:34.887850+00:00
64,5379691931,0.30975,29.0,buy,False,2022-11-09T03:29:32.363774+00:00
65,5379685836,0.3095,1.0,sell,False,2022-11-09T03:28:41.442589+00:00
66,5379684486,0.3095,1.0,sell,False,2022-11-09T03:28:31.426026+00:00
67,5379683849,0.3095,1.0,sell,False,2022-11-09T03:28:26.498717+00:00
68,5379674660,0.29575,84.0,buy,False,2022-11-09T03:27:30.323737+00:00
69,5379674127,0.28975,90.0,buy,False,2022-11-09T03:27:26.213798+00:00
70,5379673180,0.2755,116.0,buy,False,2022-11-09T03:27:21.127196+00:00
71,5379672190,0.27,20231.0,buy,False,2022-11-09T03:27:15.509569+00:00
72,5379660178,0.26975,1.0,sell,False,2022-11-09T03:26:12.473694+00:00
73,5379656802,0.269,87.0,buy,False,2022-11-09T03:26:00.658744+00:00
74,5379656300,0.25,1899.0,buy,False,2022-11-09T03:25:57.641100+00:00
75,5379650161,0.25,1.0,sell,False,2022-11-09T03:25:13.881938+00:00
76,5379649289,0.25,1898.0,sell,False,2022-11-09T03:25:07.133192+00:00
77,5379648131,0.24975,99.0,buy,False,2022-11-09T03:25:00.560310+00:00
78,5379647050,0.24975,1.0,buy,False,2022-11-09T03:24:53.192154+00:00
79,5379640585,0.214,1.0,sell,False,2022-11-09T03:24:06.168387+00:00
80,5379636613,0.1785,1.0,sell,False,2022-11-09T03:23:39.000707+00:00
81,5379630719,0.14875,1.0,sell,False,2022-11-09T03:23:08.200677+00:00
82,5379614342,0.124,1.0,sell,False,2022-11-09T03:21:39.148221+00:00
83,5379604047,0.1035,1.0,sell,False,2022-11-09T03:20:39.561125+00:00
84,5379597419,0.08625,1.0,sell,False,2022-11-09T03:20:08.396886+00:00
85,5379595073,0.072,1.0,sell,False,2022-11-09T03:19:58.916035+00:00
86,5379572006,0.06,1.0,buy,True,2022-11-09T03:18:23.178653+00:00
87,5379567738,0.06,1.0,buy,False,2022-11-09T03:18:03.472707+00:00
88,5379554154,0.06,1.0,buy,False,2022-11-09T03:17:14.220194+00:00
89,5379553232,0.06,1.0,buy,False,2022-11-09T03:17:10.686362+00:00
90,5379550050,0.05025,1.0,buy,True,2022-11-09T03:16:58.328621+00:00
91,5379538022,0.05025,1.0,buy,True,2022-11-09T03:16:29.176378+00:00
92,5379527341,0.05025,1.0,buy,True,2022-11-09T03:15:44.054796+00:00
93,5379518318,0.05,9495.0,buy,True,2022-11-09T03:15:00.273632+00:00
94,5379517713,0.05,1.0,buy,False,2022-11-09T03:14:57.570699+00:00
95,5379513247,0.048,1.0,buy,False,2022-11-09T03:14:37.978906+00:00
96,5379504674,0.045,1.0,buy,False,2022-11-09T03:14:12.848262+00:00
97,5379458307,0.04,1.0,sell,False,2022-11-09T03:11:07.387754+00:00
98,5379445024,0.038,1.0,sell,False,2022-11-09T03:09:55.822444+00:00
99,5379441050,0.03175,1.0,sell,False,2022-11-09T03:09:37.712387+00:00
100,5379422909,0.023,100.0,sell,False,2022-11-09T03:07:34.804754+00:00
101,5379409644,0.023,1.0,buy,False,2022-11-09T03:06:16.743532+00:00
102,5379401201,0.024,1.0,buy,False,2022-11-09T03:05:24.827957+00:00
103,5379399335,0.0265,373.0,sell,False,2022-11-09T03:05:15.887334+00:00
104,5379389091,0.0265,1.0,sell,False,2022-11-09T03:04:12.517819+00:00
105,5379388157,0.03075,324.0,sell,False,2022-11-09T03:04:08.393735+00:00
106,5379353070,0.03175,759083.0,sell,False,2022-11-09T03:01:11.899377+00:00
107,5379352043,0.03125,500000.0,sell,False,2022-11-09T03:01:09.219621+00:00
108,5379352042,0.0315,9495.0,sell,False,2022-11-09T03:01:09.219621+00:00
109,5379349975,0.03125,1588504.0,sell,False,2022-11-09T03:00:58.745963+00:00
110,5379308639,0.02575,1.0,buy,False,2022-11-09T02:58:12.821675+00:00
111,5379299941,0.032,1.0,buy,False,2022-11-09T02:57:31.449869+00:00
112,5379292411,0.03975,1.0,buy,False,2022-11-09T02:56:55.836083+00:00
113,5379285092,0.0495,1.0,buy,False,2022-11-09T02:56:24.284955+00:00
114,5379263736,0.06175,1.0,buy,False,2022-11-09T02:55:29.567058+00:00
115,5379252453,0.077,1.0,buy,False,2022-11-09T02:54:27.261748+00:00
116,5379245277,0.09625,1.0,buy,False,2022-11-09T02:53:37.670490+00:00
117,5379243153,0.09625,1.0,buy,False,2022-11-09T02:53:25.972822+00:00
118,5379238759,0.09625,1.0,buy,False,2022-11-09T02:53:05.160098+00:00
119,5379234364,0.09625,1.0,buy,False,2022-11-09T02:52:43.985614+00:00
120,5379224100,0.09625,1.0,buy,False,2022-11-09T02:51:47.570407+00:00
121,5379215579,0.09625,1.0,buy,False,2022-11-09T02:50:51.046700+00:00
122,5379214884,0.12,1.0,buy,False,2022-11-09T02:50:46.192214+00:00
123,5379200243,0.12025,1.0,buy,False,2022-11-09T02:49:13.520191+00:00
124,5379198668,0.12025,1.0,buy,False,2022-11-09T02:49:01.363006+00:00
125,5379196356,0.12025,1.0,buy,False,2022-11-09T02:48:40.608449+00:00
126,5379192474,0.12025,1.0,buy,False,2022-11-09T02:48:09.286091+00:00
127,5379189118,0.12025,1.0,buy,False,2022-11-09T02:47:47.191517+00:00
128,5379187598,0.12025,1.0,buy,False,2022-11-09T02:47:35.377449+00:00
129,5379185704,0.12025,1.0,buy,False,2022-11-09T02:47:22.547277+00:00
130,5379183519,0.12025,1.0,buy,False,2022-11-09T02:47:06.541681+00:00
131,5379181921,0.12025,1.0,buy,False,2022-11-09T02:46:56.997097+00:00
132,5379181137,0.12025,164.0,buy,False,2022-11-09T02:46:49.850984+00:00
133,5379181076,0.12025,270.0,buy,False,2022-11-09T02:46:49.310218+00:00
134,5379180980,0.12025,264.0,buy,False,2022-11-09T02:46:48.765868+00:00
135,5379180915,0.12025,245.0,buy,False,2022-11-09T02:46:48.220166+00:00
136,5379180865,0.12025,278.0,buy,False,2022-11-09T02:46:47.680427+00:00
137,5379180794,0.12025,273.0,buy,False,2022-11-09T02:46:47.130258+00:00
138,5379180673,0.12025,245.0,buy,False,2022-11-09T02:46:46.578694+00:00
139,5379180614,0.12025,248.0,buy,False,2022-11-09T02:46:46.038334+00:00
140,5379180557,0.12025,250.0,buy,False,2022-11-09T02:46:45.504672+00:00
141,5379180493,0.12025,251.0,buy,False,2022-11-09T02:46:44.966809+00:00
142,5379180015,0.12025,1.0,buy,False,2022-11-09T02:46:43.221793+00:00
143,5379172772,0.12025,1.0,buy,False,2022-11-09T02:46:04.716670+00:00
144,5379172217,0.12025,1.0,buy,False,2022-11-09T02:46:01.581840+00:00
145,5379167451,0.12025,1.0,buy,False,2022-11-09T02:45:34.415786+00:00
146,5379165106,0.12025,1.0,buy,False,2022-11-09T02:45:21.117623+00:00
147,5379162157,0.1335,1.0,buy,False,2022-11-09T02:45:07.833189+00:00
148,5379158900,0.1335,1.0,buy,False,2022-11-09T02:44:58.702969+00:00
149,5379157334,0.15,1.0,sell,False,2022-11-09T02:44:54.467790+00:00
150,5379156873,0.15,728.0,sell,False,2022-11-09T02:44:51.554765+00:00
151,5379156872,0.15025,1.0,sell,False,2022-11-09T02:44:51.554765+00:00
152,5379156400,0.15025,2451.0,sell,False,2022-11-09T02:44:49.602067+00:00
153,5376314945,0.16675,27.0,sell,False,2022-11-08T22:41:25.000848+00:00
154,5371393449,0.181,553.0,sell,False,2022-11-08T19:12:44.978355+00:00
155,5370587390,0.178,615.0,sell,False,2022-11-08T18:46:16.042105+00:00
156,5370587389,0.1785,3833.0,sell,False,2022-11-08T18:46:16.042105+00:00
157,5369213515,0.1825,36.0,sell,False,2022-11-08T18:11:42.900033+00:00
158,5361184903,0.18875,616.0,sell,True,2022-11-08T10:59:01.920028+00:00
159,5361184751,0.19,26.0,sell,True,2022-11-08T10:59:00.896956+00:00
160,5360020586,0.19025,1455.0,sell,True,2022-11-08T08:51:20.558089+00:00
161,5360020585,0.19025,1506.0,sell,True,2022-11-08T08:51:20.558089+00:00
162,5355851738,0.1915,376.0,sell,False,2022-11-08T04:27:39.985714+00:00
163,5355851737,0.1915,1438.0,sell,False,2022-11-08T04:27:39.985714+00:00
164,5346042645,0.21825,1348.0,buy,False,2022-11-07T13:14:48.001342+00:00
165,5346042644,0.2175,1323.0,buy,False,2022-11-07T13:14:48.001342+00:00
166,5346042643,0.2175,1398.0,buy,False,2022-11-07T13:14:48.001342+00:00
167,5346042642,0.216,1344.0,buy,False,2022-11-07T13:14:48.001342+00:00
168,5346042641,0.2155,1342.0,buy,False,2022-11-07T13:14:48.001342+00:00
169,5346042640,0.20375,1527.0,buy,False,2022-11-07T13:14:48.001342+00:00
170,5346042639,0.20325,1391.0,buy,False,2022-11-07T13:14:48.001342+00:00
171,5346042638,0.203,441.0,buy,False,2022-11-07T13:14:48.001342+00:00
172,5345147775,0.1935,24.0,sell,False,2022-11-07T11:19:53.465635+00:00
173,5345131783,0.19525,25.0,sell,False,2022-11-07T11:17:17.327968+00:00
174,5342638133,0.19525,347.0,sell,False,2022-11-07T06:36:37.648180+00:00
175,5342107563,0.19525,70.0,sell,False,2022-11-07T05:30:23.976974+00:00
176,5341016657,0.2025,5.0,buy,False,2022-11-07T02:32:53.035981+00:00
177,5337335367,0.18925,197.0,sell,False,2022-11-06T18:57:03.820395+00:00
178,5337334588,0.20325,197.0,buy,False,2022-11-06T18:56:55.282971+00:00
179,5337326909,0.18925,197.0,sell,False,2022-11-06T18:55:51.390808+00:00
180,5337326761,0.20325,197.0,buy,False,2022-11-06T18:55:49.737805+00:00
181,5336005491,0.2025,1471.0,buy,False,2022-11-06T16:08:33.568602+00:00
182,5335996025,0.2015,1134.0,buy,False,2022-11-06T16:08:12.232483+00:00
183,5335996024,0.20125,1843.0,buy,False,2022-11-06T16:08:12.232483+00:00
184,5301814740,0.195,132.0,sell,False,2022-11-03T11:05:44.381974+00:00
185,5301768515,0.2,21.0,sell,False,2022-11-03T10:59:29.080417+00:00
186,5301768207,0.2,268.0,sell,False,2022-11-03T10:59:26.076140+00:00
187,5301767680,0.2,246.0,sell,False,2022-11-03T10:59:23.350923+00:00
188,5301767283,0.2,255.0,sell,False,2022-11-03T10:59:20.386341+00:00
189,5301767083,0.2,252.0,sell,False,2022-11-03T10:59:17.674906+00:00
190,5301766787,0.2,282.0,sell,False,2022-11-03T10:59:14.379849+00:00
191,5301766448,0.2,253.0,sell,False,2022-11-03T10:59:11.384265+00:00
192,5301766228,0.2,267.0,sell,False,2022-11-03T10:59:08.355770+00:00
193,5301765902,0.2,252.0,sell,False,2022-11-03T10:59:05.684196+00:00
194,5301765641,0.2,252.0,sell,False,2022-11-03T10:59:02.667926+00:00
195,5301765246,0.2,280.0,sell,False,2022-11-03T10:58:59.381807+00:00
196,5301764990,0.2,255.0,sell,False,2022-11-03T10:58:56.664978+00:00
197,5301764645,0.2,258.0,sell,False,2022-11-03T10:58:53.681605+00:00
198,5301764004,0.2,254.0,sell,False,2022-11-03T10:58:50.682893+00:00
199,5301763671,0.2,261.0,sell,False,2022-11-03T10:58:47.675487+00:00
200,5301763322,0.2,248.0,sell,False,2022-11-03T10:58:44.981782+00:00
201,5301763056,0.2,284.0,sell,False,2022-11-03T10:58:43.731001+00:00
202,5301762998,0.2,263.0,sell,False,2022-11-03T10:58:43.189699+00:00
203,5301762920,0.2,273.0,sell,False,2022-11-03T10:58:42.643510+00:00
204,5301762869,0.2,239.0,sell,False,2022-11-03T10:58:41.954557+00:00
205,5301762675,0.2,269.0,sell,False,2022-11-03T10:58:41.413327+00:00
206,5295021712,0.195,30.0,sell,False,2022-11-02T18:54:00.674735+00:00
207,5284349662,0.19975,37.0,buy,False,2022-11-01T16:07:39.130588+00:00
208,5283825189,0.2015,281.0,buy,False,2022-11-01T14:34:12.207128+00:00
209,5283825045,0.2015,284.0,buy,False,2022-11-01T14:34:11.675451+00:00
210,5283825008,0.2015,104.0,buy,False,2022-11-01T14:34:11.128545+00:00
211,5283824986,0.2015,51.0,buy,False,2022-11-01T14:34:10.587772+00:00
212,5282782723,0.2755,1814.0,buy,False,2022-11-01T12:17:49.957513+00:00
213,5282211593,0.2755,284.0,buy,False,2022-11-01T11:02:34.362123+00:00
214,5278172293,0.25975,50.0,sell,False,2022-11-01T00:16:30.186985+00:00
215,5277285132,0.2165,3.0,sell,False,2022-10-31T22:01:47.070648+00:00
216,5276229636,0.1805,161.0,sell,False,2022-10-31T18:40:28.887171+00:00
217,5276229407,0.1805,248.0,sell,False,2022-10-31T18:40:26.175367+00:00
218,5276229186,0.1805,243.0,sell,False,2022-10-31T18:40:23.464430+00:00
219,5276228950,0.1805,242.0,sell,False,2022-10-31T18:40:21.069948+00:00
220,5276228622,0.1805,245.0,sell,False,2022-10-31T18:40:18.377454+00:00
221,5276228382,0.1805,243.0,sell,False,2022-10-31T18:40:15.674785+00:00
222,5276228102,0.1805,270.0,sell,False,2022-10-31T18:40:12.673647+00:00
223,5276227892,0.1805,235.0,sell,False,2022-10-31T18:40:10.340706+00:00
224,5276227372,0.1805,124.0,sell,False,2022-10-31T18:40:07.280612+00:00
225,5276227371,0.18075,161.0,sell,False,2022-10-31T18:40:07.280612+00:00
226,5276227082,0.18075,278.0,sell,False,2022-10-31T18:40:04.273976+00:00
227,5276226855,0.18075,252.0,sell,False,2022-10-31T18:40:01.594751+00:00
228,5276226645,0.18075,255.0,sell,False,2022-10-31T18:39:58.950805+00:00
229,5276226372,0.18075,277.0,sell,False,2022-10-31T18:39:55.868074+00:00
230,5276226241,0.18075,239.0,sell,False,2022-10-31T18:39:53.500051+00:00
231,5276225971,0.1805,261.0,sell,False,2022-10-31T18:39:50.469434+00:00
232,5276225774,0.1805,248.0,sell,False,2022-10-31T18:39:48.461310+00:00
233,5276225685,0.1805,243.0,sell,False,2022-10-31T18:39:47.935027+00:00
234,5276225656,0.1805,204.0,sell,False,2022-10-31T18:39:47.396442+00:00
235,5276225618,0.1805,169.0,sell,False,2022-10-31T18:39:46.800529+00:00
236,5276225575,0.1805,168.0,sell,False,2022-10-31T18:39:46.270987+00:00
237,5276225536,0.1805,131.0,sell,False,2022-10-31T18:39:45.736749+00:00
238,5276225461,0.1805,90.0,sell,False,2022-10-31T18:39:45.207634+00:00
239,5276225278,0.1805,79.0,sell,False,2022-10-31T18:39:44.674545+00:00
240,5276225198,0.1805,124.0,sell,False,2022-10-31T18:39:44.129775+00:00
241,5276225118,0.1805,124.0,sell,False,2022-10-31T18:39:43.598572+00:00
242,5275946776,0.18075,32.0,sell,False,2022-10-31T17:55:51.328029+00:00
243,5275944580,0.18075,57.0,sell,False,2022-10-31T17:55:33.543488+00:00
244,5275941137,0.18075,58.0,sell,False,2022-10-31T17:55:00.366443+00:00
245,5275939524,0.18075,59.0,sell,False,2022-10-31T17:54:43.590234+00:00
246,5275939218,0.18075,59.0,sell,False,2022-10-31T17:54:38.203969+00:00
247,5275938922,0.18075,57.0,sell,False,2022-10-31T17:54:32.661858+00:00
248,5275938557,0.18075,58.0,sell,False,2022-10-31T17:54:27.038802+00:00
249,5275938179,0.18075,58.0,sell,False,2022-10-31T17:54:21.584564+00:00
250,5275937321,0.18075,58.0,sell,False,2022-10-31T17:54:10.091984+00:00
251,5275936886,0.18075,57.0,sell,False,2022-10-31T17:54:03.787050+00:00
252,5273924311,0.19675,5.0,buy,False,2022-10-31T14:21:34.925760+00:00
253,5247468547,0.2055,91.0,sell,False,2022-10-28T19:45:00.637773+00:00
254,5247468546,0.2055,258.0,sell,False,2022-10-28T19:45:00.630667+00:00
255,5247468059,0.20575,260.0,sell,False,2022-10-28T19:44:56.613058+00:00
256,5247468037,0.20575,278.0,sell,False,2022-10-28T19:44:56.433477+00:00
257,5247467959,0.20575,279.0,sell,False,2022-10-28T19:44:56.074477+00:00
258,5247467894,0.20575,260.0,sell,False,2022-10-28T19:44:55.821135+00:00
259,5247467675,0.20575,242.0,sell,False,2022-10-28T19:44:55.535033+00:00
260,5247467619,0.20575,244.0,sell,False,2022-10-28T19:44:55.229868+00:00
261,5246272997,0.2055,2.0,sell,False,2022-10-28T16:37:42.526219+00:00
262,5246272860,0.2055,56.0,sell,False,2022-10-28T16:37:41.960674+00:00
263,5246272859,0.2055,230.0,sell,False,2022-10-28T16:37:41.960674+00:00
264,5246272444,0.2055,244.0,sell,False,2022-10-28T16:37:41.334374+00:00
265,5246272374,0.2055,281.0,sell,False,2022-10-28T16:37:40.787743+00:00
266,5246272280,0.2055,236.0,sell,False,2022-10-28T16:37:40.244008+00:00
267,5246174921,0.21475,5.0,buy,False,2022-10-28T16:28:35.490582+00:00
268,5244616252,0.213,232.0,sell,False,2022-10-28T13:30:03.221814+00:00
269,5244616183,0.21325,282.0,sell,False,2022-10-28T13:30:02.675760+00:00
270,5244616093,0.21325,253.0,sell,False,2022-10-28T13:30:02.142694+00:00
271,5240592636,0.237,17.0,buy,False,2022-10-28T02:11:07.043328+00:00
272,5240546416,0.237,4.0,buy,False,2022-10-28T02:04:17.748443+00:00
273,5237725018,0.213,2.0,sell,False,2022-10-27T19:20:27.873181+00:00
274,5236862917,0.22275,141.0,buy,False,2022-10-27T16:39:13.245512+00:00
275,5235352567,0.22575,110.0,sell,False,2022-10-27T13:43:10.427949+00:00
276,5232704991,0.245,5.0,sell,False,2022-10-27T07:22:36.156103+00:00
277,5232704990,0.255,5.0,sell,False,2022-10-27T07:22:36.156103+00:00
278,5232702697,0.265,5.0,sell,False,2022-10-27T07:22:08.549051+00:00
279,5232389927,0.31925,1777.0,buy,False,2022-10-27T06:33:11.899448+00:00
280,5232389926,0.315,31.0,buy,False,2022-10-27T06:33:11.899448+00:00
281,5232389925,0.312,83.0,buy,False,2022-10-27T06:33:11.899448+00:00
282,5232389924,0.309,13.0,buy,False,2022-10-27T06:33:11.899448+00:00
283,5232389923,0.309,22.0,buy,False,2022-10-27T06:33:11.899448+00:00
284,5232389922,0.30325,56.0,buy,False,2022-10-27T06:33:11.899448+00:00
285,5232389921,0.2995,69.0,buy,False,2022-10-27T06:33:11.899448+00:00
286,5232389920,0.291,25.0,buy,False,2022-10-27T06:33:11.899448+00:00
287,5232389919,0.29,21.0,buy,False,2022-10-27T06:33:11.899448+00:00
288,5232389918,0.279,6.0,buy,False,2022-10-27T06:33:11.899448+00:00
289,5230602739,0.279,1.0,buy,False,2022-10-27T01:32:07.451037+00:00
290,5230579951,0.279,9.0,buy,False,2022-10-27T01:28:22.054505+00:00
291,5230512893,0.2465,45.0,sell,False,2022-10-27T01:18:04.983452+00:00
292,5229943510,0.2055,9.0,sell,False,2022-10-26T23:58:37.863217+00:00
293,5226515739,0.23575,1.0,buy,False,2022-10-26T15:22:00.415012+00:00
294,5225232711,0.233,1.0,buy,False,2022-10-26T13:51:21.572234+00:00
295,5220696775,0.20975,3.0,buy,False,2022-10-26T01:30:15.982594+00:00
296,5220695778,0.21,17.0,buy,False,2022-10-26T01:30:04.726863+00:00
297,5220695741,0.21,52.0,buy,False,2022-10-26T01:30:04.195433+00:00
298,5220695676,0.21,69.0,buy,False,2022-10-26T01:30:03.666521+00:00
299,5220695635,0.21,62.0,buy,False,2022-10-26T01:30:03.136826+00:00
300,5220694928,0.21025,10.0,buy,False,2022-10-26T01:29:55.924512+00:00
301,5220694927,0.21025,10.0,buy,False,2022-10-26T01:29:55.924512+00:00
302,5220694926,0.21025,10.0,buy,False,2022-10-26T01:29:55.924512+00:00
303,5220694925,0.21025,10.0,buy,False,2022-10-26T01:29:55.924512+00:00
304,5220694893,0.21025,10.0,buy,False,2022-10-26T01:29:55.395238+00:00
305,5220694892,0.21025,10.0,buy,False,2022-10-26T01:29:55.395238+00:00
306,5220694891,0.21025,10.0,buy,False,2022-10-26T01:29:55.395238+00:00
307,5220694855,0.21025,10.0,buy,False,2022-10-26T01:29:54.866337+00:00
308,5220694854,0.21025,10.0,buy,False,2022-10-26T01:29:54.866337+00:00
309,5220694853,0.21025,10.0,buy,False,2022-10-26T01:29:54.866337+00:00
310,5220694852,0.21025,10.0,buy,False,2022-10-26T01:29:54.866337+00:00
311,5220694851,0.21025,10.0,buy,False,2022-10-26T01:29:54.866337+00:00
312,5220694782,0.21025,10.0,buy,False,2022-10-26T01:29:54.312481+00:00
313,5220694781,0.21025,10.0,buy,False,2022-10-26T01:29:54.312481+00:00
314,5220694780,0.21025,10.0,buy,False,2022-10-26T01:29:54.312481+00:00
315,5220694779,0.21025,10.0,buy,False,2022-10-26T01:29:54.312481+00:00
316,5220694758,0.21025,10.0,buy,False,2022-10-26T01:29:53.787142+00:00
317,5220694757,0.21025,10.0,buy,False,2022-10-26T01:29:53.787142+00:00
318,5220694756,0.21025,10.0,buy,False,2022-10-26T01:29:53.787142+00:00
319,5220694755,0.21025,10.0,buy,False,2022-10-26T01:29:53.787142+00:00
320,5220694732,0.21025,10.0,buy,False,2022-10-26T01:29:53.253950+00:00
321,5220694731,0.21025,10.0,buy,False,2022-10-26T01:29:53.253950+00:00
322,5220694730,0.21025,10.0,buy,False,2022-10-26T01:29:53.253950+00:00
323,5220694729,0.21025,1.0,buy,False,2022-10-26T01:29:53.253950+00:00
324,5220694713,0.21025,9.0,buy,False,2022-10-26T01:29:52.729893+00:00
325,5220694712,0.21025,10.0,buy,False,2022-10-26T01:29:52.729893+00:00
326,5220694711,0.21025,10.0,buy,False,2022-10-26T01:29:52.729893+00:00
327,5220694710,0.21025,10.0,buy,False,2022-10-26T01:29:52.729893+00:00
328,5220694709,0.21025,10.0,buy,False,2022-10-26T01:29:52.729893+00:00
329,5220694668,0.21025,10.0,buy,False,2022-10-26T01:29:52.113206+00:00
330,5220694667,0.21025,10.0,buy,False,2022-10-26T01:29:52.113206+00:00
331,5220694666,0.21025,10.0,buy,False,2022-10-26T01:29:52.113206+00:00
332,5220694665,0.21025,10.0,buy,False,2022-10-26T01:29:52.113206+00:00
333,5220694648,0.21025,10.0,buy,False,2022-10-26T01:29:51.576324+00:00
334,5220694647,0.21025,10.0,buy,False,2022-10-26T01:29:51.576324+00:00
335,5220694646,0.21025,10.0,buy,False,2022-10-26T01:29:51.576324+00:00
336,5220694645,0.21025,10.0,buy,False,2022-10-26T01:29:51.576324+00:00
337,5220694602,0.21025,10.0,buy,False,2022-10-26T01:29:51.042660+00:00
338,5220694601,0.21025,10.0,buy,False,2022-10-26T01:29:51.042660+00:00
339,5220694600,0.21025,10.0,buy,False,2022-10-26T01:29:51.042660+00:00
340,5220694599,0.21025,10.0,buy,False,2022-10-26T01:29:51.042660+00:00
341,5220694577,0.21025,10.0,buy,False,2022-10-26T01:29:50.512991+00:00
342,5220694576,0.21025,10.0,buy,False,2022-10-26T01:29:50.512991+00:00
343,5220694575,0.21025,10.0,buy,False,2022-10-26T01:29:50.512991+00:00
344,5220694574,0.21025,10.0,buy,False,2022-10-26T01:29:50.512991+00:00
345,5220694573,0.21025,10.0,buy,False,2022-10-26T01:29:50.512991+00:00
346,5220694547,0.21025,10.0,buy,False,2022-10-26T01:29:49.978958+00:00
347,5220694546,0.21025,10.0,buy,False,2022-10-26T01:29:49.978958+00:00
348,5220694545,0.21025,10.0,buy,False,2022-10-26T01:29:49.978958+00:00
349,5220694544,0.21025,10.0,buy,False,2022-10-26T01:29:49.978958+00:00
350,5220694525,0.21025,10.0,buy,False,2022-10-26T01:29:49.333305+00:00
351,5220694524,0.21025,10.0,buy,False,2022-10-26T01:29:49.333305+00:00
352,5220694523,0.21025,10.0,buy,False,2022-10-26T01:29:49.333305+00:00
353,5220694522,0.21025,10.0,buy,False,2022-10-26T01:29:49.333305+00:00
354,5220694506,0.21025,10.0,buy,False,2022-10-26T01:29:48.797621+00:00
355,5220694505,0.21025,10.0,buy,False,2022-10-26T01:29:48.797621+00:00
356,5220694486,0.21025,10.0,buy,False,2022-10-26T01:29:48.240382+00:00
357,5220694466,0.21025,10.0,buy,False,2022-10-26T01:29:47.521346+00:00
358,5220694337,0.21,10.0,buy,False,2022-10-26T01:29:43.873944+00:00
359,5219076271,0.2715,16.0,sell,False,2022-10-25T20:46:10.731586+00:00
360,5218525962,0.22625,149.0,buy,False,2022-10-25T19:58:51.983348+00:00
361,5218525371,0.22625,71.0,buy,False,2022-10-25T19:58:43.310018+00:00
362,5216962489,0.22825,175.0,buy,False,2022-10-25T17:47:32.725138+00:00
363,5213338696,0.206,1.0,buy,False,2022-10-25T12:47:35.052432+00:00
364,5213337099,0.23,1.0,sell,False,2022-10-25T12:47:17.191620+00:00
365,5212293601,0.199,1.0,buy,False,2022-10-25T08:02:54.313316+00:00
366,5212293484,0.248,1.0,sell,False,2022-10-25T08:02:51.341742+00:00
367,5212293193,0.25,1.0,sell,False,2022-10-25T08:02:46.694139+00:00
368,5211890127,0.2485,1.0,sell,False,2022-10-25T05:39:02.159353+00:00
369,5211836302,0.20725,1.0,buy,False,2022-10-25T05:20:59.394850+00:00
370,5211260455,0.259,5.0,buy,False,2022-10-25T02:33:52.614691+00:00
371,5210274222,0.25275,40.0,buy,False,2022-10-24T22:19:47.845399+00:00
372,5209082544,0.21525,2.0,sell,False,2022-10-24T17:22:35.829601+00:00
373,5209082185,0.21525,227.0,sell,False,2022-10-24T17:22:29.238764+00:00
374,5209082054,0.21525,1.0,sell,False,2022-10-24T17:22:26.520454+00:00
375,5209082041,0.21525,1.0,sell,False,2022-10-24T17:22:26.288671+00:00
376,5209082031,0.21525,1.0,sell,False,2022-10-24T17:22:26.004903+00:00
377,5209082016,0.21525,1.0,sell,False,2022-10-24T17:22:25.771562+00:00
378,5209081994,0.21525,1.0,sell,False,2022-10-24T17:22:25.533849+00:00
379,5209081950,0.21525,1.0,sell,False,2022-10-24T17:22:25.286421+00:00
380,5209081876,0.21525,1.0,sell,False,2022-10-24T17:22:25.024709+00:00
381,5209081826,0.21525,1.0,sell,False,2022-10-24T17:22:24.765558+00:00
382,5209081820,0.21525,1.0,sell,False,2022-10-24T17:22:24.519389+00:00
383,5209081795,0.21525,1.0,sell,False,2022-10-24T17:22:24.299906+00:00
384,5209081788,0.21525,1.0,sell,False,2022-10-24T17:22:24.002014+00:00
385,5209081776,0.21525,1.0,sell,False,2022-10-24T17:22:23.766103+00:00
386,5209081762,0.21525,1.0,sell,False,2022-10-24T17:22:23.535841+00:00
387,5209081742,0.21525,1.0,sell,False,2022-10-24T17:22:23.289389+00:00
388,5209081730,0.21525,1.0,sell,False,2022-10-24T17:22:23.060833+00:00
389,5209081714,0.21525,1.0,sell,False,2022-10-24T17:22:22.774026+00:00
390,5209081706,0.21525,1.0,sell,False,2022-10-24T17:22:22.544972+00:00
391,5209081695,0.21525,1.0,sell,False,2022-10-24T17:22:22.263648+00:00
392,5209081675,0.21525,1.0,sell,False,2022-10-24T17:22:22.000832+00:00
393,5209081658,0.21525,1.0,sell,False,2022-10-24T17:22:21.746510+00:00
394,5209081640,0.21525,1.0,sell,False,2022-10-24T17:22:21.536293+00:00
395,5209081627,0.21525,1.0,sell,False,2022-10-24T17:22:21.192803+00:00
396,5209081612,0.21525,1.0,sell,False,2022-10-24T17:22:20.889594+00:00
397,5209081601,0.21525,1.0,sell,False,2022-10-24T17:22:20.508344+00:00
398,5209081589,0.21525,1.0,sell,False,2022-10-24T17:22:20.102027+00:00
399,5209081568,0.21525,1.0,sell,False,2022-10-24T17:22:19.627747+00:00
400,5209081541,0.21525,1.0,sell,False,2022-10-24T17:22:18.927139+00:00
401,5209081520,0.21525,1.0,sell,False,2022-10-24T17:22:18.324226+00:00
402,5209081480,0.21525,1.0,sell,False,2022-10-24T17:22:17.287777+00:00
403,5209080782,0.21975,1.0,sell,False,2022-10-24T17:22:03.996622+00:00
404,5209075430,0.23125,16.0,buy,False,2022-10-24T17:21:12.837679+00:00
405,5209075336,0.23125,14.0,buy,False,2022-10-24T17:21:11.355323+00:00
406,5209075224,0.2165,43.0,sell,False,2022-10-24T17:21:09.744573+00:00
407,5209074634,0.23125,29.0,buy,False,2022-10-24T17:21:03.249823+00:00
408,5209074574,0.23125,28.0,buy,False,2022-10-24T17:21:02.180517+00:00
409,5209074444,0.2165,4.0,sell,False,2022-10-24T17:21:00.509864+00:00
410,5209074398,0.2165,73.0,sell,False,2022-10-24T17:20:59.530697+00:00
411,5209074307,0.23125,51.0,buy,False,2022-10-24T17:20:57.569957+00:00
412,5209074257,0.23125,47.0,buy,False,2022-10-24T17:20:56.463536+00:00
413,5209073636,0.2165,6.0,sell,False,2022-10-24T17:20:47.043086+00:00
414,5209073302,0.2165,129.0,sell,False,2022-10-24T17:20:42.860415+00:00
415,5209070997,0.23125,64.0,buy,False,2022-10-24T17:20:27.070347+00:00
416,5209070891,0.23125,91.0,buy,False,2022-10-24T17:20:25.629611+00:00
417,5209069027,0.22125,3.0,sell,False,2022-10-24T17:20:11.331293+00:00
418,5209068881,0.22125,196.0,sell,False,2022-10-24T17:20:10.158241+00:00
419,5209068749,0.23175,1.0,buy,False,2022-10-24T17:20:08.319575+00:00
420,5209068682,0.23175,129.0,buy,False,2022-10-24T17:20:07.337332+00:00
421,5209068655,0.23175,101.0,buy,False,2022-10-24T17:20:06.205757+00:00
422,5209068476,0.22125,10.0,sell,False,2022-10-24T17:20:03.586816+00:00
423,5209068273,0.22125,270.0,sell,False,2022-10-24T17:20:00.888336+00:00
424,5209068062,0.23175,42.0,buy,False,2022-10-24T17:19:57.480928+00:00
425,5209068061,0.23175,145.0,buy,False,2022-10-24T17:19:57.480928+00:00
426,5209067844,0.23175,173.0,buy,False,2022-10-24T17:19:53.365914+00:00
427,5209067451,0.22125,38.0,sell,False,2022-10-24T17:19:47.922292+00:00
428,5209067401,0.22125,425.0,sell,False,2022-10-24T17:19:46.597383+00:00
429,5209067295,0.23175,282.0,buy,False,2022-10-24T17:19:44.112452+00:00
430,5209066436,0.232,218.0,buy,False,2022-10-24T17:19:29.834307+00:00
431,5209066247,0.22125,3.0,sell,False,2022-10-24T17:19:27.064678+00:00
432,5209066171,0.22125,606.0,sell,False,2022-10-24T17:19:25.615308+00:00
433,5209065950,0.23225,412.0,buy,False,2022-10-24T17:19:22.250983+00:00
434,5209065658,0.23225,389.0,buy,False,2022-10-24T17:19:21.107377+00:00
435,5209065502,0.22125,1.0,sell,False,2022-10-24T17:19:18.775450+00:00
436,5209065396,0.22125,106.0,sell,False,2022-10-24T17:19:16.880481+00:00
437,5209065260,0.22125,899.0,sell,False,2022-10-24T17:19:15.312308+00:00
438,5209064969,0.23225,221.0,buy,False,2022-10-24T17:19:09.035450+00:00
439,5209064968,0.23225,407.0,buy,False,2022-10-24T17:19:09.035450+00:00
440,5209064662,0.23225,593.0,buy,False,2022-10-24T17:19:04.391395+00:00
441,5209064415,0.2205,148.0,sell,False,2022-10-24T17:18:59.511395+00:00
442,5209064370,0.2205,1074.0,sell,False,2022-10-24T17:18:58.284232+00:00
443,5209064369,0.2205,340.0,sell,False,2022-10-24T17:18:58.284232+00:00
444,5209063975,0.23225,672.0,buy,False,2022-10-24T17:18:55.213327+00:00
445,5209063824,0.23225,928.0,buy,False,2022-10-24T17:18:53.288011+00:00
446,5209063823,0.23225,100.0,buy,False,2022-10-24T17:18:53.288011+00:00
447,5209062369,0.2205,2260.0,sell,False,2022-10-24T17:18:32.215902+00:00
448,5209061778,0.23225,1500.0,buy,False,2022-10-24T17:18:23.155044+00:00
449,5209060385,0.23225,1282.0,buy,False,2022-10-24T17:18:04.584893+00:00
450,5209059342,0.21825,3806.0,sell,False,2022-10-24T17:17:46.374812+00:00
451,5209057951,0.23225,2530.0,buy,False,2022-10-24T17:17:30.280385+00:00
452,5209057167,0.232,2072.0,buy,False,2022-10-24T17:17:15.751598+00:00
453,5209056302,0.219,6148.0,sell,False,2022-10-24T17:17:04.431897+00:00
454,5209054854,0.23175,4070.0,buy,False,2022-10-24T17:16:45.399540+00:00
455,5209051402,0.23225,3155.0,buy,False,2022-10-24T17:16:29.183311+00:00
456,5209050844,0.2205,9351.0,sell,False,2022-10-24T17:16:19.928636+00:00
457,5209045810,0.23225,6197.0,buy,False,2022-10-24T17:15:11.283839+00:00
458,5209043499,0.23225,5294.0,buy,False,2022-10-24T17:14:38.845598+00:00
459,5209042221,0.2185,15404.0,sell,False,2022-10-24T17:14:19.391526+00:00
460,5209038616,0.23225,9171.0,buy,False,2022-10-24T17:13:25.929600+00:00
461,5209037309,0.23225,10742.0,buy,False,2022-10-24T17:13:11.564338+00:00
462,5209036212,0.21825,8782.0,sell,False,2022-10-24T17:12:46.438687+00:00
463,5209035912,0.21825,18405.0,sell,False,2022-10-24T17:12:42.217319+00:00
464,5209033771,0.23225,16062.0,buy,False,2022-10-24T17:12:20.449081+00:00
465,5209031483,0.23225,18616.0,buy,False,2022-10-24T17:11:57.330449+00:00
466,5209029969,0.2175,16477.0,sell,False,2022-10-24T17:11:38.383048+00:00
467,5209029269,0.2175,14303.0,sell,False,2022-10-24T17:11:30.347818+00:00
468,5209027158,0.23225,72.0,buy,False,2022-10-24T17:11:05.693583+00:00
469,5209026849,0.23225,315.0,buy,False,2022-10-24T17:11:02.804232+00:00
470,5209026496,0.23225,1373.0,buy,False,2022-10-24T17:10:59.831308+00:00
471,5209025836,0.23225,5970.0,buy,False,2022-10-24T17:10:53.025927+00:00
472,5209025592,0.23225,15036.0,buy,False,2022-10-24T17:10:47.541934+00:00
473,5209025159,0.2175,3496.0,sell,True,2022-10-24T17:10:39.600026+00:00
474,5209025158,0.2175,1000.0,sell,True,2022-10-24T17:10:39.600026+00:00
475,5209021809,0.21625,11.0,sell,False,2022-10-24T17:09:54.218176+00:00
476,5209021697,0.21625,42.0,sell,False,2022-10-24T17:09:51.559384+00:00
477,5209021541,0.21625,165.0,sell,False,2022-10-24T17:09:48.390554+00:00
478,5209021126,0.21625,648.0,sell,False,2022-10-24T17:09:40.388777+00:00
479,5209020979,0.21625,2539.0,sell,False,2022-10-24T17:09:37.008057+00:00
480,5209020717,0.21625,9943.0,sell,False,2022-10-24T17:09:31.785936+00:00
481,5209020456,0.21625,7431.0,sell,False,2022-10-24T17:09:26.548075+00:00
482,5209019567,0.23275,1375.0,buy,True,2022-10-24T17:09:10.253379+00:00
483,5209018814,0.2325,221.0,buy,False,2022-10-24T17:09:00.249371+00:00
484,5209018585,0.2325,870.0,buy,False,2022-10-24T17:08:54.901986+00:00
485,5209018192,0.2325,3413.0,buy,False,2022-10-24T17:08:46.993976+00:00
486,5209017504,0.2325,11218.0,buy,False,2022-10-24T17:08:37.337133+00:00
487,5209016496,0.21625,351.0,sell,False,2022-10-24T17:08:22.063099+00:00
488,5209016343,0.21625,1375.0,sell,False,2022-10-24T17:08:17.768604+00:00
489,5209016036,0.21625,5388.0,sell,False,2022-10-24T17:08:13.077345+00:00
490,5209015452,0.21625,4594.0,sell,False,2022-10-24T17:08:03.113891+00:00
491,5209011668,0.2325,213.0,buy,False,2022-10-24T17:07:21.519112+00:00
492,5209010413,0.2325,851.0,buy,False,2022-10-24T17:07:09.406623+00:00
493,5209009642,0.2325,3397.0,buy,False,2022-10-24T17:06:59.942349+00:00
494,5209007810,0.2165,2583.0,sell,False,2022-10-24T17:06:44.437977+00:00
495,5209006886,0.23325,2544.0,buy,False,2022-10-24T17:06:33.177136+00:00
496,5209006228,0.2165,2047.0,sell,False,2022-10-24T17:06:23.484261+00:00
497,5209005633,0.23325,1900.0,buy,False,2022-10-24T17:06:12.772772+00:00
498,5208592520,0.23575,1.0,buy,False,2022-10-24T15:35:19.561717+00:00
499,5207915652,0.231,24.0,sell,False,2022-10-24T14:06:58.533798+00:00
500,5207370267,0.2305,1.0,buy,False,2022-10-24T12:43:10.824960+00:00
501,5207370184,0.2305,2.0,buy,False,2022-10-24T12:43:09.559793+00:00
502,5207370102,0.2305,1.0,buy,False,2022-10-24T12:43:08.429967+00:00
503,5207310388,0.29425,1.0,sell,False,2022-10-24T12:34:24.706527+00:00
504,5207309552,0.292,1.0,buy,False,2022-10-24T12:34:23.574014+00:00
505,5207308541,0.287,15.0,buy,False,2022-10-24T12:34:19.471784+00:00
506,5207307928,0.266,58.0,buy,False,2022-10-24T12:34:17.419051+00:00
507,5207304316,0.268,10.0,buy,False,2022-10-24T12:33:47.553608+00:00
508,5207303755,0.27,68.0,buy,False,2022-10-24T12:33:36.964406+00:00
509,5207299122,0.19625,2.0,sell,False,2022-10-24T12:32:37.165501+00:00
510,5207298601,0.196,69.0,sell,False,2022-10-24T12:32:32.527574+00:00
511,5207298600,0.19625,12.0,sell,False,2022-10-24T12:32:32.527574+00:00
512,5207297131,0.19625,692.0,sell,False,2022-10-24T12:32:18.860046+00:00
513,5207229163,0.19525,12.0,buy,False,2022-10-24T12:21:22.459577+00:00
514,5207211651,0.244,69.0,sell,False,2022-10-24T12:18:26.473705+00:00
515,5207211460,0.246,1.0,sell,False,2022-10-24T12:18:24.074211+00:00
516,5207211348,0.248,1.0,sell,False,2022-10-24T12:18:21.445512+00:00
517,5207209560,0.222,1.0,buy,False,2022-10-24T12:18:04.448298+00:00
518,5207193361,0.29375,6.0,sell,False,2022-10-24T12:15:41.783897+00:00
519,5207191987,0.294,71.0,buy,False,2022-10-24T12:15:28.223998+00:00
520,5207189971,0.271,1.0,sell,False,2022-10-24T12:14:52.810602+00:00
521,5207188459,0.18425,1.0,sell,False,2022-10-24T12:14:38.652926+00:00
522,5207185755,0.226,1.0,buy,False,2022-10-24T12:14:07.737898+00:00
523,5207165896,0.28225,1.0,buy,False,2022-10-24T12:10:19.727323+00:00
524,5207118754,0.295,1.0,buy,False,2022-10-24T12:00:59.182805+00:00
525,5207116207,0.271,1.0,sell,False,2022-10-24T12:00:29.581775+00:00
526,5207081348,0.226,99.0,buy,False,2022-10-24T11:52:10.938270+00:00
527,5207079719,0.224,1.0,buy,False,2022-10-24T11:51:45.540361+00:00
528,5207074907,0.27975,91.0,buy,False,2022-10-24T11:50:36.498256+00:00
529,5207065551,0.20025,849.0,sell,False,2022-10-24T11:48:37.032459+00:00
530,5207058204,0.20025,1.0,sell,False,2022-10-24T11:47:52.712134+00:00
531,5207043022,0.24,1.0,buy,False,2022-10-24T11:43:59.298319+00:00
532,5207038071,0.28375,598.0,buy,False,2022-10-24T11:42:34.717447+00:00
533,5207037814,0.20225,608.0,sell,False,2022-10-24T11:42:28.594257+00:00
534,5207037813,0.204,100.0,sell,False,2022-10-24T11:42:28.594257+00:00
535,5207033460,0.24,1.0,buy,False,2022-10-24T11:41:09.845695+00:00
536,5207032989,0.24,1.0,buy,False,2022-10-24T11:41:02.444052+00:00
537,5207005629,0.295,1.0,buy,False,2022-10-24T11:34:00.323222+00:00
538,5207003094,0.283,33.0,buy,False,2022-10-24T11:33:19.967406+00:00
539,5207003078,0.283,505.0,buy,False,2022-10-24T11:33:18.832964+00:00
540,5207002944,0.19,706.0,sell,False,2022-10-24T11:33:15.073847+00:00
541,5206987536,0.236,24.0,buy,False,2022-10-24T11:30:19.067041+00:00
542,5206987535,0.236,1.0,buy,False,2022-10-24T11:30:19.067041+00:00
543,5206986768,0.2,125.0,sell,False,2022-10-24T11:30:09.192745+00:00
544,5206976400,0.295,1.0,buy,False,2022-10-24T11:27:18.220753+00:00
545,5206974911,0.288,1.0,sell,False,2022-10-24T11:26:52.416911+00:00
546,5206966437,0.2,132.0,sell,False,2022-10-24T11:24:28.218594+00:00
547,5206961096,0.29475,86.0,buy,False,2022-10-24T11:22:53.545571+00:00
548,5206945786,0.246,1.0,buy,False,2022-10-24T11:19:12.425858+00:00
549,5206944423,0.245,1.0,buy,False,2022-10-24T11:18:56.442690+00:00
550,5206943593,0.25,1.0,buy,False,2022-10-24T11:18:43.687223+00:00
551,5206933267,0.295,1.0,buy,False,2022-10-24T11:16:30.155698+00:00
552,5206932493,0.2635,1.0,sell,False,2022-10-24T11:16:13.520244+00:00
553,5206932099,0.2635,1.0,sell,False,2022-10-24T11:16:05.482743+00:00
554,5206931806,0.259,1.0,sell,False,2022-10-24T11:15:56.574309+00:00
555,5206931277,0.21975,308.0,buy,False,2022-10-24T11:15:44.147452+00:00
556,5206931234,0.21975,1165.0,buy,False,2022-10-24T11:15:43.083898+00:00
557,5206931217,0.21975,236.0,buy,False,2022-10-24T11:15:42.609771+00:00
558,5206930954,0.21975,260.0,buy,False,2022-10-24T11:15:39.623722+00:00
559,5206930922,0.22,258.0,buy,False,2022-10-24T11:15:38.775945+00:00
560,5206930901,0.22,254.0,buy,False,2022-10-24T11:15:38.234361+00:00
561,5206930874,0.22,259.0,buy,False,2022-10-24T11:15:37.701458+00:00
562,5206930188,0.216,258.0,buy,False,2022-10-24T11:15:21.327594+00:00
563,5206930089,0.216,243.0,buy,False,2022-10-24T11:15:18.622587+00:00
564,5206929734,0.216,262.0,buy,False,2022-10-24T11:15:15.417588+00:00
565,5206929525,0.216,274.0,buy,False,2022-10-24T11:15:12.339046+00:00
566,5206929440,0.216,246.0,buy,False,2022-10-24T11:15:10.633046+00:00
567,5206929432,0.216,234.0,buy,False,2022-10-24T11:15:10.083763+00:00
568,5206928991,0.21625,162.0,buy,False,2022-10-24T11:15:08.253967+00:00
569,5206928949,0.21625,244.0,buy,False,2022-10-24T11:15:07.719983+00:00
570,5206928919,0.21625,275.0,buy,False,2022-10-24T11:15:07.178723+00:00
571,5206928859,0.21625,254.0,buy,False,2022-10-24T11:15:06.561008+00:00
572,5206918854,0.15025,742.0,sell,False,2022-10-24T11:12:17.362230+00:00
573,5206918734,0.15025,20.0,sell,False,2022-10-24T11:12:14.882339+00:00
574,5206917868,0.16,1.0,buy,False,2022-10-24T11:11:54.890847+00:00
575,5206896131,0.2,55.0,sell,False,2022-10-24T11:05:58.759039+00:00
576,5206896130,0.201,120.0,sell,False,2022-10-24T11:05:58.759039+00:00
577,5206896105,0.2415,1.0,sell,False,2022-10-24T11:05:58.178417+00:00
578,5206895133,0.201,1.0,sell,False,2022-10-24T11:05:42.199521+00:00
579,5206894875,0.28975,1.0,sell,False,2022-10-24T11:05:39.486819+00:00
580,5206891327,0.2415,1.0,sell,False,2022-10-24T11:04:52.293354+00:00
581,5206837359,0.20125,574.0,sell,False,2022-10-24T10:51:18.531302+00:00
582,5206833799,0.29475,558.0,buy,False,2022-10-24T10:50:32.263671+00:00
583,5206832568,0.29475,484.0,buy,False,2022-10-24T10:50:15.968898+00:00
584,5206829975,0.28975,1.0,sell,False,2022-10-24T10:49:33.040713+00:00
585,5206828453,0.20125,9.0,sell,False,2022-10-24T10:48:48.362664+00:00
586,5206828268,0.20125,59.0,sell,False,2022-10-24T10:48:44.128954+00:00
587,5206828008,0.20125,400.0,sell,False,2022-10-24T10:48:35.420643+00:00
588,5206827427,0.20125,1.0,buy,False,2022-10-24T10:48:25.926750+00:00
589,5206827337,0.21,21.0,sell,False,2022-10-24T10:48:22.258441+00:00
590,5206827185,0.21,1.0,sell,False,2022-10-24T10:48:18.201467+00:00
591,5206827049,0.2225,6.0,sell,False,2022-10-24T10:48:15.028897+00:00
592,5206549856,0.245,31.0,sell,False,2022-10-24T09:50:42.776380+00:00
593,5206411248,0.25,182.0,sell,False,2022-10-24T09:14:22.133798+00:00
594,5206411138,0.25,252.0,sell,False,2022-10-24T09:14:18.847350+00:00
595,5206410950,0.25,234.0,sell,False,2022-10-24T09:14:15.534885+00:00
596,5206410795,0.25,238.0,sell,False,2022-10-24T09:14:12.323199+00:00
597,5206410407,0.25,274.0,sell,False,2022-10-24T09:14:06.015776+00:00
598,5206410247,0.25,277.0,sell,False,2022-10-24T09:14:05.402327+00:00
599,5206409568,0.25,278.0,sell,False,2022-10-24T09:14:01.502359+00:00
600,5206409440,0.25,240.0,sell,False,2022-10-24T09:13:58.131196+00:00
601,5206409281,0.25,242.0,sell,False,2022-10-24T09:13:54.823722+00:00
602,5206408697,0.25,265.0,sell,False,2022-10-24T09:13:51.336903+00:00
603,5206408520,0.25,277.0,sell,False,2022-10-24T09:13:47.632457+00:00
604,5206408301,0.25,280.0,sell,False,2022-10-24T09:13:43.742045+00:00
605,5206408165,0.25,238.0,sell,False,2022-10-24T09:13:40.422507+00:00
606,5206407971,0.25,275.0,sell,False,2022-10-24T09:13:36.827433+00:00
607,5206407904,0.25,251.0,sell,False,2022-10-24T09:13:33.257325+00:00
608,5206407819,0.25,244.0,sell,False,2022-10-24T09:13:29.930449+00:00
609,5206407730,0.25,251.0,sell,False,2022-10-24T09:13:26.628284+00:00
610,5206407605,0.25,251.0,sell,False,2022-10-24T09:13:23.084469+00:00
611,5206407483,0.25,247.0,sell,False,2022-10-24T09:13:19.729538+00:00
612,5206407345,0.25,279.0,sell,False,2022-10-24T09:13:15.849571+00:00
613,5206407274,0.25,236.0,sell,False,2022-10-24T09:13:12.550720+00:00
614,5206407120,0.25,270.0,sell,False,2022-10-24T09:13:08.940664+00:00
615,5206406887,0.25,286.0,sell,False,2022-10-24T09:13:05.037328+00:00
616,5206406784,0.25,264.0,sell,False,2022-10-24T09:13:01.539544+00:00
617,5206406483,0.25,247.0,sell,False,2022-10-24T09:12:55.664909+00:00
618,5206406453,0.25,94.0,sell,False,2022-10-24T09:12:55.126566+00:00
619,5206406452,0.25025,166.0,sell,False,2022-10-24T09:12:55.126566+00:00
620,5206406363,0.25025,247.0,sell,False,2022-10-24T09:12:51.526500+00:00
621,5206406148,0.25025,279.0,sell,False,2022-10-24T09:12:47.938272+00:00
622,5206405509,0.25025,241.0,sell,False,2022-10-24T09:12:44.628542+00:00
623,5206405422,0.25025,254.0,sell,False,2022-10-24T09:12:41.111299+00:00
624,5206405335,0.25025,243.0,sell,False,2022-10-24T09:12:37.744766+00:00
625,5206405211,0.25025,235.0,sell,False,2022-10-24T09:12:34.444974+00:00
626,5206405105,0.25025,281.0,sell,False,2022-10-24T09:12:30.547485+00:00
627,5206404983,0.25025,245.0,sell,False,2022-10-24T09:12:27.309463+00:00
628,5206404889,0.25025,238.0,sell,False,2022-10-24T09:12:23.927231+00:00
629,5206404572,0.25025,285.0,sell,False,2022-10-24T09:12:20.024797+00:00
630,5206404332,0.25025,257.0,sell,False,2022-10-24T09:12:16.433681+00:00
631,5206404223,0.25025,266.0,sell,False,2022-10-24T09:12:12.834499+00:00
632,5206403960,0.25025,249.0,sell,False,2022-10-24T09:12:09.522265+00:00
633,5206403847,0.25,243.0,sell,False,2022-10-24T09:12:06.322339+00:00
634,5206403778,0.25,283.0,sell,False,2022-10-24T09:12:04.989224+00:00
635,5206403759,0.25,267.0,sell,False,2022-10-24T09:12:04.461588+00:00
636,5206403735,0.25,235.0,sell,False,2022-10-24T09:12:03.928449+00:00
637,5206403718,0.25,275.0,sell,False,2022-10-24T09:12:03.396389+00:00
638,5206203412,0.222,22.0,buy,False,2022-10-24T08:12:24.416433+00:00
639,5206203397,0.222,68.0,buy,False,2022-10-24T08:12:23.887949+00:00
640,5206202151,0.2225,42.0,buy,False,2022-10-24T08:12:03.157186+00:00
641,5206202135,0.2225,58.0,buy,False,2022-10-24T08:12:02.627616+00:00
642,5206202044,0.2225,66.0,buy,False,2022-10-24T08:12:01.397566+00:00
643,5206202024,0.2225,29.0,buy,False,2022-10-24T08:12:00.614150+00:00
644,5206202023,0.2225,33.0,buy,False,2022-10-24T08:12:00.614150+00:00
645,5206201989,0.2225,67.0,buy,False,2022-10-24T08:11:59.953429+00:00
646,5206201967,0.22275,42.0,buy,False,2022-10-24T08:11:59.404924+00:00
647,5206201966,0.2225,16.0,buy,False,2022-10-24T08:11:59.404924+00:00
648,5206201946,0.2225,84.0,buy,False,2022-10-24T08:11:58.854728+00:00
649,5206201408,0.22325,48.0,buy,False,2022-10-24T08:11:49.103198+00:00
650,5206201384,0.22325,43.0,buy,False,2022-10-24T08:11:48.574409+00:00
651,5206201383,0.22325,17.0,buy,False,2022-10-24T08:11:48.574409+00:00
652,5206201351,0.22325,46.0,buy,False,2022-10-24T08:11:48.040308+00:00
653,5206201335,0.22325,37.0,buy,False,2022-10-24T08:11:47.498898+00:00
654,5206201334,0.22325,20.0,buy,False,2022-10-24T08:11:47.498898+00:00
655,5206201313,0.22325,59.0,buy,False,2022-10-24T08:11:46.966372+00:00
656,5206201238,0.22325,21.0,buy,False,2022-10-24T08:11:46.362260+00:00
657,5206201237,0.22325,44.0,buy,False,2022-10-24T08:11:46.362260+00:00
658,5206201168,0.22325,56.0,buy,False,2022-10-24T08:11:45.768853+00:00
659,5206201167,0.22325,1.0,buy,False,2022-10-24T08:11:45.768853+00:00
660,5206201140,0.22325,62.0,buy,False,2022-10-24T08:11:45.243761+00:00
661,5206201129,0.22325,37.0,buy,False,2022-10-24T08:11:44.711039+00:00
662,5206201128,0.22325,29.0,buy,False,2022-10-24T08:11:44.711039+00:00
663,5206201098,0.22325,71.0,buy,False,2022-10-24T08:11:44.098948+00:00
664,5206201097,0.22325,2.0,buy,False,2022-10-24T08:11:44.098948+00:00
665,5206201078,0.22325,64.0,buy,False,2022-10-24T08:11:43.557704+00:00
666,5206201053,0.22325,34.0,buy,False,2022-10-24T08:11:43.022439+00:00
667,5206201052,0.22325,33.0,buy,False,2022-10-24T08:11:43.022439+00:00
668,5206201041,0.22325,67.0,buy,False,2022-10-24T08:11:42.437912+00:00
669,5206201040,0.22325,17.0,buy,False,2022-10-24T08:11:42.437912+00:00
670,5206201019,0.22325,83.0,buy,False,2022-10-24T08:11:41.896655+00:00
671,5206201008,0.2235,60.0,buy,False,2022-10-24T08:11:41.277418+00:00
672,5206201007,0.22325,17.0,buy,False,2022-10-24T08:11:41.277418+00:00
673,5206200983,0.22325,83.0,buy,False,2022-10-24T08:11:40.684480+00:00
674,5206200756,0.2235,25.0,buy,False,2022-10-24T08:11:35.628559+00:00
675,5206200755,0.2235,18.0,buy,False,2022-10-24T08:11:35.628559+00:00
676,5206200726,0.2235,45.0,buy,False,2022-10-24T08:11:34.814027+00:00
677,5206200707,0.2235,37.0,buy,False,2022-10-24T08:11:34.260057+00:00
678,5206200706,0.2235,8.0,buy,False,2022-10-24T08:11:34.260057+00:00
679,5206200684,0.2235,45.0,buy,False,2022-10-24T08:11:33.629619+00:00
680,5206200664,0.2235,47.0,buy,False,2022-10-24T08:11:33.091399+00:00
681,5206200605,0.22375,5.0,buy,False,2022-10-24T08:11:31.296460+00:00
682,5206200604,0.2235,39.0,buy,False,2022-10-24T08:11:31.296460+00:00
683,5206200585,0.2235,61.0,buy,False,2022-10-24T08:11:30.758331+00:00
684,5206198193,0.22425,44.0,buy,False,2022-10-24T08:11:13.071777+00:00
685,5206198180,0.22425,43.0,buy,False,2022-10-24T08:11:12.525388+00:00
686,5206198149,0.22425,45.0,buy,False,2022-10-24T08:11:11.976672+00:00
687,5206198111,0.22425,12.0,buy,False,2022-10-24T08:11:11.431668+00:00
688,5206198110,0.22425,35.0,buy,False,2022-10-24T08:11:11.431668+00:00
689,5206198070,0.22425,54.0,buy,False,2022-10-24T08:11:10.831253+00:00
690,5206198032,0.22425,11.0,buy,False,2022-10-24T08:11:10.182997+00:00
691,5206198031,0.22425,36.0,buy,False,2022-10-24T08:11:10.182997+00:00
692,5206197999,0.22425,52.0,buy,False,2022-10-24T08:11:09.650269+00:00
693,5206197974,0.22425,12.0,buy,False,2022-10-24T08:11:09.120878+00:00
694,5206197973,0.22425,34.0,buy,False,2022-10-24T08:11:09.120878+00:00
695,5206197945,0.22425,52.0,buy,False,2022-10-24T08:11:08.573828+00:00
696,5206197910,0.22425,14.0,buy,False,2022-10-24T08:11:08.039154+00:00
697,5206197909,0.22425,42.0,buy,False,2022-10-24T08:11:08.039154+00:00
698,5206197866,0.22425,58.0,buy,False,2022-10-24T08:11:07.388596+00:00
699,5206197839,0.22425,39.0,buy,False,2022-10-24T08:11:06.862827+00:00
700,5206197810,0.22425,61.0,buy,False,2022-10-24T08:11:06.274900+00:00
701,5206197775,0.2245,16.0,buy,False,2022-10-24T08:11:05.435279+00:00
702,5206197774,0.22425,39.0,buy,False,2022-10-24T08:11:05.435279+00:00
703,5206197749,0.22425,61.0,buy,False,2022-10-24T08:11:04.900085+00:00
704,5206197713,0.2245,34.0,buy,False,2022-10-24T08:11:04.138351+00:00
705,5206197712,0.22425,33.0,buy,False,2022-10-24T08:11:04.138351+00:00
706,5206197687,0.22425,67.0,buy,False,2022-10-24T08:11:03.438890+00:00
707,5206197662,0.22425,27.0,buy,False,2022-10-24T08:11:02.817879+00:00
708,5206197641,0.22425,73.0,buy,False,2022-10-24T08:11:02.194576+00:00
709,5206197472,0.2245,50.0,buy,False,2022-10-24T08:10:58.815367+00:00
710,5206196716,0.225,44.0,buy,False,2022-10-24T08:10:44.877988+00:00
711,5206196696,0.225,39.0,buy,False,2022-10-24T08:10:44.315954+00:00
712,5206196695,0.225,8.0,buy,False,2022-10-24T08:10:44.315954+00:00
713,5206196674,0.225,46.0,buy,False,2022-10-24T08:10:43.691494+00:00
714,5206196657,0.225,46.0,buy,False,2022-10-24T08:10:43.156502+00:00
715,5206196632,0.225,50.0,buy,False,2022-10-24T08:10:42.469449+00:00
716,5206196614,0.225,50.0,buy,False,2022-10-24T08:10:41.939850+00:00
717,5206196594,0.22525,7.0,buy,False,2022-10-24T08:10:41.358776+00:00
718,5206196593,0.225,39.0,buy,False,2022-10-24T08:10:41.358776+00:00
719,5206196564,0.225,61.0,buy,False,2022-10-24T08:10:40.761969+00:00
720,5206196563,0.225,16.0,buy,False,2022-10-24T08:10:40.761969+00:00
721,5206196505,0.225,84.0,buy,False,2022-10-24T08:10:40.228189+00:00
722,5206195924,0.2255,54.0,buy,False,2022-10-24T08:10:36.091898+00:00
723,5206195923,0.22525,20.0,buy,False,2022-10-24T08:10:36.091898+00:00
724,5206195905,0.22525,80.0,buy,False,2022-10-24T08:10:35.551320+00:00
725,5206195666,0.2255,15.0,buy,False,2022-10-24T08:10:31.439895+00:00
726,5206195665,0.2255,31.0,buy,False,2022-10-24T08:10:31.439895+00:00
727,5206195631,0.2255,46.0,buy,False,2022-10-24T08:10:30.822856+00:00
728,5206195615,0.2255,23.0,buy,False,2022-10-24T08:10:30.283218+00:00
729,5206195614,0.2255,25.0,buy,False,2022-10-24T08:10:30.283218+00:00
730,5206195590,0.2255,43.0,buy,False,2022-10-24T08:10:29.740596+00:00
731,5206195573,0.2255,32.0,buy,False,2022-10-24T08:10:29.209039+00:00
732,5206195572,0.2255,13.0,buy,False,2022-10-24T08:10:29.209039+00:00
733,5206195542,0.2255,47.0,buy,False,2022-10-24T08:10:28.618271+00:00
734,5206195534,0.2255,40.0,buy,False,2022-10-24T08:10:28.089922+00:00
735,5206195533,0.2255,4.0,buy,False,2022-10-24T08:10:28.089922+00:00
736,5206195516,0.2255,47.0,buy,False,2022-10-24T08:10:27.558717+00:00
737,5206195473,0.2255,49.0,buy,False,2022-10-24T08:10:26.903500+00:00
738,5206195459,0.22575,48.0,buy,False,2022-10-24T08:10:26.372000+00:00
739,5206195458,0.2255,1.0,buy,False,2022-10-24T08:10:26.372000+00:00
740,5206195440,0.2255,52.0,buy,False,2022-10-24T08:10:25.846368+00:00
741,5206195408,0.2255,47.0,buy,False,2022-10-24T08:10:25.311091+00:00
742,5206195338,0.2255,38.0,buy,False,2022-10-24T08:10:24.248684+00:00
743,5206195312,0.2255,62.0,buy,False,2022-10-24T08:10:23.720529+00:00
744,5206193430,0.22625,43.0,buy,False,2022-10-24T08:10:04.995294+00:00
745,5206193154,0.22625,12.0,buy,False,2022-10-24T08:10:03.740823+00:00
746,5206193107,0.22625,44.0,buy,False,2022-10-24T08:10:03.164809+00:00
747,5206193031,0.22625,44.0,buy,False,2022-10-24T08:10:02.591876+00:00
748,5206192975,0.2265,54.0,buy,False,2022-10-24T08:10:01.907430+00:00
749,5206192974,0.2265,13.0,buy,False,2022-10-24T08:10:01.907430+00:00
750,5206192973,0.22625,13.0,buy,False,2022-10-24T08:10:01.907430+00:00
751,5206192947,0.22625,87.0,buy,False,2022-10-24T08:10:01.373295+00:00
752,5206192683,0.2265,44.0,buy,False,2022-10-24T08:09:58.289991+00:00
753,5206192559,0.2265,43.0,buy,False,2022-10-24T08:09:57.687595+00:00
754,5206192558,0.2265,3.0,buy,False,2022-10-24T08:09:57.687595+00:00
755,5206192475,0.2265,46.0,buy,False,2022-10-24T08:09:57.116831+00:00
756,5206192458,0.2265,51.0,buy,False,2022-10-24T08:09:56.585977+00:00
757,5206192259,0.2265,47.0,buy,False,2022-10-24T08:09:56.035816+00:00
758,5206192238,0.2265,53.0,buy,False,2022-10-24T08:09:55.491560+00:00
759,5206192217,0.22675,4.0,buy,False,2022-10-24T08:09:54.939554+00:00
760,5206192216,0.2265,44.0,buy,False,2022-10-24T08:09:54.939554+00:00
761,5206192193,0.2265,56.0,buy,False,2022-10-24T08:09:54.413533+00:00
762,5206192121,0.2265,46.0,buy,False,2022-10-24T08:09:53.880322+00:00
763,5206192101,0.2265,54.0,buy,False,2022-10-24T08:09:53.355720+00:00
764,5206192075,0.22675,14.0,buy,False,2022-10-24T08:09:52.819666+00:00
765,5206192074,0.2265,45.0,buy,False,2022-10-24T08:09:52.819666+00:00
766,5206192056,0.2265,55.0,buy,False,2022-10-24T08:09:52.280717+00:00
767,5206192025,0.22675,2.0,buy,False,2022-10-24T08:09:51.508131+00:00
768,5206192024,0.22675,12.0,buy,False,2022-10-24T08:09:51.508131+00:00
769,5206192023,0.2265,44.0,buy,False,2022-10-24T08:09:51.508131+00:00
770,5206192010,0.2265,56.0,buy,False,2022-10-24T08:09:50.970858+00:00
771,5206191749,0.22675,44.0,buy,False,2022-10-24T08:09:44.745477+00:00
772,5206191696,0.22675,44.0,buy,False,2022-10-24T08:09:44.131459+00:00
773,5206191523,0.227,43.0,buy,False,2022-10-24T08:09:40.985017+00:00
774,5206191522,0.22675,9.0,buy,False,2022-10-24T08:09:40.985017+00:00
775,5206191491,0.22675,47.0,buy,False,2022-10-24T08:09:40.443470+00:00
776,5206191452,0.22675,44.0,buy,False,2022-10-24T08:09:39.904114+00:00
777,5206190476,0.22725,3.0,buy,False,2022-10-24T08:09:28.131269+00:00
778,5206190475,0.227,36.0,buy,False,2022-10-24T08:09:28.131269+00:00
779,5206190447,0.227,64.0,buy,False,2022-10-24T08:09:27.489980+00:00
780,5206190223,0.22725,47.0,buy,False,2022-10-24T08:09:22.669822+00:00
781,5206190222,0.22675,100.0,buy,False,2022-10-24T08:09:22.669822+00:00
782,5206190182,0.22725,50.0,buy,False,2022-10-24T08:09:21.929482+00:00
783,5206190181,0.227,19.0,buy,False,2022-10-24T08:09:21.929482+00:00
784,5206190171,0.227,80.0,buy,False,2022-10-24T08:09:21.767531+00:00
785,5206190159,0.227,76.0,buy,False,2022-10-24T08:09:21.395548+00:00
786,5206190126,0.227,75.0,buy,False,2022-10-24T08:09:20.859624+00:00
787,5206190095,0.227,66.0,buy,False,2022-10-24T08:09:20.321470+00:00
788,5206190066,0.227,69.0,buy,False,2022-10-24T08:09:19.790460+00:00
789,5206184477,0.2265,258.0,buy,False,2022-10-24T08:08:07.881698+00:00
790,5206184329,0.2265,236.0,buy,False,2022-10-24T08:08:04.524955+00:00
791,5206184210,0.2265,271.0,buy,False,2022-10-24T08:08:00.959030+00:00
792,5206184112,0.22675,37.0,buy,False,2022-10-24T08:07:57.646785+00:00
793,5206184111,0.22675,100.0,buy,False,2022-10-24T08:07:57.646785+00:00
794,5206184110,0.22675,100.0,buy,False,2022-10-24T08:07:57.646785+00:00
795,5206183959,0.22725,75.0,buy,False,2022-10-24T08:07:54.078221+00:00
796,5206183958,0.22725,100.0,buy,False,2022-10-24T08:07:54.078221+00:00
797,5206183957,0.22725,100.0,buy,False,2022-10-24T08:07:54.078221+00:00
798,5206183814,0.2275,278.0,buy,False,2022-10-24T08:07:50.141932+00:00
799,5206183669,0.22775,85.0,buy,False,2022-10-24T08:07:46.249959+00:00
800,5206183668,0.22775,100.0,buy,False,2022-10-24T08:07:46.249959+00:00
801,5206183667,0.22775,100.0,buy,False,2022-10-24T08:07:46.249959+00:00
802,5206183083,0.228,251.0,buy,False,2022-10-24T08:07:42.942065+00:00
803,5206182935,0.2285,254.0,buy,False,2022-10-24T08:07:39.333673+00:00
804,5206182727,0.229,85.0,buy,False,2022-10-24T08:07:35.445407+00:00
805,5206182726,0.22875,100.0,buy,False,2022-10-24T08:07:35.445407+00:00
806,5206182725,0.22875,100.0,buy,False,2022-10-24T08:07:35.445407+00:00
807,5206182614,0.22925,14.0,buy,False,2022-10-24T08:07:32.531021+00:00
808,5206182613,0.22925,100.0,buy,False,2022-10-24T08:07:32.531021+00:00
809,5206182612,0.22925,100.0,buy,False,2022-10-24T08:07:32.531021+00:00
810,5206182448,0.2295,249.0,buy,False,2022-10-24T08:07:29.153831+00:00
811,5206182304,0.22975,39.0,buy,False,2022-10-24T08:07:25.847239+00:00
812,5206182303,0.22975,100.0,buy,False,2022-10-24T08:07:25.847239+00:00
813,5206182302,0.22975,100.0,buy,False,2022-10-24T08:07:25.847239+00:00
814,5206182206,0.23,163.0,buy,False,2022-10-24T08:07:23.442017+00:00
815,5206182167,0.23025,64.0,buy,False,2022-10-24T08:07:22.272743+00:00
816,5206182166,0.23025,6.0,buy,False,2022-10-24T08:07:22.272743+00:00
817,5206182091,0.23025,78.0,buy,False,2022-10-24T08:07:21.038035+00:00
818,5206181894,0.23025,16.0,buy,False,2022-10-24T08:07:18.062507+00:00
819,5206181893,0.23025,100.0,buy,False,2022-10-24T08:07:18.062507+00:00
820,5206181892,0.23025,100.0,buy,False,2022-10-24T08:07:18.062507+00:00
821,5206181207,0.2305,134.0,buy,False,2022-10-24T08:07:16.235706+00:00
822,5206181152,0.23075,16.0,buy,False,2022-10-24T08:07:14.736143+00:00
823,5206181151,0.23075,87.0,buy,False,2022-10-24T08:07:14.736143+00:00
824,5206181058,0.23075,13.0,buy,False,2022-10-24T08:07:12.935704+00:00
825,5206181057,0.23075,100.0,buy,False,2022-10-24T08:07:12.935704+00:00
826,5206181005,0.231,13.0,buy,False,2022-10-24T08:07:11.445433+00:00
827,5206181004,0.23075,100.0,buy,False,2022-10-24T08:07:11.445433+00:00
828,5206180920,0.231,88.0,buy,False,2022-10-24T08:07:10.246260+00:00
829,5206180882,0.23125,44.0,buy,False,2022-10-24T08:07:09.536510+00:00
830,5206180853,0.23125,32.0,buy,False,2022-10-24T08:07:08.856554+00:00
831,5206180852,0.23125,12.0,buy,False,2022-10-24T08:07:08.856554+00:00
832,5206180828,0.23125,43.0,buy,False,2022-10-24T08:07:08.283488+00:00
833,5206180800,0.23125,45.0,buy,False,2022-10-24T08:07:07.565503+00:00
834,5206180690,0.2315,167.0,buy,False,2022-10-24T08:07:05.143350+00:00
835,5206180462,0.2315,162.0,buy,False,2022-10-24T08:07:02.738908+00:00
836,5206180400,0.23175,5.0,buy,False,2022-10-24T08:07:01.236819+00:00
837,5206180399,0.23175,87.0,buy,False,2022-10-24T08:07:01.236819+00:00
838,5206180348,0.23175,13.0,buy,False,2022-10-24T08:06:59.773729+00:00
839,5206180347,0.23175,90.0,buy,False,2022-10-24T08:06:59.773729+00:00
840,5206180302,0.23175,10.0,buy,False,2022-10-24T08:06:58.670730+00:00
841,5206180301,0.23175,100.0,buy,False,2022-10-24T08:06:58.670730+00:00
842,5206180300,0.23175,1.0,buy,False,2022-10-24T08:06:58.670730+00:00
843,5206180281,0.23175,99.0,buy,False,2022-10-24T08:06:58.143697+00:00
844,5206180263,0.232,53.0,buy,False,2022-10-24T08:06:57.560475+00:00
845,5206180249,0.232,49.0,buy,False,2022-10-24T08:06:57.024798+00:00
846,5206180237,0.232,57.0,buy,False,2022-10-24T08:06:56.496094+00:00
847,5206180124,0.232,58.0,buy,False,2022-10-24T08:06:55.961274+00:00
848,5206179903,0.232,49.0,buy,False,2022-10-24T08:06:55.335847+00:00
849,5206179885,0.232,53.0,buy,False,2022-10-24T08:06:54.793565+00:00
850,5206179865,0.232,2.0,buy,False,2022-10-24T08:06:54.265500+00:00
851,5206179864,0.23175,100.0,buy,False,2022-10-24T08:06:54.265500+00:00
852,5206179829,0.232,54.0,buy,False,2022-10-24T08:06:53.732536+00:00
853,5206179810,0.232,53.0,buy,False,2022-10-24T08:06:53.194918+00:00
854,5206179787,0.232,56.0,buy,False,2022-10-24T08:06:52.656693+00:00
855,5206179752,0.232,56.0,buy,False,2022-10-24T08:06:52.055734+00:00
856,5206179718,0.232,62.0,buy,False,2022-10-24T08:06:51.509095+00:00
857,5206179670,0.232,68.0,buy,False,2022-10-24T08:06:50.972637+00:00
858,5206179614,0.232,67.0,buy,False,2022-10-24T08:06:50.361021+00:00
859,5206179516,0.232,77.0,buy,False,2022-10-24T08:06:49.691261+00:00
860,5206178782,0.23275,15.0,buy,False,2022-10-24T08:06:39.116706+00:00
861,5206178781,0.2325,41.0,buy,False,2022-10-24T08:06:39.116706+00:00
862,5206178768,0.2325,59.0,buy,False,2022-10-24T08:06:38.589125+00:00
863,5206178731,0.23275,11.0,buy,False,2022-10-24T08:06:37.554850+00:00
864,5206178730,0.2325,45.0,buy,False,2022-10-24T08:06:37.554850+00:00
865,5206178703,0.2325,55.0,buy,False,2022-10-24T08:06:37.022132+00:00
866,5206178678,0.23275,8.0,buy,False,2022-10-24T08:06:36.411467+00:00
867,5206178677,0.2325,46.0,buy,False,2022-10-24T08:06:36.411467+00:00
868,5206178657,0.2325,54.0,buy,False,2022-10-24T08:06:35.878393+00:00
869,5206178600,0.2325,42.0,buy,False,2022-10-24T08:06:35.051404+00:00
870,5206178563,0.2325,58.0,buy,False,2022-10-24T08:06:34.515824+00:00
871,5206178518,0.2325,41.0,buy,False,2022-10-24T08:06:33.739719+00:00
872,5206178481,0.2325,59.0,buy,False,2022-10-24T08:06:33.201682+00:00
873,5206178453,0.23275,41.0,buy,False,2022-10-24T08:06:32.355475+00:00
874,5206178452,0.2325,27.0,buy,False,2022-10-24T08:06:32.355475+00:00
875,5206178427,0.2325,73.0,buy,False,2022-10-24T08:06:31.830646+00:00
876,5206178199,0.2325,26.0,buy,False,2022-10-24T08:06:25.585340+00:00
877,5206178185,0.2325,74.0,buy,False,2022-10-24T08:06:25.048742+00:00
878,5206178121,0.23275,1.0,buy,False,2022-10-24T08:06:23.438603+00:00
879,5206178120,0.23275,1.0,buy,False,2022-10-24T08:06:23.438603+00:00
880,5206178119,0.23225,100.0,buy,False,2022-10-24T08:06:23.438603+00:00
881,5206177891,0.23225,1.0,buy,False,2022-10-24T08:06:19.038106+00:00
882,5206177866,0.2325,1.0,buy,False,2022-10-24T08:06:18.179621+00:00
883,5206177508,0.2325,1.0,buy,False,2022-10-24T08:06:13.365156+00:00
884,5206177468,0.23225,1.0,buy,False,2022-10-24T08:06:12.836264+00:00
885,5206177386,0.232,1.0,buy,False,2022-10-24T08:06:12.297688+00:00
886,5206177355,0.23175,1.0,buy,False,2022-10-24T08:06:11.703106+00:00
887,5206177297,0.2315,1.0,buy,False,2022-10-24T08:06:10.615424+00:00
888,5206177296,0.23125,1.0,buy,False,2022-10-24T08:06:10.615424+00:00
889,5206177283,0.231,1.0,buy,False,2022-10-24T08:06:10.083010+00:00
890,5206177261,0.23075,1.0,buy,False,2022-10-24T08:06:09.552365+00:00
891,5206177243,0.2305,1.0,buy,False,2022-10-24T08:06:08.990009+00:00
892,5206177203,0.23025,1.0,buy,False,2022-10-24T08:06:08.233009+00:00
893,5206177162,0.23,1.0,buy,False,2022-10-24T08:06:07.314426+00:00
894,5206177112,0.22975,1.0,buy,False,2022-10-24T08:06:06.602711+00:00
895,5206177076,0.2295,1.0,buy,False,2022-10-24T08:06:05.825735+00:00
896,5206177007,0.22925,1.0,buy,False,2022-10-24T08:06:05.107492+00:00
897,5206176956,0.229,1.0,buy,False,2022-10-24T08:06:04.575627+00:00
898,5206176870,0.229,1.0,buy,False,2022-10-24T08:06:02.577511+00:00
899,5206176804,0.22875,1.0,buy,False,2022-10-24T08:06:01.905887+00:00
900,5206176752,0.2285,1.0,buy,False,2022-10-24T08:06:01.174299+00:00
901,5206176652,0.22825,1.0,buy,False,2022-10-24T08:06:00.279410+00:00
902,5206176640,0.228,1.0,buy,False,2022-10-24T08:05:59.751824+00:00
903,5206176621,0.22775,1.0,buy,False,2022-10-24T08:05:59.225832+00:00
904,5206176493,0.22775,1.0,buy,False,2022-10-24T08:05:57.632295+00:00
905,5206176386,0.2275,1.0,buy,False,2022-10-24T08:05:56.730435+00:00
906,5206176321,0.22725,1.0,buy,False,2022-10-24T08:05:55.425048+00:00
907,5206176254,0.227,1.0,buy,False,2022-10-24T08:05:54.147273+00:00
908,5206176074,0.22675,1.0,buy,False,2022-10-24T08:05:51.113827+00:00
909,5206176048,0.22725,1.0,buy,False,2022-10-24T08:05:50.543638+00:00
910,5205840531,0.295,1.0,buy,False,2022-10-24T07:00:37.822520+00:00
911,5205838212,0.283,1.0,sell,False,2022-10-24T07:00:27.391703+00:00
912,5205836450,0.283,1.0,sell,False,2022-10-24T07:00:15.736714+00:00
913,5205824791,0.236,1.0,buy,False,2022-10-24T06:59:35.950917+00:00
914,5205823875,0.21025,8502.0,sell,False,2022-10-24T06:59:25.764597+00:00
915,5205823874,0.2105,9536.0,sell,False,2022-10-24T06:59:25.764597+00:00
916,5205823732,0.21,1.0,sell,False,2022-10-24T06:59:24.069002+00:00
917,5205793882,0.29475,11.0,buy,False,2022-10-24T06:52:11.098712+00:00
918,5205793739,0.29475,11935.0,buy,False,2022-10-24T06:52:09.143599+00:00
919,5205781674,0.295,1.0,buy,False,2022-10-24T06:48:52.648775+00:00
920,5205772011,0.2825,1.0,sell,False,2022-10-24T06:45:41.485021+00:00
921,5205769966,0.23575,2874.0,buy,False,2022-10-24T06:45:07.536507+00:00
922,5205769354,0.20125,16912.0,sell,False,2022-10-24T06:44:57.767384+00:00
923,5205753926,0.29475,11.0,buy,False,2022-10-24T06:39:32.326502+00:00
924,5205753834,0.29475,11189.0,buy,False,2022-10-24T06:39:30.102966+00:00
925,5205702879,0.295,1.0,buy,False,2022-10-24T06:27:29.451958+00:00
926,5205701185,0.28975,1.0,sell,False,2022-10-24T06:27:11.372137+00:00
927,5205699713,0.2415,1.0,sell,False,2022-10-24T06:26:38.569054+00:00
928,5205696755,0.20125,5613.0,sell,False,2022-10-24T06:25:36.798139+00:00
929,5205692233,0.29475,3716.0,buy,False,2022-10-24T06:24:11.164810+00:00
930,5205691935,0.29475,1.0,buy,False,2022-10-24T06:24:01.110610+00:00
931,5205691014,0.28975,1.0,sell,False,2022-10-24T06:23:41.170999+00:00
932,5205690625,0.28975,1.0,sell,False,2022-10-24T06:23:30.877401+00:00
933,5205689038,0.2415,1.0,sell,False,2022-10-24T06:22:49.329042+00:00
934,5205688291,0.2415,1.0,sell,False,2022-10-24T06:22:34.712779+00:00
935,5205683300,0.20125,5623.0,sell,False,2022-10-24T06:21:21.592993+00:00
936,5205670232,0.29425,3707.0,buy,False,2022-10-24T06:18:00.570907+00:00
937,5205664911,0.28975,1.0,sell,False,2022-10-24T06:17:18.582426+00:00
938,5205664764,0.275,17.0,buy,False,2022-10-24T06:17:15.405770+00:00
939,5205664105,0.275,1.0,buy,False,2022-10-24T06:17:07.099835+00:00
940,5205663213,0.2415,1.0,sell,False,2022-10-24T06:16:49.750872+00:00
941,5205661222,0.2415,1.0,sell,False,2022-10-24T06:16:32.225377+00:00
942,5205660592,0.20125,4220.0,sell,False,2022-10-24T06:16:16.377925+00:00
943,5205660591,0.20125,4220.0,sell,False,2022-10-24T06:16:16.377925+00:00
944,5205650323,0.20125,4223.0,sell,False,2022-10-24T06:12:57.432918+00:00
945,5205650088,0.20125,4222.0,sell,False,2022-10-24T06:12:49.297661+00:00
946,5205649181,0.20125,1.0,sell,False,2022-10-24T06:12:22.987544+00:00
947,5182258336,0.225,88.0,sell,False,2022-10-20T06:53:11.387520+00:00
948,5182256987,0.23,21.0,sell,False,2022-10-20T06:52:39.781340+00:00
949,5181703153,0.227,103.0,sell,False,2022-10-20T04:24:46.159336+00:00
950,5179239316,0.227,102.0,sell,False,2022-10-19T19:41:38.206804+00:00
951,5179239193,0.227,258.0,sell,False,2022-10-19T19:41:34.909053+00:00
952,5179239018,0.227,281.0,sell,False,2022-10-19T19:41:31.968917+00:00
953,5179238812,0.227,257.0,sell,False,2022-10-19T19:41:28.335828+00:00
954,5179238785,0.227,258.0,sell,False,2022-10-19T19:41:27.621633+00:00
955,5179238768,0.227,268.0,sell,False,2022-10-19T19:41:27.086316+00:00
956,5179238753,0.227,133.0,sell,False,2022-10-19T19:41:26.522977+00:00
957,5179238724,0.227,140.0,sell,False,2022-10-19T19:41:25.988211+00:00
958,5179238698,0.227,131.0,sell,False,2022-10-19T19:41:25.422036+00:00
959,5179238668,0.227,77.0,sell,False,2022-10-19T19:41:24.839998+00:00
960,5179238633,0.227,50.0,sell,False,2022-10-19T19:41:24.162889+00:00
961,5179238599,0.227,45.0,sell,False,2022-10-19T19:41:23.625955+00:00
962,5178407736,0.22225,20.0,sell,False,2022-10-19T16:28:00.874884+00:00
963,5177407873,0.25075,5.0,sell,False,2022-10-19T13:34:16.721847+00:00
964,5177407872,0.251,79.0,sell,False,2022-10-19T13:34:16.721847+00:00
965,5177406906,0.251,246.0,sell,False,2022-10-19T13:34:13.166281+00:00
966,5177405253,0.251,257.0,sell,False,2022-10-19T13:34:09.526898+00:00
967,5177404661,0.251,243.0,sell,False,2022-10-19T13:34:05.930779+00:00
968,5177404344,0.251,141.0,sell,False,2022-10-19T13:34:03.847888+00:00
969,5177403694,0.251,238.0,sell,False,2022-10-19T13:34:00.400968+00:00
970,5177403693,0.252,33.0,sell,False,2022-10-19T13:34:00.400968+00:00
971,5177403627,0.252,276.0,sell,False,2022-10-19T13:33:59.856886+00:00
972,5177403590,0.252,253.0,sell,False,2022-10-19T13:33:59.310015+00:00
973,5177403502,0.252,69.0,sell,False,2022-10-19T13:33:58.778974+00:00
974,5177403362,0.252,60.0,sell,False,2022-10-19T13:33:58.133438+00:00
975,5177403232,0.252,71.0,sell,False,2022-10-19T13:33:57.554915+00:00
976,5177402791,0.252,68.0,sell,False,2022-10-19T13:33:56.904777+00:00
977,5177402736,0.252,73.0,sell,False,2022-10-19T13:33:56.313737+00:00
978,5177402633,0.252,67.0,sell,False,2022-10-19T13:33:55.786378+00:00
979,5177025197,0.252,30.0,sell,False,2022-10-19T12:07:16.670913+00:00
980,5177025196,0.25225,48.0,sell,False,2022-10-19T12:07:16.670913+00:00
981,5177025147,0.25225,73.0,sell,False,2022-10-19T12:07:16.137491+00:00
982,5177025067,0.25225,80.0,sell,False,2022-10-19T12:07:15.593736+00:00
983,5177024995,0.25225,62.0,sell,False,2022-10-19T12:07:15.061722+00:00
984,5177024850,0.25225,59.0,sell,False,2022-10-19T12:07:14.531285+00:00
985,5177024816,0.25225,63.0,sell,False,2022-10-19T12:07:14.001822+00:00
986,5177024654,0.25225,59.0,sell,False,2022-10-19T12:07:13.473408+00:00
987,5177024619,0.25225,63.0,sell,False,2022-10-19T12:07:12.936485+00:00
988,5177024575,0.25225,52.0,sell,False,2022-10-19T12:07:12.394064+00:00
989,5177024567,0.25225,52.0,sell,False,2022-10-19T12:07:11.844575+00:00
990,5177024535,0.25225,61.0,sell,False,2022-10-19T12:07:11.310404+00:00
991,5177024442,0.25225,51.0,sell,False,2022-10-19T12:07:10.773295+00:00
992,5177024421,0.25225,59.0,sell,False,2022-10-19T12:07:10.117896+00:00
993,5177024392,0.25225,53.0,sell,False,2022-10-19T12:07:09.579253+00:00
994,5177024365,0.25225,64.0,sell,False,2022-10-19T12:07:09.051406+00:00
995,5177024309,0.25225,54.0,sell,False,2022-10-19T12:07:08.515575+00:00
996,5177023961,0.25225,43.0,sell,False,2022-10-19T12:07:07.982229+00:00
997,5177023620,0.25225,42.0,sell,False,2022-10-19T12:07:07.396630+00:00
998,5176792244,0.25225,43.0,sell,False,2022-10-19T11:17:41.227343+00:00
999,5176792175,0.25225,43.0,sell,False,2022-10-19T11:17:40.672836+00:00
1000,5176792026,0.25225,46.0,sell,False,2022-10-19T11:17:39.781151+00:00
1001,5176791946,0.25225,45.0,sell,False,2022-10-19T11:17:39.245838+00:00
1002,5176791838,0.25225,47.0,sell,False,2022-10-19T11:17:38.671822+00:00
1003,5176791762,0.25225,42.0,sell,False,2022-10-19T11:17:38.134640+00:00
1004,5176791648,0.25225,43.0,sell,False,2022-10-19T11:17:37.568502+00:00
1005,5176791523,0.25225,46.0,sell,False,2022-10-19T11:17:37.019569+00:00
1006,5176791357,0.25225,43.0,sell,False,2022-10-19T11:17:36.461945+00:00
1007,5176791327,0.25225,43.0,sell,False,2022-10-19T11:17:35.912972+00:00
1008,5176791264,0.25225,43.0,sell,False,2022-10-19T11:17:35.382768+00:00
1009,5176791164,0.25225,44.0,sell,False,2022-10-19T11:17:34.585374+00:00
1010,5176136095,0.30025,1.0,buy,False,2022-10-19T08:46:10.373556+00:00
1011,5176129760,0.255,30.0,sell,False,2022-10-19T08:44:53.950757+00:00
1012,5176125592,0.25225,30.0,sell,False,2022-10-19T08:43:39.624078+00:00
1013,5176114962,0.299,6.0,sell,False,2022-10-19T08:41:10.363702+00:00
1014,5176081724,0.253,30.0,sell,False,2022-10-19T08:33:05.945664+00:00
1015,5169692008,0.252,69.0,sell,False,2022-10-18T09:41:02.570020+00:00
1016,5169692007,0.25975,5.0,sell,False,2022-10-18T09:41:02.570020+00:00
1017,5169692006,0.26,70.0,sell,False,2022-10-18T09:41:02.570020+00:00
1018,5168589430,0.309,10.0,buy,False,2022-10-18T05:02:25.158059+00:00
1019,5165981933,0.265,33.0,sell,False,2022-10-17T17:18:52.981697+00:00
1020,5165188769,0.28275,100.0,buy,False,2022-10-17T14:36:19.291234+00:00
1021,5165182644,0.28275,1325.0,buy,False,2022-10-17T14:34:49.794000+00:00
1022,5161599709,0.27075,39.0,sell,False,2022-10-16T22:00:53.139347+00:00
1023,5161599613,0.27075,38.0,sell,False,2022-10-16T22:00:51.379180+00:00
1024,5161599431,0.27075,39.0,sell,False,2022-10-16T22:00:49.921985+00:00
1025,5160216700,0.27075,100.0,sell,False,2022-10-16T15:18:25.846394+00:00
1026,5158905256,0.27075,6.0,sell,False,2022-10-16T07:45:02.478626+00:00
1027,5158905255,0.27075,25.0,sell,False,2022-10-16T07:45:02.478626+00:00
1028,5158905254,0.271,31.0,sell,False,2022-10-16T07:45:02.478626+00:00
1029,5156534193,0.30975,27.0,buy,False,2022-10-15T18:40:59.765482+00:00
1030,5156534192,0.3,73.0,buy,False,2022-10-15T18:40:59.765482+00:00
1031,5155379896,0.3,5.0,buy,False,2022-10-15T13:05:32.777318+00:00
1032,5155376807,0.3,5.0,buy,False,2022-10-15T13:04:44.880658+00:00
1033,5154513547,0.27075,63.0,sell,False,2022-10-15T08:45:30.320037+00:00
1034,5154513443,0.27075,63.0,sell,False,2022-10-15T08:45:29.409572+00:00
1035,5154513372,0.27075,70.0,sell,False,2022-10-15T08:45:28.214899+00:00
1036,5154513169,0.27075,63.0,sell,False,2022-10-15T08:45:27.025558+00:00
1037,5154512863,0.27075,73.0,sell,False,2022-10-15T08:45:25.826318+00:00
1038,5154512139,0.27075,121.0,sell,False,2022-10-15T08:45:24.019934+00:00
1039,5154510860,0.27075,131.0,sell,False,2022-10-15T08:45:21.905113+00:00
1040,5154510402,0.27075,45.0,sell,False,2022-10-15T08:45:17.422023+00:00
1041,5154510401,0.271,242.0,sell,False,2022-10-15T08:45:17.422023+00:00
1042,5154510275,0.271,248.0,sell,False,2022-10-15T08:45:13.805710+00:00
1043,5154510054,0.27075,278.0,sell,False,2022-10-15T08:45:09.622449+00:00
1044,5154509526,0.27075,186.0,sell,False,2022-10-15T08:45:05.715786+00:00
1045,5154509525,0.27075,61.0,sell,False,2022-10-15T08:45:05.715786+00:00
1046,5154509242,0.271,281.0,sell,False,2022-10-15T08:45:01.518462+00:00
1047,5154508848,0.27075,268.0,sell,False,2022-10-15T08:44:58.788158+00:00
1048,5154508833,0.27075,253.0,sell,False,2022-10-15T08:44:58.260223+00:00
1049,5154508663,0.27075,284.0,sell,False,2022-10-15T08:44:57.723976+00:00
1050,5154508648,0.27075,252.0,sell,False,2022-10-15T08:44:57.192850+00:00
1051,5154498700,0.29075,1118.0,buy,False,2022-10-15T08:41:33.682358+00:00
1052,5154327657,0.265,275.0,sell,False,2022-10-15T07:58:27.763714+00:00
1053,5140718018,0.2545,39.0,buy,False,2022-10-13T13:42:12.632781+00:00
1054,5136149707,0.27725,276.0,sell,False,2022-10-13T04:48:35.561117+00:00
1055,5133256219,0.27725,38.0,buy,False,2022-10-12T15:54:50.748168+00:00
1056,5131814214,0.251,464.0,sell,False,2022-10-12T10:52:45.715433+00:00
1057,5131814213,0.251,99.0,sell,False,2022-10-12T10:52:45.715433+00:00
1058,5131804482,0.275,18.0,sell,False,2022-10-12T10:49:57.233500+00:00
1059,5131804481,0.28,17.0,sell,False,2022-10-12T10:49:57.233500+00:00
1060,5131764973,0.3015,83.0,sell,False,2022-10-12T10:37:18.924869+00:00
1061,5131764945,0.3015,260.0,sell,False,2022-10-12T10:37:18.373148+00:00
1062,5131764917,0.3015,256.0,sell,False,2022-10-12T10:37:17.869955+00:00
1063,5131241936,0.25,200.0,sell,False,2022-10-12T08:05:52.304458+00:00
1064,5131241935,0.275,21.0,sell,False,2022-10-12T08:05:52.304458+00:00
1065,5131241934,0.282,36.0,sell,False,2022-10-12T08:05:52.304458+00:00
1066,5131240749,0.33375,439.0,buy,False,2022-10-12T08:05:31.444699+00:00
1067,5131240748,0.333,60.0,buy,False,2022-10-12T08:05:31.444699+00:00
1068,5131240747,0.33,30.0,buy,False,2022-10-12T08:05:31.444699+00:00
1069,5131240746,0.32825,2.0,buy,False,2022-10-12T08:05:31.444699+00:00
1070,5131224960,0.285,35.0,sell,False,2022-10-12T08:02:03.523278+00:00
1071,5126587572,0.2845,21.0,sell,False,2022-10-11T13:30:01.317107+00:00
1072,5126587571,0.2845,35.0,sell,False,2022-10-11T13:30:01.317107+00:00
1073,5116236023,0.293,170.0,sell,False,2022-10-09T15:24:36.093581+00:00
1074,5116174274,0.295,178.0,sell,False,2022-10-09T14:59:15.781148+00:00
1075,5116169168,0.3,166.0,sell,False,2022-10-09T14:57:00.530331+00:00
1076,5116167859,0.3,166.0,sell,False,2022-10-09T14:56:13.189142+00:00
1077,5115959663,0.32825,25.0,buy,False,2022-10-09T13:02:09.746452+00:00
1078,5104677253,0.29,10.0,sell,False,2022-10-06T20:09:18.969049+00:00
1079,5103775888,0.3,29.0,sell,False,2022-10-06T16:29:11.206139+00:00
1080,5103774788,0.301,3.0,sell,False,2022-10-06T16:28:55.456666+00:00
1081,5098426173,0.30075,38.0,buy,False,2022-10-05T20:02:42.443917+00:00
1082,5098426153,0.30075,37.0,buy,False,2022-10-05T20:02:41.923506+00:00
1083,5098426122,0.30075,35.0,buy,False,2022-10-05T20:02:41.392092+00:00
1084,5098426073,0.30075,39.0,buy,False,2022-10-05T20:02:40.823630+00:00
1085,5098426026,0.30075,37.0,buy,False,2022-10-05T20:02:40.258570+00:00
1086,5098425991,0.3005,82.0,buy,False,2022-10-05T20:02:39.716767+00:00
1087,5098425959,0.30075,41.0,buy,False,2022-10-05T20:02:39.200913+00:00
1088,5098425919,0.30075,39.0,buy,False,2022-10-05T20:02:38.546049+00:00
1089,5097942928,0.305,5.0,sell,False,2022-10-05T18:22:35.847768+00:00
1090,5097942887,0.305,110.0,sell,False,2022-10-05T18:22:34.992004+00:00
1091,5097942886,0.32125,2.0,sell,False,2022-10-05T18:22:34.992004+00:00
1092,5097942885,0.32125,6.0,sell,False,2022-10-05T18:22:34.992004+00:00
1093,5097797179,0.3265,132.0,buy,False,2022-10-05T17:52:40.435502+00:00
1094,5083615858,0.32025,109.0,buy,False,2022-10-03T10:43:46.226313+00:00
1095,5082303207,0.32,20.0,buy,False,2022-10-03T03:58:05.324757+00:00
1096,5077117116,0.32125,1.0,buy,False,2022-10-02T01:37:23.170266+00:00
1097,5069812008,0.3035,79.0,sell,False,2022-09-30T13:43:50.227130+00:00
1098,5069811987,0.3035,553.0,sell,False,2022-09-30T13:43:50.081893+00:00
1099,5069811952,0.3035,105.0,sell,False,2022-09-30T13:43:49.919137+00:00
1100,5069680773,0.3,51.0,sell,False,2022-09-30T13:30:02.496760+00:00
1101,5065178520,0.31375,4.0,buy,False,2022-09-29T20:12:22.834965+00:00
1102,5062812095,0.29775,748.0,buy,False,2022-09-29T13:30:03.070439+00:00
1103,5056261773,0.29075,13.0,sell,False,2022-09-28T13:57:03.913823+00:00
1104,5056254943,0.29125,10.0,sell,False,2022-09-28T13:55:55.405404+00:00
1105,5047224151,0.31725,187.0,sell,False,2022-09-27T13:36:50.830465+00:00
1106,5047224149,0.31725,40.0,sell,False,2022-09-27T13:36:50.744073+00:00
1107,5047219730,0.31925,545.0,sell,False,2022-09-27T13:36:04.167958+00:00
1108,5047219407,0.32275,46.0,buy,False,2022-09-27T13:36:01.530213+00:00
1109,5047219349,0.3195,797.0,buy,False,2022-09-27T13:36:00.900124+00:00
1110,5047169372,0.31675,188.0,sell,False,2022-09-27T13:30:06.918455+00:00
1111,5047169238,0.31675,211.0,sell,False,2022-09-27T13:30:05.368910+00:00
1112,5047168867,0.31675,856.0,sell,False,2022-09-27T13:30:03.420196+00:00
1113,5047168719,0.31675,742.0,sell,False,2022-09-27T13:30:02.861777+00:00
1114,5047168657,0.31675,813.0,sell,False,2022-09-27T13:30:02.377957+00:00
1115,5042104449,0.31475,124.0,buy,False,2022-09-26T19:50:58.749271+00:00
1116,5040867713,0.31025,27.0,buy,False,2022-09-26T15:44:59.235241+00:00
1117,5039971745,0.33125,694.0,sell,False,2022-09-26T13:35:57.226308+00:00
1118,5039971709,0.33125,823.0,sell,False,2022-09-26T13:35:57.114751+00:00
1119,5039965804,0.329,766.0,buy,False,2022-09-26T13:35:35.559162+00:00
1120,5039965643,0.329,829.0,buy,False,2022-09-26T13:35:35.099677+00:00
1121,5039965582,0.329,780.0,buy,False,2022-09-26T13:35:34.960343+00:00
1122,5039960631,0.327,124.0,buy,False,2022-09-26T13:34:57.878061+00:00
1123,5039908554,0.295,811.0,sell,False,2022-09-26T13:30:01.023243+00:00
1124,5039908551,0.295,580.0,sell,False,2022-09-26T13:30:00.964747+00:00
1125,5020655602,0.3255,720.0,buy,False,2022-09-23T13:59:17.256000+00:00
1126,5020655598,0.3255,805.0,buy,False,2022-09-23T13:59:17.196958+00:00
1127,5020334055,0.28675,90.0,sell,False,2022-09-23T13:30:02.338552+00:00
1128,5020334012,0.29,1.0,sell,False,2022-09-23T13:30:01.850364+00:00
1129,5020334010,0.3005,382.0,sell,False,2022-09-23T13:30:01.756546+00:00
1130,5020334007,0.3005,821.0,sell,False,2022-09-23T13:30:01.610364+00:00
1131,5019183974,0.31875,25.0,sell,False,2022-09-23T10:34:15.372482+00:00
1132,5014109977,0.32975,11.0,buy,False,2022-09-22T18:07:24.263083+00:00
1133,5012396928,0.34125,492.0,buy,False,2022-09-22T13:30:04.283397+00:00
1134,5010342666,0.315,150.0,sell,False,2022-09-22T07:02:02.149813+00:00
1135,5004420110,0.331,30.0,sell,False,2022-09-21T18:05:24.177364+00:00
1136,4995136923,0.34725,849.0,sell,False,2022-09-20T13:30:03.641754+00:00
1137,4995136840,0.34725,706.0,sell,False,2022-09-20T13:30:02.980855+00:00
1138,4995136766,0.34725,844.0,sell,False,2022-09-20T13:30:02.429383+00:00
1139,4969900448,0.391,1.0,buy,False,2022-09-16T17:40:39.383580+00:00
1140,4934903877,0.4,128.0,sell,False,2022-09-12T17:27:53.520105+00:00
1141,4934903816,0.4,220.0,sell,False,2022-09-12T17:27:52.804374+00:00
1142,4934903689,0.4,200.0,sell,False,2022-09-12T17:27:52.256367+00:00
1143,4934903657,0.4,136.0,sell,False,2022-09-12T17:27:51.704131+00:00
1144,4934903625,0.4,32.0,sell,False,2022-09-12T17:27:51.384041+00:00
1145,4934903570,0.4,25.0,sell,False,2022-09-12T17:27:50.827490+00:00
1146,4934903404,0.4,26.0,sell,False,2022-09-12T17:27:49.657288+00:00
1147,4934903168,0.4,25.0,sell,False,2022-09-12T17:27:49.101997+00:00
1148,4934903133,0.4,35.0,sell,False,2022-09-12T17:27:48.528704+00:00
1149,4934903101,0.4,79.0,sell,False,2022-09-12T17:27:47.970786+00:00
1150,4934903067,0.4,94.0,sell,False,2022-09-12T17:27:47.477296+00:00
1151,4912100299,0.402,134.0,buy,False,2022-09-09T13:37:32.744435+00:00
1152,4912100210,0.402,135.0,buy,False,2022-09-09T13:37:32.188432+00:00
1153,4905657216,0.402,8.0,buy,False,2022-09-08T18:38:57.602154+00:00
1154,4897321153,0.395,219.0,buy,False,2022-09-07T16:40:46.141439+00:00
1155,4896455694,0.402,26.0,buy,False,2022-09-07T14:01:40.427162+00:00
1156,4896455610,0.402,32.0,buy,False,2022-09-07T14:01:39.817321+00:00
1157,4896455552,0.402,36.0,buy,False,2022-09-07T14:01:39.263286+00:00
1158,4896455503,0.402,32.0,buy,False,2022-09-07T14:01:38.663028+00:00
1159,4896455473,0.402,37.0,buy,False,2022-09-07T14:01:38.104102+00:00
1160,4896455441,0.402,32.0,buy,False,2022-09-07T14:01:37.548578+00:00
1161,4896455357,0.402,27.0,buy,False,2022-09-07T14:01:37.018158+00:00
1162,4896455220,0.402,44.0,buy,False,2022-09-07T14:01:36.282557+00:00
1163,4896455122,0.402,61.0,buy,False,2022-09-07T14:01:35.709858+00:00
1164,4896455067,0.402,29.0,buy,False,2022-09-07T14:01:35.152446+00:00
1165,4896455007,0.402,60.0,buy,False,2022-09-07T14:01:34.582317+00:00
1166,4896454932,0.402,38.0,buy,False,2022-09-07T14:01:34.045062+00:00
1167,4896454888,0.40175,42.0,buy,False,2022-09-07T14:01:33.487723+00:00
1168,4896454854,0.40175,25.0,buy,False,2022-09-07T14:01:32.953618+00:00
1169,4864920011,0.3585,2.0,sell,False,2022-09-02T07:58:33.906598+00:00
1170,4854708613,0.34025,73.0,buy,False,2022-08-31T16:47:17.331877+00:00
1171,4853818741,0.34475,2.0,buy,False,2022-08-31T14:39:56.792567+00:00
1172,4829131433,0.3515,100.0,buy,False,2022-08-27T17:07:52.913930+00:00
1173,4827778373,0.3515,1.0,buy,False,2022-08-27T12:22:16.634444+00:00
1174,4823548224,0.314,29.0,sell,False,2022-08-26T18:57:34.825632+00:00
1175,4822245446,0.30075,150.0,sell,False,2022-08-26T15:45:36.064613+00:00
1176,4822245445,0.3055,19.0,sell,False,2022-08-26T15:45:36.064613+00:00
1177,4820588792,0.36025,20.0,buy,False,2022-08-26T13:56:56.602174+00:00
1178,4820586352,0.35675,20.0,buy,False,2022-08-26T13:56:38.567558+00:00
1179,4820585221,0.35675,20.0,buy,False,2022-08-26T13:56:25.631949+00:00
1180,4820349975,0.3465,20.0,buy,False,2022-08-26T13:23:35.274907+00:00
1181,4819409935,0.30825,156.0,sell,False,2022-08-26T11:40:24.658648+00:00
1182,4817787215,0.30875,57.0,sell,False,2022-08-26T05:46:15.584524+00:00
1183,4816294825,0.30825,143.0,sell,False,2022-08-25T23:18:07.098990+00:00
1184,4816293837,0.30325,117.0,sell,False,2022-08-25T23:17:52.025115+00:00
1185,4816293836,0.3055,26.0,sell,False,2022-08-25T23:17:52.025115+00:00
1186,4814215943,0.35325,28.0,buy,False,2022-08-25T14:12:58.458587+00:00
1187,4813994910,0.31525,36.0,sell,False,2022-08-25T13:30:02.734996+00:00
1188,4812777973,0.351,10.0,buy,False,2022-08-25T08:21:16.051319+00:00
1189,4812777835,0.351,10.0,buy,False,2022-08-25T08:21:14.326082+00:00
1190,4811527671,0.34875,94.0,buy,False,2022-08-25T02:56:48.087999+00:00
1191,4810309147,0.35075,20.0,buy,False,2022-08-24T22:03:58.773316+00:00
1192,4810308640,0.35075,20.0,buy,False,2022-08-24T22:03:50.982193+00:00
1193,4810241532,0.35075,20.0,buy,False,2022-08-24T21:51:43.979639+00:00
1194,4810233219,0.35075,20.0,buy,False,2022-08-24T21:49:49.802826+00:00
1195,4810232707,0.35075,20.0,buy,False,2022-08-24T21:49:45.248096+00:00
1196,4810222122,0.35075,20.0,buy,False,2022-08-24T21:45:31.623377+00:00
1197,4807879884,0.31925,142.0,sell,False,2022-08-24T13:06:08.734736+00:00
1198,4807877342,0.34975,156.0,buy,False,2022-08-24T13:05:27.265385+00:00
1199,4807872659,0.34975,156.0,buy,False,2022-08-24T13:04:25.173786+00:00
1200,4807864698,0.34975,156.0,buy,False,2022-08-24T13:02:22.449983+00:00
1201,4799552200,0.3455,50.0,buy,False,2022-08-23T06:49:33.261578+00:00
1202,4796064828,0.3485,35.0,buy,False,2022-08-22T19:44:08.079908+00:00
1203,4795806755,0.33975,88.0,buy,False,2022-08-22T18:51:16.098088+00:00
1204,4795806754,0.33975,620.0,buy,False,2022-08-22T18:51:16.098088+00:00
1205,4795570988,0.33975,1.0,buy,False,2022-08-22T18:10:31.949865+00:00
1206,4795570456,0.31125,88.0,sell,False,2022-08-22T18:10:26.870292+00:00
1207,4795527418,0.34325,337.0,buy,False,2022-08-22T18:01:12.487688+00:00
1208,4795467243,0.34025,30.0,sell,False,2022-08-22T17:50:24.482082+00:00
1209,4795467124,0.34025,60.0,sell,False,2022-08-22T17:50:23.823470+00:00
1210,4795460169,0.34325,781.0,buy,False,2022-08-22T17:48:38.583996+00:00
1211,4795460155,0.34325,244.0,buy,False,2022-08-22T17:48:38.228311+00:00
1212,4795460126,0.34325,781.0,buy,False,2022-08-22T17:48:37.583348+00:00
1213,4795460107,0.34325,781.0,buy,False,2022-08-22T17:48:37.444721+00:00
1214,4795443263,0.341,625.0,sell,False,2022-08-22T17:45:06.151617+00:00
1215,4795443260,0.341,691.0,sell,False,2022-08-22T17:45:06.064545+00:00
1216,4795325390,0.34225,781.0,sell,False,2022-08-22T17:20:31.933414+00:00
1217,4795325341,0.34225,781.0,sell,False,2022-08-22T17:20:31.383485+00:00
1218,4795325307,0.34225,240.0,sell,False,2022-08-22T17:20:30.974755+00:00
1219,4795323990,0.34275,221.0,buy,False,2022-08-22T17:20:12.681057+00:00
1220,4795323932,0.34275,781.0,buy,False,2022-08-22T17:20:12.047102+00:00
1221,4795323921,0.34275,781.0,buy,False,2022-08-22T17:20:11.846591+00:00
1222,4795213033,0.343,781.0,sell,False,2022-08-22T16:59:08.277525+00:00
1223,4795212991,0.343,619.0,sell,False,2022-08-22T16:59:07.720282+00:00
1224,4795212971,0.343,124.0,sell,False,2022-08-22T16:59:07.579880+00:00
1225,4795212964,0.343,29.0,sell,False,2022-08-22T16:59:07.437240+00:00
1226,4795212920,0.343,185.0,sell,False,2022-08-22T16:59:06.676035+00:00
1227,4795212905,0.343,45.0,sell,False,2022-08-22T16:59:06.587243+00:00
1228,4794665866,0.34125,537.0,buy,False,2022-08-22T15:38:40.955085+00:00
1229,4794621667,0.3375,1.0,buy,False,2022-08-22T15:30:53.350055+00:00
1230,4794335048,0.3375,15.0,buy,False,2022-08-22T14:45:46.764412+00:00
1231,4793826253,0.337,29.0,sell,False,2022-08-22T13:42:12.175394+00:00
1232,4793826207,0.337,31.0,sell,False,2022-08-22T13:42:11.687497+00:00
1233,4793825502,0.34225,781.0,buy,False,2022-08-22T13:42:07.348683+00:00
1234,4793825485,0.34225,781.0,buy,False,2022-08-22T13:42:06.818081+00:00
1235,4793825431,0.34225,781.0,buy,False,2022-08-22T13:42:06.198728+00:00
1236,4793825372,0.34225,203.0,buy,False,2022-08-22T13:42:05.643699+00:00
1237,4793825370,0.34225,34.0,buy,False,2022-08-22T13:42:05.590234+00:00
1238,4793432272,0.32775,1.0,buy,False,2022-08-22T12:39:15.922392+00:00
1239,4792095753,0.32875,1.0,buy,False,2022-08-22T08:39:16.761596+00:00
1240,4791971658,0.32875,1.0,buy,False,2022-08-22T08:24:48.593387+00:00
1241,4791330213,0.33025,1.0,buy,False,2022-08-22T07:14:24.524941+00:00
1242,4790188363,0.331,1.0,buy,False,2022-08-22T03:14:24.409913+00:00
1243,4789165607,0.3285,1.0,buy,False,2022-08-21T23:14:25.351891+00:00
1244,4788904884,0.3285,1.0,buy,False,2022-08-21T22:28:52.786055+00:00
1245,4787745331,0.3305,1.0,buy,False,2022-08-21T18:28:46.577347+00:00
1246,4786898547,0.3305,1.0,buy,False,2022-08-21T15:00:59.406033+00:00
1247,4786785698,0.3305,1.0,buy,False,2022-08-21T14:28:49.764680+00:00
1248,4785924055,0.332,1.0,buy,False,2022-08-21T11:00:59.040461+00:00
1249,4784673009,0.3285,1.0,buy,False,2022-08-21T07:00:57.749722+00:00
1250,4784478242,0.3285,1.0,buy,False,2022-08-21T06:18:58.880939+00:00
1251,4783618725,0.3085,54.0,buy,False,2022-08-21T02:03:53.073201+00:00
1252,4783206425,0.335,1.0,buy,False,2022-08-21T00:18:57.667835+00:00
1253,4782735582,0.335,1.0,buy,False,2022-08-20T22:30:21.949897+00:00
1254,4780363376,0.335,1.0,buy,False,2022-08-20T16:30:15.046327+00:00
1255,4779966537,0.335,1.0,buy,False,2022-08-20T14:52:44.441676+00:00
1256,4779136900,0.33425,65.0,buy,False,2022-08-20T11:20:31.888444+00:00
1257,4779119825,0.33425,328.0,buy,False,2022-08-20T11:15:41.304460+00:00
1258,4778558971,0.3345,1.0,buy,False,2022-08-20T08:52:44.270192+00:00
1259,4777259328,0.3345,54.0,buy,False,2022-08-20T04:17:16.434289+00:00
1260,4777216302,0.2975,613.0,sell,False,2022-08-20T04:07:49.761814+00:00
1261,4777216250,0.2975,616.0,sell,False,2022-08-20T04:07:48.261615+00:00
1262,4777216197,0.2975,1.0,sell,False,2022-08-20T04:07:46.769499+00:00
1263,4777216196,0.2975,1.0,sell,False,2022-08-20T04:07:46.636764+00:00
1264,4777216191,0.2975,1.0,sell,False,2022-08-20T04:07:46.502869+00:00
1265,4777216187,0.2975,1.0,sell,False,2022-08-20T04:07:46.364583+00:00
1266,4777216182,0.2975,1.0,sell,False,2022-08-20T04:07:46.186530+00:00
1267,4777216176,0.2975,1.0,sell,False,2022-08-20T04:07:46.033370+00:00
1268,4777216163,0.2975,1.0,sell,False,2022-08-20T04:07:45.905045+00:00
1269,4777216151,0.2975,1.0,sell,False,2022-08-20T04:07:45.732061+00:00
1270,4777216144,0.2975,1.0,sell,False,2022-08-20T04:07:45.627189+00:00
1271,4777216134,0.2975,1.0,sell,False,2022-08-20T04:07:45.431708+00:00
1272,4777216125,0.2975,1.0,sell,False,2022-08-20T04:07:45.290137+00:00
1273,4777216120,0.2975,1.0,sell,False,2022-08-20T04:07:45.139040+00:00
1274,4777216115,0.2975,1.0,sell,False,2022-08-20T04:07:45.012921+00:00
1275,4777216095,0.2975,1.0,sell,False,2022-08-20T04:07:44.796939+00:00
1276,4777216087,0.2975,1.0,sell,False,2022-08-20T04:07:44.625997+00:00
1277,4777216076,0.2975,1.0,sell,False,2022-08-20T04:07:44.498370+00:00
1278,4777216068,0.2975,1.0,sell,False,2022-08-20T04:07:44.315048+00:00
1279,4777216058,0.2975,1.0,sell,False,2022-08-20T04:07:44.168601+00:00
1280,4777216053,0.2975,1.0,sell,False,2022-08-20T04:07:43.983039+00:00
1281,4777216045,0.2975,1.0,sell,False,2022-08-20T04:07:43.784204+00:00
1282,4777216029,0.29025,1.0,sell,False,2022-08-20T04:07:42.934241+00:00
1283,4777216027,0.29025,1.0,sell,False,2022-08-20T04:07:42.856367+00:00
1284,4777216013,0.29025,1.0,sell,False,2022-08-20T04:07:42.626696+00:00
1285,4777216008,0.29025,1.0,sell,False,2022-08-20T04:07:42.500694+00:00
1286,4777216000,0.29025,1.0,sell,False,2022-08-20T04:07:42.350448+00:00
1287,4777215993,0.29025,1.0,sell,False,2022-08-20T04:07:42.222510+00:00
1288,4777215986,0.29025,1.0,sell,False,2022-08-20T04:07:42.092294+00:00
1289,4777215984,0.29025,1.0,sell,False,2022-08-20T04:07:41.891864+00:00
1290,4777215978,0.29025,1.0,sell,False,2022-08-20T04:07:41.765912+00:00
1291,4777215971,0.29025,1.0,sell,False,2022-08-20T04:07:41.617036+00:00
1292,4777215961,0.29025,1.0,sell,False,2022-08-20T04:07:41.442220+00:00
1293,4777215958,0.29025,1.0,sell,False,2022-08-20T04:07:41.347070+00:00
1294,4777215952,0.29025,1.0,sell,False,2022-08-20T04:07:41.145731+00:00
1295,4777215942,0.29025,1.0,sell,False,2022-08-20T04:07:40.971274+00:00
1296,4777215937,0.29025,1.0,sell,False,2022-08-20T04:07:40.820905+00:00
1297,4777215929,0.29025,1.0,sell,False,2022-08-20T04:07:40.641145+00:00
1298,4777215925,0.29025,1.0,sell,False,2022-08-20T04:07:40.465933+00:00
1299,4777215916,0.29025,1.0,sell,False,2022-08-20T04:07:40.285094+00:00
1300,4777215900,0.29025,1.0,sell,False,2022-08-20T04:07:40.111900+00:00
1301,4777215898,0.29025,1.0,sell,False,2022-08-20T04:07:40.014415+00:00
1302,4777215897,0.29025,1.0,sell,False,2022-08-20T04:07:40.013889+00:00
1303,4777215866,0.29025,1.0,sell,False,2022-08-20T04:07:39.520698+00:00
1304,4777215860,0.29025,1.0,sell,False,2022-08-20T04:07:39.367735+00:00
1305,4777202345,0.2915,1054.0,sell,False,2022-08-20T04:05:31.287427+00:00
1306,4777202344,0.3255,1469.0,sell,False,2022-08-20T04:05:31.287427+00:00
1307,4777141247,0.38375,1.0,buy,False,2022-08-20T03:52:24.166212+00:00
1308,4777140367,0.35725,1520.0,buy,False,2022-08-20T03:52:20.805340+00:00
1309,4777133539,0.357,641.0,buy,False,2022-08-20T03:50:54.820745+00:00
1310,4777127538,0.29025,1629.0,sell,False,2022-08-20T03:49:19.973434+00:00
1311,4777125864,0.29025,14788.0,sell,False,2022-08-20T03:48:56.123825+00:00
1312,4777123281,0.324,5598.0,sell,True,2022-08-20T03:48:26.243164+00:00
1313,4777122478,0.324,1368.0,buy,False,2022-08-20T03:48:21.894014+00:00
1314,4777119620,0.4425,1.0,buy,False,2022-08-20T03:47:36.974606+00:00
1315,4777118349,0.403,1063.0,sell,True,2022-08-20T03:47:24.238549+00:00
1316,4777117664,0.41925,1092.0,sell,True,2022-08-20T03:47:18.071809+00:00
1317,4777099281,0.46075,1.0,sell,False,2022-08-20T03:42:56.439926+00:00
1318,4777099184,0.461,1.0,sell,False,2022-08-20T03:42:54.913448+00:00
1319,4777099158,0.46125,1.0,sell,False,2022-08-20T03:42:53.836404+00:00
1320,4777099114,0.4615,1.0,sell,False,2022-08-20T03:42:52.683201+00:00
1321,4777098988,0.46175,1.0,sell,False,2022-08-20T03:42:51.454868+00:00
1322,4777098791,0.462,1.0,sell,False,2022-08-20T03:42:49.579266+00:00
1323,4777098004,0.46175,1.0,sell,False,2022-08-20T03:42:29.465231+00:00
1324,4777098003,0.462,1.0,sell,False,2022-08-20T03:42:29.465231+00:00
1325,4777097830,0.46175,1.0,sell,False,2022-08-20T03:42:25.610507+00:00
1326,4777097829,0.462,1.0,sell,False,2022-08-20T03:42:25.610507+00:00
1327,4777097662,0.462,1.0,sell,False,2022-08-20T03:42:19.857601+00:00
1328,4777096708,0.469,1.0,sell,False,2022-08-20T03:42:00.149926+00:00
1329,4777096668,0.46925,1.0,sell,False,2022-08-20T03:41:58.819354+00:00
1330,4777096469,0.4695,1.0,sell,False,2022-08-20T03:41:55.369951+00:00
1331,4777092773,0.5405,1.0,buy,False,2022-08-20T03:40:36.011497+00:00
1332,4777092749,0.5405,1.0,buy,False,2022-08-20T03:40:34.955206+00:00
1333,4777092589,0.47825,502.0,sell,False,2022-08-20T03:40:31.249356+00:00
1334,4777092446,0.47825,781.0,sell,False,2022-08-20T03:40:26.447991+00:00
1335,4777091843,0.4785,94.0,sell,False,2022-08-20T03:40:21.202833+00:00
1336,4777091787,0.46475,1189.0,buy,False,2022-08-20T03:40:21.128630+00:00
1337,4777090034,0.4785,745.0,sell,False,2022-08-20T03:40:15.865195+00:00
1338,4777089728,0.4785,200.0,sell,False,2022-08-20T03:40:15.312447+00:00
1339,4777089727,0.47875,581.0,sell,False,2022-08-20T03:40:15.312447+00:00
1340,4777089436,0.47875,269.0,sell,False,2022-08-20T03:40:14.661656+00:00
1341,4777089337,0.47875,60.0,sell,False,2022-08-20T03:40:14.104625+00:00
1342,4777089322,0.47875,49.0,sell,False,2022-08-20T03:40:13.582732+00:00
1343,4777089308,0.47875,30.0,sell,False,2022-08-20T03:40:13.004586+00:00
1344,4777089239,0.47875,31.0,sell,False,2022-08-20T03:40:11.196487+00:00
1345,4777089219,0.47875,32.0,sell,False,2022-08-20T03:40:10.620466+00:00
1346,4777089200,0.47875,34.0,sell,False,2022-08-20T03:40:10.069384+00:00
1347,4777089193,0.47875,35.0,sell,False,2022-08-20T03:40:09.493937+00:00
1348,4777089172,0.47875,37.0,sell,False,2022-08-20T03:40:08.941871+00:00
1349,4777089162,0.47875,40.0,sell,False,2022-08-20T03:40:08.389027+00:00
1350,4777089129,0.47875,41.0,sell,False,2022-08-20T03:40:07.785431+00:00
1351,4777089104,0.47875,44.0,sell,False,2022-08-20T03:40:07.171826+00:00
1352,4777088733,0.4785,30.0,sell,False,2022-08-20T03:40:00.193855+00:00
1353,4777088603,0.4785,30.0,sell,False,2022-08-20T03:39:59.511753+00:00
1354,4777088478,0.4785,30.0,sell,False,2022-08-20T03:39:58.967587+00:00
1355,4777088453,0.4785,30.0,sell,False,2022-08-20T03:39:58.395319+00:00
1356,4777088369,0.4785,30.0,sell,False,2022-08-20T03:39:56.044650+00:00
1357,4777088357,0.4785,31.0,sell,False,2022-08-20T03:39:55.497211+00:00
1358,4777088346,0.4785,31.0,sell,False,2022-08-20T03:39:54.941527+00:00
1359,4777088333,0.4785,31.0,sell,False,2022-08-20T03:39:54.396000+00:00
1360,4777088315,0.4785,31.0,sell,False,2022-08-20T03:39:53.840528+00:00
1361,4777088297,0.4785,32.0,sell,False,2022-08-20T03:39:53.182487+00:00
1362,4777088255,0.4785,32.0,sell,False,2022-08-20T03:39:52.624162+00:00
1363,4777087455,0.47825,30.0,sell,False,2022-08-20T03:39:30.668956+00:00
1364,4777087432,0.47825,30.0,sell,False,2022-08-20T03:39:29.684372+00:00
1365,4777087405,0.47825,31.0,sell,False,2022-08-20T03:39:29.131441+00:00
1366,4777087390,0.47825,32.0,sell,False,2022-08-20T03:39:28.431957+00:00
1367,4777087308,0.47825,31.0,sell,False,2022-08-20T03:39:26.580859+00:00
1368,4777085987,0.47725,30.0,sell,False,2022-08-20T03:39:03.697507+00:00
1369,4777085926,0.47725,32.0,sell,False,2022-08-20T03:39:03.074801+00:00
1370,4777085895,0.47725,34.0,sell,False,2022-08-20T03:39:02.516380+00:00
1371,4777085875,0.47725,39.0,sell,False,2022-08-20T03:39:01.966494+00:00
1372,4777085848,0.47725,41.0,sell,False,2022-08-20T03:39:01.415924+00:00
1373,4777085831,0.47725,42.0,sell,False,2022-08-20T03:39:00.866156+00:00
1374,4777085808,0.47725,45.0,sell,False,2022-08-20T03:39:00.215918+00:00
1375,4777085795,0.47725,45.0,sell,False,2022-08-20T03:38:59.666291+00:00
1376,4777085784,0.47725,45.0,sell,False,2022-08-20T03:38:59.110979+00:00
1377,4777085766,0.47725,33.0,sell,False,2022-08-20T03:38:58.578725+00:00
1378,4777085752,0.47725,37.0,sell,False,2022-08-20T03:38:58.023258+00:00
1379,4777085721,0.47725,40.0,sell,False,2022-08-20T03:38:57.380006+00:00
1380,4777085700,0.47725,42.0,sell,False,2022-08-20T03:38:56.726874+00:00
1381,4777085654,0.47725,45.0,sell,False,2022-08-20T03:38:56.196896+00:00
1382,4777085624,0.47725,46.0,sell,False,2022-08-20T03:38:55.646114+00:00
1383,4777085590,0.47725,46.0,sell,False,2022-08-20T03:38:55.091278+00:00
1384,4777085531,0.47725,46.0,sell,False,2022-08-20T03:38:54.528265+00:00
1385,4777085335,0.47725,47.0,sell,False,2022-08-20T03:38:53.979740+00:00
1386,4777085325,0.47725,47.0,sell,False,2022-08-20T03:38:53.416588+00:00
1387,4777085295,0.47725,47.0,sell,False,2022-08-20T03:38:52.871086+00:00
1388,4777085272,0.47725,48.0,sell,False,2022-08-20T03:38:52.314891+00:00
1389,4777085256,0.47725,48.0,sell,False,2022-08-20T03:38:51.768964+00:00
