,id,price,size,side,liquidation,time
0,5400943269,36.86,0.01,buy,False,2022-11-10T08:56:00.269498+00:00
1,5400926472,36.86,0.01,buy,False,2022-11-10T08:53:59.989149+00:00
2,5400920009,36.45,92.91,sell,False,2022-11-10T08:53:08.959339+00:00
3,5400920008,36.66,0.03,sell,False,2022-11-10T08:53:08.959339+00:00
4,5400920007,36.86,0.03,sell,False,2022-11-10T08:53:08.959339+00:00
5,5400920006,37.07,0.03,sell,False,2022-11-10T08:53:08.959339+00:00
6,5400920005,37.28,0.03,sell,False,2022-11-10T08:53:08.959339+00:00
7,5400910650,37.5,0.01,buy,False,2022-11-10T08:51:59.971510+00:00
8,5400890372,37.5,0.01,buy,False,2022-11-10T08:50:00.433789+00:00
9,5400870472,37.5,0.01,buy,False,2022-11-10T08:48:00.276710+00:00
10,5400851330,37.5,0.01,buy,False,2022-11-10T08:46:00.655160+00:00
11,5400830365,37.5,0.01,buy,False,2022-11-10T08:44:00.175721+00:00
12,5400808534,37.5,0.01,buy,False,2022-11-10T08:41:59.978641+00:00
13,5400792086,37.5,0.01,buy,False,2022-11-10T08:39:59.886520+00:00
14,5400779935,37.5,0.01,buy,False,2022-11-10T08:37:59.960723+00:00
15,5400762188,37.5,0.01,buy,False,2022-11-10T08:35:59.669008+00:00
16,5400750010,37.5,0.01,buy,False,2022-11-10T08:33:59.688033+00:00
17,5400735381,37.5,0.01,buy,False,2022-11-10T08:31:59.747462+00:00
18,5400720455,37.5,0.01,buy,False,2022-11-10T08:30:00.352340+00:00
19,5400706654,37.5,0.01,buy,False,2022-11-10T08:27:59.923381+00:00
20,5400691575,37.5,0.01,buy,False,2022-11-10T08:26:00.172364+00:00
21,5400675319,37.49,0.01,buy,False,2022-11-10T08:24:00.460872+00:00
22,5400661001,37.49,0.01,buy,False,2022-11-10T08:22:00.496358+00:00
23,5400642726,37.49,0.01,buy,False,2022-11-10T08:20:00.935075+00:00
24,5400626635,37.28,0.01,buy,False,2022-11-10T08:17:59.907467+00:00
25,5400610195,37.28,0.01,buy,False,2022-11-10T08:16:00.903576+00:00
26,5400596023,37.28,0.01,buy,False,2022-11-10T08:14:00.358457+00:00
27,5400579460,37.07,0.01,buy,False,2022-11-10T08:11:59.888707+00:00
28,5400562833,36.86,0.01,buy,False,2022-11-10T08:10:00.313028+00:00
29,5400545620,36.86,0.01,buy,False,2022-11-10T08:08:00.108937+00:00
30,5400528032,36.86,0.01,buy,False,2022-11-10T08:06:00.716017+00:00
31,5400511412,36.66,0.01,buy,False,2022-11-10T08:03:59.751746+00:00
32,5400495138,36.66,0.01,buy,False,2022-11-10T08:02:00.645819+00:00
33,5400477915,36.66,0.01,buy,False,2022-11-10T08:00:00.421983+00:00
34,5400464198,36.45,1.4,sell,False,2022-11-10T07:58:25.468753+00:00
35,5400464197,36.45,0.03,sell,False,2022-11-10T07:58:25.468753+00:00
36,5400464196,36.46,2.18,sell,False,2022-11-10T07:58:25.468753+00:00
37,5400464195,36.66,0.03,sell,False,2022-11-10T07:58:25.468753+00:00
38,5400460726,37.07,0.01,buy,False,2022-11-10T07:58:00.612868+00:00
39,5400441154,37.07,0.01,buy,False,2022-11-10T07:56:00.465312+00:00
40,5400426544,36.86,0.01,buy,False,2022-11-10T07:53:59.820224+00:00
41,5400405564,36.86,0.01,buy,False,2022-11-10T07:52:00.949062+00:00
42,5400388573,36.86,0.01,buy,False,2022-11-10T07:50:00.574213+00:00
43,5400372563,36.66,0.01,buy,False,2022-11-10T07:48:00.791391+00:00
44,5400359252,36.66,0.01,buy,False,2022-11-10T07:46:00.524501+00:00
45,5400345611,36.66,0.01,buy,False,2022-11-10T07:44:00.761206+00:00
46,5400343677,36.45,0.03,buy,False,2022-11-10T07:43:39.933199+00:00
47,5400339285,36.1,0.45,sell,False,2022-11-10T07:43:01.582759+00:00
48,5400339284,36.24,0.03,sell,False,2022-11-10T07:43:01.582759+00:00
49,5400339283,36.45,0.03,sell,False,2022-11-10T07:43:01.582759+00:00
50,5400339282,36.66,0.03,sell,False,2022-11-10T07:43:01.582759+00:00
51,5400339281,36.75,0.3,sell,False,2022-11-10T07:43:01.582759+00:00
52,5400339280,36.86,0.03,sell,False,2022-11-10T07:43:01.582759+00:00
53,5400339279,37.07,0.03,sell,False,2022-11-10T07:43:01.582759+00:00
54,5400339278,37.28,0.03,sell,False,2022-11-10T07:43:01.582759+00:00
55,5400339277,37.49,0.03,sell,False,2022-11-10T07:43:01.582759+00:00
56,5400339276,37.69,0.02,sell,False,2022-11-10T07:43:01.582759+00:00
57,5400339275,37.69,0.03,sell,False,2022-11-10T07:43:01.582759+00:00
58,5400330218,38.0,0.01,buy,False,2022-11-10T07:42:00.786131+00:00
59,5400313792,38.0,0.01,buy,False,2022-11-10T07:39:59.983002+00:00
60,5400298113,38.0,0.01,buy,False,2022-11-10T07:38:00.768365+00:00
61,5400284355,38.0,0.01,buy,False,2022-11-10T07:36:00.073119+00:00
62,5400270332,38.0,0.01,buy,False,2022-11-10T07:34:00.131991+00:00
63,5400257192,38.0,0.01,buy,False,2022-11-10T07:32:00.063617+00:00
64,5400241450,38.0,0.01,buy,False,2022-11-10T07:29:59.878484+00:00
65,5400230054,38.0,0.01,buy,False,2022-11-10T07:27:59.772430+00:00
66,5400208575,38.0,0.01,buy,False,2022-11-10T07:26:00.263810+00:00
67,5400193486,38.0,0.01,buy,False,2022-11-10T07:24:00.545984+00:00
68,5400176453,38.0,0.01,buy,False,2022-11-10T07:21:59.982224+00:00
69,5400158110,38.0,0.01,buy,False,2022-11-10T07:20:00.531878+00:00
70,5400138195,38.0,0.01,buy,False,2022-11-10T07:18:00.236152+00:00
71,5400129808,38.0,3.0,buy,False,2022-11-10T07:17:08.744367+00:00
72,5400129176,38.0,1.57,buy,False,2022-11-10T07:17:02.968129+00:00
73,5400129175,37.9,0.03,buy,False,2022-11-10T07:17:02.968129+00:00
74,5400129174,37.82,1.0,buy,False,2022-11-10T07:17:02.968129+00:00
75,5400129173,37.69,0.03,buy,False,2022-11-10T07:17:02.968129+00:00
76,5400129172,37.5,0.3,buy,False,2022-11-10T07:17:02.968129+00:00
77,5400129171,37.49,0.03,buy,False,2022-11-10T07:17:02.968129+00:00
78,5400129170,37.28,0.03,buy,False,2022-11-10T07:17:02.968129+00:00
79,5400129169,37.07,0.01,buy,False,2022-11-10T07:17:02.968129+00:00
80,5400117619,37.07,0.01,buy,False,2022-11-10T07:15:59.599366+00:00
81,5400097656,37.07,0.01,buy,False,2022-11-10T07:13:59.691026+00:00
82,5400078761,36.86,0.01,buy,False,2022-11-10T07:12:00.373766+00:00
83,5400064868,36.86,0.02,buy,False,2022-11-10T07:10:36.774664+00:00
84,5400064867,36.75,0.3,buy,False,2022-11-10T07:10:36.774664+00:00
85,5400064866,36.74,2.16,buy,False,2022-11-10T07:10:36.774664+00:00
86,5400064865,36.66,0.03,buy,False,2022-11-10T07:10:36.774664+00:00
87,5400064864,36.45,0.03,buy,False,2022-11-10T07:10:36.774664+00:00
88,5400064863,36.24,0.03,buy,False,2022-11-10T07:10:36.774664+00:00
89,5400064862,36.04,0.03,buy,False,2022-11-10T07:10:36.774664+00:00
90,5400064861,35.83,0.03,buy,False,2022-11-10T07:10:36.774664+00:00
91,5400064860,35.62,0.03,buy,False,2022-11-10T07:10:36.774664+00:00
92,5400064859,35.41,0.03,buy,False,2022-11-10T07:10:36.774664+00:00
93,5400064858,35.29,0.31,buy,False,2022-11-10T07:10:36.774664+00:00
94,5400059226,35.29,0.01,buy,False,2022-11-10T07:10:00.265180+00:00
95,5400042244,35.29,0.01,buy,False,2022-11-10T07:08:00.500703+00:00
96,5400025467,35.21,0.01,buy,False,2022-11-10T07:06:00.379778+00:00
97,5400006223,35.21,0.01,buy,False,2022-11-10T07:04:00.371882+00:00
98,5400004294,35.21,0.01,buy,False,2022-11-10T07:03:45.445962+00:00
99,5399727650,33.0,0.64,buy,False,2022-11-10T06:35:13.924001+00:00
100,5399722116,28.5,0.76,sell,False,2022-11-10T06:34:26.930344+00:00
101,5399722115,28.51,0.01,sell,False,2022-11-10T06:34:26.930344+00:00
102,5399722114,28.51,2.16,sell,False,2022-11-10T06:34:26.930344+00:00
103,5399506090,33.0,3.0,buy,False,2022-11-10T06:07:10.081509+00:00
104,5399498630,33.0,1.0,buy,False,2022-11-10T06:06:00.252672+00:00
105,5399459376,33.0,75.75,buy,False,2022-11-10T05:59:41.095324+00:00
106,5399458282,33.0,18.18,buy,False,2022-11-10T05:59:25.449711+00:00
107,5399449890,28.0,1.5,sell,False,2022-11-10T05:57:55.094738+00:00
108,5399448392,33.0,12.12,buy,False,2022-11-10T05:57:41.852421+00:00
109,5399430720,33.0,30.3,buy,False,2022-11-10T05:54:33.536615+00:00
110,5399427135,33.0,0.03,buy,False,2022-11-10T05:53:58.406833+00:00
111,5399427099,33.0,0.03,buy,False,2022-11-10T05:53:58.014655+00:00
112,5399427032,33.0,0.03,buy,False,2022-11-10T05:53:57.636429+00:00
113,5399426941,33.0,0.03,buy,False,2022-11-10T05:53:57.247113+00:00
114,5399426889,33.0,0.03,buy,False,2022-11-10T05:53:56.859566+00:00
115,5399426839,33.0,0.03,buy,False,2022-11-10T05:53:56.506454+00:00
116,5399426812,33.0,0.03,buy,False,2022-11-10T05:53:56.039395+00:00
117,5399403917,33.0,142.42,buy,False,2022-11-10T05:50:45.471882+00:00
118,5399386735,33.0,1.0,buy,False,2022-11-10T05:50:07.951916+00:00
119,5399376999,27.0,1.34,sell,False,2022-11-10T05:48:09.076120+00:00
120,5399376998,31.25,0.01,sell,False,2022-11-10T05:48:09.076120+00:00
121,5399376997,31.25,0.08,sell,False,2022-11-10T05:48:09.076120+00:00
122,5399348077,33.0,127.5,buy,False,2022-11-10T05:41:50.018622+00:00
123,5399342118,33.0,0.07,buy,False,2022-11-10T05:40:33.189487+00:00
124,5399337963,33.0,0.05,buy,False,2022-11-10T05:39:31.423075+00:00
125,5399333023,33.0,0.04,buy,False,2022-11-10T05:38:31.389117+00:00
126,5399329566,33.0,1.43,buy,False,2022-11-10T05:37:44.937373+00:00
127,5399328752,33.0,1.0,buy,False,2022-11-10T05:37:36.859333+00:00
128,5399328479,36.0,0.3,sell,False,2022-11-10T05:37:31.132050+00:00
129,5399328478,37.82,1.0,sell,False,2022-11-10T05:37:31.132050+00:00
130,5399328477,39.38,0.04,sell,False,2022-11-10T05:37:31.132050+00:00
131,5399328476,39.55,0.01,sell,False,2022-11-10T05:37:31.132050+00:00
132,5399327213,43.0,0.01,buy,False,2022-11-10T05:37:15.398103+00:00
133,5399315011,39.55,0.26,sell,False,2022-11-10T05:35:10.671051+00:00
134,5399315010,40.44,0.03,sell,False,2022-11-10T05:35:10.671051+00:00
135,5399310136,39.55,0.73,sell,False,2022-11-10T05:34:10.321345+00:00
136,5399310135,41.27,0.02,sell,False,2022-11-10T05:34:10.321345+00:00
137,5399310134,41.27,0.13,sell,False,2022-11-10T05:34:10.321345+00:00
138,5399306178,50.0,6.97,buy,False,2022-11-10T05:33:30.071280+00:00
139,5399306177,50.0,0.02,buy,False,2022-11-10T05:33:30.071280+00:00
140,5399306176,49.91,1.0,buy,False,2022-11-10T05:33:30.071280+00:00
141,5399306175,48.18,0.01,buy,False,2022-11-10T05:33:30.071280+00:00
142,5399306174,48.18,1.0,buy,False,2022-11-10T05:33:30.071280+00:00
143,5399306173,46.45,1.0,buy,False,2022-11-10T05:33:30.071280+00:00
144,5399305958,41.27,0.87,sell,False,2022-11-10T05:33:28.298356+00:00
145,5399305957,43.0,0.36,sell,False,2022-11-10T05:33:28.298356+00:00
146,5399304708,43.0,0.64,sell,False,2022-11-10T05:33:18.219137+00:00
147,5399304707,44.73,1.0,sell,False,2022-11-10T05:33:18.219137+00:00
148,5399302801,46.45,1.0,buy,False,2022-11-10T05:32:57.837557+00:00
149,5399302800,45.0,0.02,buy,False,2022-11-10T05:32:57.837557+00:00
150,5399302799,44.73,1.0,buy,False,2022-11-10T05:32:57.837557+00:00
151,5399302798,43.5,0.3,buy,False,2022-11-10T05:32:57.837557+00:00
152,5399302797,43.0,0.03,buy,False,2022-11-10T05:32:57.837557+00:00
153,5399302796,41.27,1.0,buy,False,2022-11-10T05:32:57.837557+00:00
154,5399302795,40.2,0.09,buy,False,2022-11-10T05:32:57.837557+00:00
155,5399300500,39.55,0.97,buy,False,2022-11-10T05:32:35.205884+00:00
156,5399298487,37.82,0.96,buy,False,2022-11-10T05:32:14.283636+00:00
157,5399291139,37.82,0.04,buy,False,2022-11-10T05:31:02.932052+00:00
158,5399288051,36.1,1.0,sell,False,2022-11-10T05:30:28.443224+00:00
159,5399288050,36.45,0.03,sell,False,2022-11-10T05:30:28.443224+00:00
160,5399288049,36.66,0.03,sell,False,2022-11-10T05:30:28.443224+00:00
161,5399288048,36.86,0.03,sell,False,2022-11-10T05:30:28.443224+00:00
162,5399288047,37.07,0.03,sell,False,2022-11-10T05:30:28.443224+00:00
163,5399288046,37.28,0.03,sell,False,2022-11-10T05:30:28.443224+00:00
164,5399288045,37.49,0.03,sell,False,2022-11-10T05:30:28.443224+00:00
165,5399288044,37.69,0.03,sell,False,2022-11-10T05:30:28.443224+00:00
166,5399288043,37.9,0.03,sell,False,2022-11-10T05:30:28.443224+00:00
167,5399288042,38.11,0.03,sell,False,2022-11-10T05:30:28.443224+00:00
168,5399288041,38.31,0.03,sell,False,2022-11-10T05:30:28.443224+00:00
169,5399284956,39.55,0.03,buy,False,2022-11-10T05:30:01.613397+00:00
170,5399277465,36.0,0.3,sell,False,2022-11-10T05:29:00.313149+00:00
171,5399277464,37.82,0.97,sell,False,2022-11-10T05:29:00.313149+00:00
172,5399277463,38.52,0.03,sell,False,2022-11-10T05:29:00.313149+00:00
173,5399277462,38.73,0.03,sell,False,2022-11-10T05:29:00.313149+00:00
174,5399277461,38.93,0.03,sell,False,2022-11-10T05:29:00.313149+00:00
175,5399277460,39.14,0.03,sell,False,2022-11-10T05:29:00.313149+00:00
176,5399277459,39.35,0.03,sell,False,2022-11-10T05:29:00.313149+00:00
177,5399277458,39.55,1.0,sell,False,2022-11-10T05:29:00.313149+00:00
178,5399277457,39.56,0.03,sell,False,2022-11-10T05:29:00.313149+00:00
179,5399277456,39.76,0.03,sell,False,2022-11-10T05:29:00.313149+00:00
180,5399277455,41.21,0.03,sell,False,2022-11-10T05:29:00.313149+00:00
181,5399277454,41.42,0.03,sell,False,2022-11-10T05:29:00.313149+00:00
182,5399277453,41.63,0.03,sell,False,2022-11-10T05:29:00.313149+00:00
183,5399277452,42.0,0.02,sell,False,2022-11-10T05:29:00.313149+00:00
184,5399277451,42.0,0.18,sell,False,2022-11-10T05:29:00.313149+00:00
185,5399270104,42.0,0.03,sell,False,2022-11-10T05:28:16.193864+00:00
186,5399269995,42.0,0.03,sell,False,2022-11-10T05:28:15.759181+00:00
187,5399269936,42.0,0.03,sell,False,2022-11-10T05:28:15.411781+00:00
188,5399269812,42.0,0.03,sell,False,2022-11-10T05:28:14.733292+00:00
189,5399266274,43.0,0.97,buy,False,2022-11-10T05:27:56.843279+00:00
190,5399266273,42.75,0.3,buy,False,2022-11-10T05:27:56.843279+00:00
191,5399266272,42.0,0.3,buy,False,2022-11-10T05:27:56.843279+00:00
192,5399266271,41.27,0.13,buy,False,2022-11-10T05:27:56.843279+00:00
193,5399266270,39.76,0.03,buy,False,2022-11-10T05:27:56.843279+00:00
194,5399266269,39.56,0.03,buy,False,2022-11-10T05:27:56.843279+00:00
195,5399266268,39.35,0.03,buy,False,2022-11-10T05:27:56.843279+00:00
196,5399266267,39.14,0.03,buy,False,2022-11-10T05:27:56.843279+00:00
197,5399266266,38.93,0.03,buy,False,2022-11-10T05:27:56.843279+00:00
198,5399266265,38.73,0.03,buy,False,2022-11-10T05:27:56.843279+00:00
199,5399266264,38.52,0.03,buy,False,2022-11-10T05:27:56.843279+00:00
200,5399266263,38.31,0.03,buy,False,2022-11-10T05:27:56.843279+00:00
201,5399266262,38.11,0.03,buy,False,2022-11-10T05:27:56.843279+00:00
202,5399266261,37.9,0.03,buy,False,2022-11-10T05:27:56.843279+00:00
203,5399259412,37.82,0.03,sell,False,2022-11-10T05:27:11.635566+00:00
204,5399256286,41.27,0.59,buy,False,2022-11-10T05:26:48.874347+00:00
205,5399256285,39.56,0.03,buy,False,2022-11-10T05:26:48.874347+00:00
206,5399256284,39.55,1.0,buy,False,2022-11-10T05:26:48.874347+00:00
207,5399256283,39.35,0.03,buy,False,2022-11-10T05:26:48.874347+00:00
208,5399256282,39.14,0.03,buy,False,2022-11-10T05:26:48.874347+00:00
209,5399256281,38.93,0.03,buy,False,2022-11-10T05:26:48.874347+00:00
210,5399256280,38.73,0.03,buy,False,2022-11-10T05:26:48.874347+00:00
211,5399256279,38.52,0.03,buy,False,2022-11-10T05:26:48.874347+00:00
212,5399256278,38.31,0.03,buy,False,2022-11-10T05:26:48.874347+00:00
213,5399256277,38.11,0.03,buy,False,2022-11-10T05:26:48.874347+00:00
214,5399256276,37.9,0.03,buy,False,2022-11-10T05:26:48.874347+00:00
215,5399256275,37.82,0.1,buy,False,2022-11-10T05:26:48.874347+00:00
216,5399256274,37.69,0.01,buy,False,2022-11-10T05:26:48.874347+00:00
217,5399256273,37.69,0.03,buy,False,2022-11-10T05:26:48.874347+00:00
218,5399255623,35.41,0.03,sell,False,2022-11-10T05:26:45.140798+00:00
219,5399255622,35.62,0.03,sell,False,2022-11-10T05:26:45.140798+00:00
220,5399255621,35.83,0.03,sell,False,2022-11-10T05:26:45.140798+00:00
221,5399255620,36.0,0.03,sell,False,2022-11-10T05:26:45.140798+00:00
222,5399255619,36.04,0.03,sell,False,2022-11-10T05:26:45.140798+00:00
223,5399255618,36.24,0.03,sell,False,2022-11-10T05:26:45.140798+00:00
224,5399255617,36.45,0.03,sell,False,2022-11-10T05:26:45.140798+00:00
225,5399255616,36.66,0.03,sell,False,2022-11-10T05:26:45.140798+00:00
226,5399255615,36.86,0.03,sell,False,2022-11-10T05:26:45.140798+00:00
227,5399255614,37.07,0.03,sell,False,2022-11-10T05:26:45.140798+00:00
228,5399255613,37.28,0.03,sell,False,2022-11-10T05:26:45.140798+00:00
229,5399254797,38.25,0.3,sell,False,2022-11-10T05:26:40.244829+00:00
230,5399254796,39.0,0.3,sell,False,2022-11-10T05:26:40.244829+00:00
231,5399254795,39.75,0.3,sell,False,2022-11-10T05:26:40.244829+00:00
232,5399254288,36.0,0.27,sell,False,2022-11-10T05:26:36.572733+00:00
233,5399254287,36.1,0.91,sell,False,2022-11-10T05:26:36.572733+00:00
234,5399254286,37.82,1.0,sell,False,2022-11-10T05:26:36.572733+00:00
235,5399254285,38.25,0.3,sell,False,2022-11-10T05:26:36.572733+00:00
236,5399254012,41.27,0.28,buy,False,2022-11-10T05:26:34.954236+00:00
237,5399254011,41.25,0.3,buy,False,2022-11-10T05:26:34.954236+00:00
238,5399254010,40.5,0.3,buy,False,2022-11-10T05:26:34.954236+00:00
239,5399254009,39.75,0.23,buy,False,2022-11-10T05:26:34.954236+00:00
240,5399254008,39.71,0.39,buy,False,2022-11-10T05:26:34.954236+00:00
241,5399253112,39.71,0.05,buy,False,2022-11-10T05:26:28.796277+00:00
242,5399253111,39.55,1.0,buy,False,2022-11-10T05:26:28.796277+00:00
243,5399253110,39.0,0.24,buy,False,2022-11-10T05:26:28.796277+00:00
244,5399253109,37.49,0.03,buy,False,2022-11-10T05:26:28.796277+00:00
245,5399253108,37.28,0.03,buy,False,2022-11-10T05:26:28.796277+00:00
246,5399253107,37.07,0.03,buy,False,2022-11-10T05:26:28.796277+00:00
247,5399253106,36.86,0.03,buy,False,2022-11-10T05:26:28.796277+00:00
248,5399253105,36.66,0.03,buy,False,2022-11-10T05:26:28.796277+00:00
249,5399253104,36.45,0.03,buy,False,2022-11-10T05:26:28.796277+00:00
250,5399253103,36.24,0.03,buy,False,2022-11-10T05:26:28.796277+00:00
251,5399250829,36.1,0.03,sell,False,2022-11-10T05:26:13.885813+00:00
252,5399250775,36.1,0.03,sell,False,2022-11-10T05:26:13.428566+00:00
253,5399250681,36.1,0.03,sell,False,2022-11-10T05:26:12.915902+00:00
254,5399249554,39.0,0.06,buy,False,2022-11-10T05:26:06.838226+00:00
255,5399249553,38.25,0.3,buy,False,2022-11-10T05:26:06.838226+00:00
256,5399249552,37.82,1.0,buy,False,2022-11-10T05:26:06.838226+00:00
257,5399247418,37.69,0.03,buy,False,2022-11-10T05:25:55.329112+00:00
258,5399246965,36.0,0.3,sell,False,2022-11-10T05:25:52.709224+00:00
259,5399246964,37.28,0.03,sell,False,2022-11-10T05:25:52.709224+00:00
260,5399246097,35.41,0.03,sell,False,2022-11-10T05:25:48.691186+00:00
261,5399246096,35.62,0.03,sell,False,2022-11-10T05:25:48.691186+00:00
262,5399246095,35.83,0.03,sell,False,2022-11-10T05:25:48.691186+00:00
263,5399246094,36.0,0.3,sell,False,2022-11-10T05:25:48.691186+00:00
264,5399246093,36.04,0.03,sell,False,2022-11-10T05:25:48.691186+00:00
265,5399246092,36.24,0.03,sell,False,2022-11-10T05:25:48.691186+00:00
266,5399246091,36.45,0.03,sell,False,2022-11-10T05:25:48.691186+00:00
267,5399246090,36.66,0.03,sell,False,2022-11-10T05:25:48.691186+00:00
268,5399246089,36.86,0.03,sell,False,2022-11-10T05:25:48.691186+00:00
269,5399246088,37.07,0.03,sell,False,2022-11-10T05:25:48.691186+00:00
270,5399245498,37.5,0.27,buy,False,2022-11-10T05:25:46.012669+00:00
271,5399243452,37.5,0.03,buy,False,2022-11-10T05:25:37.906708+00:00
272,5399243031,37.49,0.03,buy,False,2022-11-10T05:25:36.036006+00:00
273,5399242589,37.28,0.03,buy,False,2022-11-10T05:25:33.678792+00:00
274,5399242323,37.07,0.03,buy,False,2022-11-10T05:25:32.049747+00:00
275,5399241613,36.86,0.03,buy,False,2022-11-10T05:25:29.607664+00:00
276,5399240373,36.75,0.08,buy,False,2022-11-10T05:25:21.396907+00:00
277,5399239328,36.75,0.03,buy,False,2022-11-10T05:25:15.117776+00:00
278,5399238957,36.75,0.03,buy,False,2022-11-10T05:25:13.488566+00:00
279,5399238566,36.24,0.03,buy,False,2022-11-10T05:25:09.911356+00:00
280,5399238320,36.04,0.03,buy,False,2022-11-10T05:25:08.011666+00:00
281,5399237923,35.83,0.03,buy,False,2022-11-10T05:25:05.951262+00:00
282,5399237536,36.45,0.03,buy,False,2022-11-10T05:25:03.932386+00:00
283,5399236456,36.66,0.03,buy,False,2022-11-10T05:24:59.163632+00:00
284,5399236036,36.45,0.03,buy,False,2022-11-10T05:24:56.599491+00:00
285,5399235624,36.24,0.03,buy,False,2022-11-10T05:24:54.377400+00:00
286,5399235599,35.0,0.03,sell,False,2022-11-10T05:24:54.186673+00:00
287,5399235598,35.21,0.03,sell,False,2022-11-10T05:24:54.186673+00:00
288,5399235597,35.41,0.03,sell,False,2022-11-10T05:24:54.186673+00:00
289,5399235596,35.62,0.03,sell,False,2022-11-10T05:24:54.186673+00:00
290,5399235181,36.04,0.03,buy,False,2022-11-10T05:24:52.457706+00:00
291,5399235017,35.83,0.03,buy,False,2022-11-10T05:24:51.002274+00:00
292,5399234641,35.62,0.03,buy,False,2022-11-10T05:24:48.659695+00:00
293,5399234275,35.41,0.03,buy,False,2022-11-10T05:24:46.291723+00:00
294,5399233503,35.21,0.03,buy,False,2022-11-10T05:24:41.136952+00:00
295,5399222040,35.0,0.03,sell,False,2022-11-10T05:23:42.227611+00:00
296,5399222039,35.21,0.03,sell,False,2022-11-10T05:23:42.227611+00:00
297,5399222038,35.41,0.03,sell,False,2022-11-10T05:23:42.227611+00:00
298,5399222037,35.62,0.03,sell,False,2022-11-10T05:23:42.227611+00:00
299,5399222036,35.83,0.03,sell,False,2022-11-10T05:23:42.227611+00:00
300,5399222035,36.04,0.03,sell,False,2022-11-10T05:23:42.227611+00:00
301,5399222034,36.24,0.03,sell,False,2022-11-10T05:23:42.227611+00:00
302,5399222033,36.45,0.03,sell,False,2022-11-10T05:23:42.227611+00:00
303,5399026657,36.75,0.16,buy,False,2022-11-10T05:05:15.525064+00:00
304,5399026656,36.66,0.03,buy,False,2022-11-10T05:05:15.525064+00:00
305,5399026655,36.45,0.03,buy,False,2022-11-10T05:05:15.525064+00:00
306,5399026654,36.24,0.03,buy,False,2022-11-10T05:05:15.525064+00:00
307,5399026653,36.04,0.03,buy,False,2022-11-10T05:05:15.525064+00:00
308,5399026652,35.83,0.03,buy,False,2022-11-10T05:05:15.525064+00:00
309,5399026651,35.62,0.53,buy,False,2022-11-10T05:05:15.525064+00:00
310,5399025790,35.62,5.61,buy,False,2022-11-10T05:05:10.450346+00:00
311,5399024302,35.62,15.12,buy,False,2022-11-10T05:05:02.848251+00:00
312,5399024301,35.61,1.72,buy,False,2022-11-10T05:05:02.848251+00:00
313,5398942473,32.24,0.01,sell,False,2022-11-10T04:51:22.394486+00:00
314,5398942472,32.24,0.1,sell,False,2022-11-10T04:51:22.394486+00:00
315,5398919090,35.62,0.03,sell,False,2022-11-10T04:46:30.222103+00:00
316,5398919089,35.83,0.01,sell,False,2022-11-10T04:46:30.222103+00:00
317,5398919088,35.83,0.03,sell,False,2022-11-10T04:46:30.222103+00:00
318,5398867271,25.22,6.95,sell,False,2022-11-10T04:35:06.853584+00:00
319,5398867270,25.52,20.0,sell,False,2022-11-10T04:35:06.853584+00:00
320,5398867269,26.02,20.0,sell,False,2022-11-10T04:35:06.853584+00:00
321,5398867268,26.5,11.39,sell,False,2022-11-10T04:35:06.853584+00:00
322,5398867267,26.52,20.0,sell,False,2022-11-10T04:35:06.853584+00:00
323,5398867266,27.02,20.0,sell,False,2022-11-10T04:35:06.853584+00:00
324,5398867265,27.52,20.0,sell,False,2022-11-10T04:35:06.853584+00:00
325,5398867264,27.75,10.38,sell,False,2022-11-10T04:35:06.853584+00:00
326,5398867263,28.02,20.0,sell,False,2022-11-10T04:35:06.853584+00:00
327,5398867262,28.52,20.0,sell,False,2022-11-10T04:35:06.853584+00:00
328,5398867261,28.75,8.65,sell,False,2022-11-10T04:35:06.853584+00:00
329,5398867260,28.92,9.64,sell,False,2022-11-10T04:35:06.853584+00:00
330,5398867259,29.02,20.0,sell,False,2022-11-10T04:35:06.853584+00:00
331,5398867258,29.52,20.0,sell,False,2022-11-10T04:35:06.853584+00:00
332,5398867257,30.02,0.01,sell,False,2022-11-10T04:35:06.853584+00:00
333,5398867256,30.02,20.0,sell,False,2022-11-10T04:35:06.853584+00:00
334,5398749837,30.52,20.0,sell,False,2022-11-10T04:12:12.844774+00:00
335,5398749836,31.02,20.0,sell,False,2022-11-10T04:12:12.844774+00:00
336,5398749835,31.52,20.0,sell,False,2022-11-10T04:12:12.844774+00:00
337,5398749834,32.02,20.0,sell,False,2022-11-10T04:12:12.844774+00:00
338,5398749833,32.52,20.0,sell,False,2022-11-10T04:12:12.844774+00:00
339,5398749832,33.02,20.0,sell,False,2022-11-10T04:12:12.844774+00:00
340,5398749831,36.0,0.3,sell,False,2022-11-10T04:12:12.844774+00:00
341,5398749830,36.04,0.03,sell,False,2022-11-10T04:12:12.844774+00:00
342,5398749829,36.1,1.0,sell,False,2022-11-10T04:12:12.844774+00:00
343,5398749828,36.24,0.03,sell,False,2022-11-10T04:12:12.844774+00:00
344,5398749827,36.45,0.03,sell,False,2022-11-10T04:12:12.844774+00:00
345,5398749826,36.48,0.08,sell,False,2022-11-10T04:12:12.844774+00:00
346,5398749825,36.66,0.03,sell,False,2022-11-10T04:12:12.844774+00:00
347,5398749824,36.75,0.3,sell,False,2022-11-10T04:12:12.844774+00:00
348,5398749823,36.86,0.03,sell,False,2022-11-10T04:12:12.844774+00:00
349,5398749822,37.07,0.03,sell,False,2022-11-10T04:12:12.844774+00:00
350,5398749821,37.28,0.03,sell,False,2022-11-10T04:12:12.844774+00:00
351,5398749820,37.49,0.03,sell,False,2022-11-10T04:12:12.844774+00:00
352,5398749819,37.69,0.03,sell,False,2022-11-10T04:12:12.844774+00:00
353,5398749818,37.82,0.01,sell,False,2022-11-10T04:12:12.844774+00:00
354,5398749817,37.82,0.55,sell,False,2022-11-10T04:12:12.844774+00:00
355,5398646798,37.82,0.3,sell,False,2022-11-10T03:52:14.542519+00:00
356,5398646755,37.82,0.15,sell,False,2022-11-10T03:52:14.093607+00:00
357,5398646754,37.83,0.12,sell,False,2022-11-10T03:52:14.093607+00:00
358,5398646753,37.9,0.03,sell,False,2022-11-10T03:52:14.093607+00:00
359,5398646618,39.79,0.07,sell,False,2022-11-10T03:52:12.543829+00:00
360,5398561728,41.26,0.01,buy,False,2022-11-10T03:41:59.618725+00:00
361,5398519041,41.26,0.06,buy,False,2022-11-10T03:36:21.706709+00:00
362,5398512636,41.26,0.04,buy,False,2022-11-10T03:35:21.341375+00:00
363,5398501518,33.52,20.0,sell,False,2022-11-10T03:33:34.945731+00:00
364,5398501517,36.0,0.3,sell,False,2022-11-10T03:33:34.945731+00:00
365,5398501516,36.75,0.3,sell,False,2022-11-10T03:33:34.945731+00:00
366,5398501515,37.5,0.3,sell,False,2022-11-10T03:33:34.945731+00:00
367,5398501514,38.11,0.03,sell,False,2022-11-10T03:33:34.945731+00:00
368,5398501513,38.31,0.03,sell,False,2022-11-10T03:33:34.945731+00:00
369,5398501512,38.52,0.03,sell,False,2022-11-10T03:33:34.945731+00:00
370,5398501511,38.73,0.03,sell,False,2022-11-10T03:33:34.945731+00:00
371,5398501510,38.93,0.03,sell,False,2022-11-10T03:33:34.945731+00:00
372,5398501509,39.14,0.03,sell,False,2022-11-10T03:33:34.945731+00:00
373,5398501508,39.35,0.03,sell,False,2022-11-10T03:33:34.945731+00:00
374,5398501507,39.55,1.0,sell,False,2022-11-10T03:33:34.945731+00:00
375,5398501506,39.56,0.03,sell,False,2022-11-10T03:33:34.945731+00:00
376,5398501505,39.76,0.03,sell,False,2022-11-10T03:33:34.945731+00:00
377,5398501504,39.97,0.03,sell,False,2022-11-10T03:33:34.945731+00:00
378,5398501503,41.27,1.0,sell,False,2022-11-10T03:33:34.945731+00:00
379,5398493478,41.63,0.01,buy,False,2022-11-10T03:32:19.128184+00:00
380,5398493477,41.42,0.03,buy,False,2022-11-10T03:32:19.128184+00:00
381,5398487719,37.9,0.03,sell,False,2022-11-10T03:31:23.283733+00:00
382,5398487718,38.11,0.03,sell,False,2022-11-10T03:31:23.283733+00:00
383,5398487717,38.25,0.3,sell,False,2022-11-10T03:31:23.283733+00:00
384,5398487716,38.52,0.03,sell,False,2022-11-10T03:31:23.283733+00:00
385,5398487715,43.0,1.0,sell,False,2022-11-10T03:31:23.283733+00:00
386,5398487714,44.73,1.0,sell,False,2022-11-10T03:31:23.283733+00:00
387,5398487713,47.21,0.03,sell,False,2022-11-10T03:31:23.283733+00:00
388,5398474707,46.45,1.0,sell,False,2022-11-10T03:29:57.464682+00:00
389,5398474706,48.18,1.0,sell,False,2022-11-10T03:29:57.464682+00:00
390,5398473271,39.0,0.3,sell,False,2022-11-10T03:29:42.096811+00:00
391,5398473270,39.75,0.3,sell,False,2022-11-10T03:29:42.096811+00:00
392,5398473269,40.5,0.3,sell,False,2022-11-10T03:29:42.096811+00:00
393,5398473268,41.25,0.3,sell,False,2022-11-10T03:29:42.096811+00:00
394,5398473267,42.0,0.3,sell,False,2022-11-10T03:29:42.096811+00:00
395,5398473266,42.75,0.3,sell,False,2022-11-10T03:29:42.096811+00:00
396,5398473265,48.18,0.02,sell,False,2022-11-10T03:29:42.096811+00:00
397,5398473264,48.18,0.5,sell,False,2022-11-10T03:29:42.096811+00:00
398,5398473263,49.91,1.0,sell,False,2022-11-10T03:29:42.096811+00:00
399,5398473262,49.92,1.71,sell,False,2022-11-10T03:29:42.096811+00:00
400,5398472722,54.73,0.84,buy,False,2022-11-10T03:29:37.185324+00:00
401,5398472721,53.36,1.0,buy,False,2022-11-10T03:29:37.185324+00:00
402,5398472720,51.65,1.01,buy,False,2022-11-10T03:29:37.185324+00:00
403,5398472004,51.65,18.99,buy,False,2022-11-10T03:29:31.820930+00:00
404,5398472003,51.63,0.01,buy,False,2022-11-10T03:29:31.820930+00:00
405,5398472002,51.63,1.0,buy,False,2022-11-10T03:29:31.820930+00:00
406,5398471614,50.0,0.01,buy,False,2022-11-10T03:29:27.319563+00:00
407,5398471613,50.0,99.0,buy,False,2022-11-10T03:29:27.319563+00:00
408,5398429081,48.18,0.5,sell,True,2022-11-10T03:24:41.411605+00:00
409,5398391036,49.91,1.0,buy,False,2022-11-10T03:20:10.697133+00:00
410,5398391035,48.18,1.0,buy,False,2022-11-10T03:20:10.697133+00:00
411,5398391034,48.0,14.99,buy,False,2022-11-10T03:20:10.697133+00:00
412,5398391033,46.45,0.01,buy,False,2022-11-10T03:20:10.697133+00:00
413,5398391032,46.45,1.0,buy,False,2022-11-10T03:20:10.697133+00:00
414,5398384024,43.0,0.03,sell,False,2022-11-10T03:19:27.057557+00:00
415,5398383970,43.0,0.03,sell,False,2022-11-10T03:19:26.504375+00:00
416,5398383921,43.0,0.03,sell,False,2022-11-10T03:19:26.172094+00:00
417,5398381472,44.73,1.0,buy,False,2022-11-10T03:19:07.404115+00:00
418,5398381471,43.7,0.01,buy,False,2022-11-10T03:19:07.404115+00:00
419,5398381470,43.68,0.02,buy,False,2022-11-10T03:19:07.404115+00:00
420,5398381469,43.5,0.3,buy,False,2022-11-10T03:19:07.404115+00:00
421,5398381468,43.0,1.0,buy,False,2022-11-10T03:19:07.404115+00:00
422,5398381467,43.0,13.07,buy,False,2022-11-10T03:19:07.404115+00:00
423,5398381466,42.75,0.3,buy,False,2022-11-10T03:19:07.404115+00:00
424,5398381465,42.0,0.3,buy,False,2022-11-10T03:19:07.404115+00:00
425,5398381464,41.27,1.0,buy,False,2022-11-10T03:19:07.404115+00:00
426,5398381463,41.25,0.3,buy,False,2022-11-10T03:19:07.404115+00:00
427,5398381462,40.5,0.3,buy,False,2022-11-10T03:19:07.404115+00:00
428,5398381461,39.97,0.03,buy,False,2022-11-10T03:19:07.404115+00:00
429,5398381460,39.76,0.03,buy,False,2022-11-10T03:19:07.404115+00:00
430,5398381459,39.75,0.3,buy,False,2022-11-10T03:19:07.404115+00:00
431,5398381458,39.56,0.03,buy,False,2022-11-10T03:19:07.404115+00:00
432,5398381457,39.55,1.0,buy,False,2022-11-10T03:19:07.404115+00:00
433,5398381456,39.35,0.03,buy,False,2022-11-10T03:19:07.404115+00:00
434,5398381455,39.14,0.03,buy,False,2022-11-10T03:19:07.404115+00:00
435,5398381454,39.0,0.3,buy,False,2022-11-10T03:19:07.404115+00:00
436,5398381453,38.93,0.03,buy,False,2022-11-10T03:19:07.404115+00:00
437,5398381452,38.92,2.95,buy,False,2022-11-10T03:19:07.404115+00:00
438,5398381451,38.91,2.2,buy,False,2022-11-10T03:19:07.404115+00:00
439,5398381450,38.73,0.03,buy,False,2022-11-10T03:19:07.404115+00:00
440,5398381449,38.31,0.03,buy,False,2022-11-10T03:19:07.404115+00:00
441,5398381448,38.25,0.3,buy,False,2022-11-10T03:19:07.404115+00:00
442,5398381447,38.11,0.03,buy,False,2022-11-10T03:19:07.404115+00:00
443,5398381446,37.92,0.02,buy,False,2022-11-10T03:19:07.404115+00:00
444,5398381445,37.9,0.01,buy,False,2022-11-10T03:19:07.404115+00:00
445,5398259638,37.9,0.02,buy,False,2022-11-10T03:05:37.863672+00:00
446,5398224672,37.83,7.53,buy,False,2022-11-10T02:59:55.700824+00:00
447,5398201984,37.83,0.89,buy,False,2022-11-10T02:55:12.668749+00:00
448,5398201983,37.82,0.71,buy,False,2022-11-10T02:55:12.668749+00:00
449,5398201982,37.69,0.84,buy,False,2022-11-10T02:55:12.668749+00:00
450,5398201981,37.69,0.03,buy,False,2022-11-10T02:55:12.668749+00:00
451,5398196306,37.5,0.05,buy,False,2022-11-10T02:54:09.043659+00:00
452,5398196015,37.5,0.05,buy,False,2022-11-10T02:54:04.983966+00:00
453,5398195275,37.5,0.05,buy,False,2022-11-10T02:53:58.373692+00:00
454,5398194393,37.5,0.05,buy,False,2022-11-10T02:53:51.643066+00:00
455,5398193848,37.5,0.05,buy,False,2022-11-10T02:53:44.733854+00:00
456,5398193197,37.5,0.05,buy,False,2022-11-10T02:53:38.099000+00:00
457,5398192652,37.5,0.05,buy,False,2022-11-10T02:53:31.033423+00:00
458,5398192143,37.5,0.05,buy,False,2022-11-10T02:53:24.364143+00:00
459,5398191449,37.5,0.05,buy,False,2022-11-10T02:53:17.744781+00:00
460,5398190818,37.5,0.05,buy,False,2022-11-10T02:53:10.679371+00:00
461,5398190303,37.5,0.05,buy,False,2022-11-10T02:53:03.729786+00:00
462,5398189937,37.5,0.05,buy,False,2022-11-10T02:52:57.002299+00:00
463,5398189927,37.5,1.79,buy,False,2022-11-10T02:52:56.807074+00:00
464,5398189926,37.5,21.38,buy,False,2022-11-10T02:52:56.807074+00:00
465,5398189394,37.5,0.05,buy,False,2022-11-10T02:52:49.604132+00:00
466,5398188862,37.5,0.05,buy,False,2022-11-10T02:52:43.107915+00:00
467,5398188302,37.5,0.05,buy,False,2022-11-10T02:52:35.961601+00:00
468,5398187854,37.5,0.05,buy,False,2022-11-10T02:52:29.312500+00:00
469,5398187101,36.75,0.05,buy,False,2022-11-10T02:52:22.550613+00:00
470,5398186666,36.75,0.05,buy,False,2022-11-10T02:52:15.807625+00:00
471,5398185936,36.85,0.09,sell,False,2022-11-10T02:52:07.383945+00:00
472,5398185935,37.09,0.02,sell,False,2022-11-10T02:52:07.383945+00:00
473,5398185934,37.09,0.09,sell,False,2022-11-10T02:52:07.383945+00:00
474,5398184497,37.5,7.71,buy,False,2022-11-10T02:51:43.646054+00:00
475,5398174151,37.5,2.33,buy,False,2022-11-10T02:49:46.883890+00:00
476,5398151755,37.5,10.0,buy,False,2022-11-10T02:45:42.859296+00:00
477,5398150715,37.5,9.31,buy,False,2022-11-10T02:45:30.725638+00:00
478,5398150714,37.42,0.14,buy,False,2022-11-10T02:45:30.725638+00:00
479,5398150713,37.33,0.09,buy,False,2022-11-10T02:45:30.725638+00:00
480,5398150712,37.09,0.09,buy,False,2022-11-10T02:45:30.725638+00:00
481,5398150711,36.85,0.09,buy,False,2022-11-10T02:45:30.725638+00:00
482,5398150710,36.61,0.09,buy,False,2022-11-10T02:45:30.725638+00:00
483,5398150709,36.37,0.09,buy,False,2022-11-10T02:45:30.725638+00:00
484,5398150708,36.13,0.09,buy,False,2022-11-10T02:45:30.725638+00:00
485,5398150707,35.89,0.01,buy,False,2022-11-10T02:45:30.725638+00:00
486,5398115904,35.89,0.08,buy,False,2022-11-10T02:38:18.496787+00:00
487,5398104140,30.0,100.0,sell,False,2022-11-10T02:36:20.330807+00:00
488,5398104139,34.7,1.52,sell,False,2022-11-10T02:36:20.330807+00:00
489,5398104138,35.66,0.09,sell,False,2022-11-10T02:36:20.330807+00:00
490,5398104137,35.89,0.09,sell,False,2022-11-10T02:36:20.330807+00:00
491,5398104136,36.0,0.3,sell,False,2022-11-10T02:36:20.330807+00:00
492,5398104135,36.13,0.09,sell,False,2022-11-10T02:36:20.330807+00:00
493,5398104134,36.37,0.09,sell,False,2022-11-10T02:36:20.330807+00:00
494,5398104133,36.61,0.09,sell,False,2022-11-10T02:36:20.330807+00:00
495,5398104132,36.75,0.3,sell,False,2022-11-10T02:36:20.330807+00:00
496,5398104131,36.85,0.09,sell,False,2022-11-10T02:36:20.330807+00:00
497,5398104130,37.09,0.09,sell,False,2022-11-10T02:36:20.330807+00:00
498,5398104129,37.28,0.03,sell,False,2022-11-10T02:36:20.330807+00:00
499,5398104128,37.33,0.09,sell,False,2022-11-10T02:36:20.330807+00:00
500,5398084566,37.5,98.92,sell,False,2022-11-10T02:33:37.890060+00:00
501,5398084565,37.57,0.06,sell,False,2022-11-10T02:33:37.890060+00:00
502,5398084564,37.57,0.09,sell,False,2022-11-10T02:33:37.890060+00:00
503,5398056839,37.82,0.29,buy,False,2022-11-10T02:29:05.038092+00:00
504,5398056838,37.81,0.09,buy,False,2022-11-10T02:29:05.038092+00:00
505,5398056837,37.69,0.03,buy,False,2022-11-10T02:29:05.038092+00:00
506,5398056836,37.57,0.09,buy,False,2022-11-10T02:29:05.038092+00:00
507,5398037575,37.5,0.3,buy,False,2022-11-10T02:25:27.513266+00:00
508,5398037574,37.49,0.03,buy,False,2022-11-10T02:25:27.513266+00:00
509,5398037573,37.33,0.09,buy,False,2022-11-10T02:25:27.513266+00:00
510,5398037572,37.09,0.09,buy,False,2022-11-10T02:25:27.513266+00:00
511,5398037571,36.85,0.09,buy,False,2022-11-10T02:25:27.513266+00:00
512,5398037570,36.75,0.3,buy,False,2022-11-10T02:25:27.513266+00:00
513,5398037569,36.61,0.09,buy,False,2022-11-10T02:25:27.513266+00:00
514,5398037568,36.37,0.09,buy,False,2022-11-10T02:25:27.513266+00:00
515,5398036683,36.13,0.09,buy,False,2022-11-10T02:25:18.207907+00:00
516,5398036493,35.89,1.43,buy,False,2022-11-10T02:25:15.875169+00:00
517,5398036492,35.89,0.09,buy,False,2022-11-10T02:25:15.875169+00:00
518,5397830857,20.0,2.95,sell,False,2022-11-10T01:54:17.186380+00:00
519,5397830856,23.94,0.01,sell,False,2022-11-10T01:54:17.186380+00:00
520,5397830855,23.94,0.2,sell,False,2022-11-10T01:54:17.186380+00:00
521,5397825841,23.94,0.11,sell,True,2022-11-10T01:53:45.451010+00:00
522,5397812364,28.78,0.25,sell,False,2022-11-10T01:52:30.644709+00:00
523,5397802284,29.0,0.1,sell,False,2022-11-10T01:51:36.560223+00:00
524,5397802283,32.57,0.01,sell,False,2022-11-10T01:51:36.560223+00:00
525,5397802282,32.57,0.21,sell,False,2022-11-10T01:51:36.560223+00:00
526,5397776513,30.0,1.0,sell,False,2022-11-10T01:48:32.988086+00:00
527,5397776512,30.17,3.0,sell,False,2022-11-10T01:48:32.988086+00:00
528,5397776511,31.0,0.16,sell,False,2022-11-10T01:48:32.988086+00:00
529,5397776510,32.0,0.5,sell,False,2022-11-10T01:48:32.988086+00:00
530,5397776509,35.52,0.17,sell,False,2022-11-10T01:48:32.988086+00:00
531,5397776508,35.66,0.09,sell,False,2022-11-10T01:48:32.988086+00:00
532,5397776507,35.89,0.09,sell,False,2022-11-10T01:48:32.988086+00:00
533,5397776506,36.0,0.3,sell,False,2022-11-10T01:48:32.988086+00:00
534,5397776505,36.1,1.0,sell,False,2022-11-10T01:48:32.988086+00:00
535,5397776504,36.13,0.09,sell,False,2022-11-10T01:48:32.988086+00:00
536,5397776503,36.37,0.09,sell,False,2022-11-10T01:48:32.988086+00:00
537,5397776502,36.61,0.09,sell,False,2022-11-10T01:48:32.988086+00:00
538,5397776501,36.75,0.23,sell,False,2022-11-10T01:48:32.988086+00:00
539,5397776500,36.85,0.09,sell,False,2022-11-10T01:48:32.988086+00:00
540,5397776499,37.09,0.09,sell,False,2022-11-10T01:48:32.988086+00:00
541,5397776498,37.28,0.03,sell,False,2022-11-10T01:48:32.988086+00:00
542,5397776497,37.33,0.09,sell,False,2022-11-10T01:48:32.988086+00:00
543,5397776496,37.49,0.03,sell,False,2022-11-10T01:48:32.988086+00:00
544,5397776495,37.5,0.01,sell,False,2022-11-10T01:48:32.988086+00:00
545,5397776494,37.5,0.11,sell,False,2022-11-10T01:48:32.988086+00:00
546,5397773145,37.5,0.19,sell,False,2022-11-10T01:47:55.719661+00:00
547,5397773144,37.51,2.2,sell,False,2022-11-10T01:47:55.719661+00:00
548,5397773143,37.57,0.09,sell,False,2022-11-10T01:47:55.719661+00:00
549,5397773142,37.69,0.03,sell,False,2022-11-10T01:47:55.719661+00:00
550,5397773141,37.81,0.09,sell,False,2022-11-10T01:47:55.719661+00:00
551,5397773140,37.82,0.64,sell,False,2022-11-10T01:47:55.719661+00:00
552,5397764897,37.83,0.01,buy,False,2022-11-10T01:46:45.041317+00:00
553,5397743986,37.83,0.5,buy,False,2022-11-10T01:44:17.074872+00:00
554,5397690082,37.83,0.03,buy,False,2022-11-10T01:38:49.835895+00:00
555,5397689890,37.83,0.03,buy,False,2022-11-10T01:38:49.173859+00:00
556,5397689735,37.83,0.03,buy,False,2022-11-10T01:38:48.402781+00:00
557,5397632024,37.83,0.14,sell,False,2022-11-10T01:33:21.800226+00:00
558,5397546489,38.04,0.09,sell,False,2022-11-10T01:21:31.051528+00:00
559,5397546488,38.28,0.09,sell,False,2022-11-10T01:21:31.051528+00:00
560,5397546487,38.52,0.09,sell,False,2022-11-10T01:21:31.051528+00:00
561,5397488665,38.92,369.73,buy,False,2022-11-10T01:14:48.212505+00:00
562,5397488664,38.91,2.12,buy,False,2022-11-10T01:14:48.212505+00:00
563,5397488663,38.76,0.09,buy,False,2022-11-10T01:14:48.212505+00:00
564,5397488662,38.52,0.06,buy,False,2022-11-10T01:14:48.212505+00:00
565,5397486313,38.25,0.3,buy,False,2022-11-10T01:14:29.524053+00:00
566,5397187069,38.52,0.03,buy,False,2022-11-10T00:41:23.818088+00:00
567,5397187068,38.28,0.09,buy,False,2022-11-10T00:41:23.818088+00:00
568,5397177328,38.04,0.09,buy,False,2022-11-10T00:40:22.705260+00:00
569,5397171294,37.82,0.09,sell,False,2022-11-10T00:39:30.935580+00:00
570,5397171193,37.82,0.09,sell,False,2022-11-10T00:39:30.363033+00:00
571,5397171156,37.82,0.09,sell,False,2022-11-10T00:39:30.051453+00:00
572,5397171120,37.82,0.09,sell,False,2022-11-10T00:39:29.738961+00:00
573,5397170327,36.75,0.07,sell,False,2022-11-10T00:39:22.709157+00:00
574,5397170326,36.85,0.09,sell,False,2022-11-10T00:39:22.709157+00:00
575,5397170325,37.09,0.09,sell,False,2022-11-10T00:39:22.709157+00:00
576,5397170324,37.33,0.09,sell,False,2022-11-10T00:39:22.709157+00:00
577,5397170323,37.5,0.3,sell,False,2022-11-10T00:39:22.709157+00:00
578,5397170322,37.57,0.09,sell,False,2022-11-10T00:39:22.709157+00:00
579,5397170321,37.81,0.09,sell,False,2022-11-10T00:39:22.709157+00:00
580,5397170320,38.04,0.09,sell,False,2022-11-10T00:39:22.709157+00:00
581,5397170319,38.25,0.3,sell,False,2022-11-10T00:39:22.709157+00:00
582,5397170318,38.28,0.09,sell,False,2022-11-10T00:39:22.709157+00:00
583,5397170317,38.52,0.09,sell,False,2022-11-10T00:39:22.709157+00:00
584,5397170316,38.73,0.03,sell,False,2022-11-10T00:39:22.709157+00:00
585,5397170315,38.76,0.09,sell,False,2022-11-10T00:39:22.709157+00:00
586,5397170314,38.93,0.03,sell,False,2022-11-10T00:39:22.709157+00:00
587,5397170313,39.0,0.3,sell,False,2022-11-10T00:39:22.709157+00:00
588,5397170312,39.0,0.09,sell,False,2022-11-10T00:39:22.709157+00:00
589,5397170311,39.14,0.03,sell,False,2022-11-10T00:39:22.709157+00:00
590,5397170310,39.24,0.09,sell,False,2022-11-10T00:39:22.709157+00:00
591,5397170309,39.35,0.03,sell,False,2022-11-10T00:39:22.709157+00:00
592,5397170308,39.48,0.09,sell,False,2022-11-10T00:39:22.709157+00:00
593,5397170307,39.55,1.0,sell,False,2022-11-10T00:39:22.709157+00:00
594,5397170306,39.56,0.03,sell,False,2022-11-10T00:39:22.709157+00:00
595,5397170305,39.72,0.06,sell,False,2022-11-10T00:39:22.709157+00:00
596,5397170304,39.75,0.3,sell,False,2022-11-10T00:39:22.709157+00:00
597,5397170303,39.76,0.03,sell,False,2022-11-10T00:39:22.709157+00:00
598,5397170302,39.96,0.09,sell,False,2022-11-10T00:39:22.709157+00:00
599,5397170301,39.97,0.03,sell,False,2022-11-10T00:39:22.709157+00:00
600,5397170300,40.18,0.03,sell,False,2022-11-10T00:39:22.709157+00:00
601,5397170299,40.19,0.09,sell,False,2022-11-10T00:39:22.709157+00:00
602,5397170298,40.38,0.03,sell,False,2022-11-10T00:39:22.709157+00:00
603,5397170297,40.43,0.09,sell,False,2022-11-10T00:39:22.709157+00:00
604,5397170296,40.5,0.3,sell,False,2022-11-10T00:39:22.709157+00:00
605,5397170295,40.59,0.03,sell,False,2022-11-10T00:39:22.709157+00:00
606,5397170294,40.67,0.09,sell,False,2022-11-10T00:39:22.709157+00:00
607,5397170293,40.91,0.09,sell,False,2022-11-10T00:39:22.709157+00:00
608,5397170292,41.15,0.09,sell,False,2022-11-10T00:39:22.709157+00:00
609,5397170291,41.25,0.3,sell,False,2022-11-10T00:39:22.709157+00:00
610,5397170290,41.27,0.97,sell,False,2022-11-10T00:39:22.709157+00:00
611,5397170289,41.39,0.09,sell,False,2022-11-10T00:39:22.709157+00:00
612,5397170288,41.63,0.09,sell,False,2022-11-10T00:39:22.709157+00:00
613,5397170287,41.87,0.09,sell,False,2022-11-10T00:39:22.709157+00:00
614,5397170286,42.0,0.3,sell,False,2022-11-10T00:39:22.709157+00:00
615,5397170285,42.14,0.08,sell,False,2022-11-10T00:39:22.709157+00:00
616,5397170284,42.48,0.03,sell,False,2022-11-10T00:39:22.709157+00:00
617,5397170283,42.75,0.01,sell,False,2022-11-10T00:39:22.709157+00:00
618,5397170282,42.75,0.3,sell,False,2022-11-10T00:39:22.709157+00:00
619,5396994104,43.0,0.95,sell,False,2022-11-10T00:21:33.587289+00:00
620,5396994103,43.01,0.01,sell,False,2022-11-10T00:21:33.587289+00:00
621,5396994102,43.01,0.06,sell,False,2022-11-10T00:21:33.587289+00:00
622,5396994101,43.01,0.91,sell,False,2022-11-10T00:21:33.587289+00:00
623,5396953006,43.01,1.21,sell,False,2022-11-10T00:17:06.438868+00:00
624,5396650963,43.68,0.01,buy,False,2022-11-09T23:51:30.511749+00:00
625,5396385826,45.0,45.0,buy,False,2022-11-09T23:28:31.376731+00:00
626,5396385825,44.84,0.61,buy,False,2022-11-09T23:28:31.376731+00:00
627,5396385824,44.83,2.04,buy,False,2022-11-09T23:28:31.376731+00:00
628,5396385823,43.08,0.03,buy,False,2022-11-09T23:28:31.376731+00:00
629,5396385822,43.01,0.01,buy,False,2022-11-09T23:28:31.376731+00:00
630,5396378312,43.0,0.02,sell,False,2022-11-09T23:27:45.698352+00:00
631,5396374668,43.0,0.03,sell,False,2022-11-09T23:27:22.693369+00:00
632,5396372221,43.01,1.98,sell,False,2022-11-09T23:27:11.365671+00:00
633,5396371463,43.01,0.03,sell,False,2022-11-09T23:27:06.063380+00:00
634,5396368799,43.01,0.03,sell,False,2022-11-09T23:26:50.552066+00:00
635,5396367136,40.68,0.03,buy,False,2022-11-09T23:26:39.159340+00:00
636,5396366291,44.73,1.0,buy,False,2022-11-09T23:26:33.882035+00:00
637,5396366290,43.5,0.3,buy,False,2022-11-09T23:26:33.882035+00:00
638,5396366289,43.28,68.68,buy,False,2022-11-09T23:26:33.882035+00:00
639,5396366288,43.22,6.94,buy,False,2022-11-09T23:26:33.882035+00:00
640,5396366287,43.19,68.81,buy,False,2022-11-09T23:26:33.882035+00:00
641,5396366286,43.0,1.0,buy,False,2022-11-09T23:26:33.882035+00:00
642,5396366285,42.75,0.3,buy,False,2022-11-09T23:26:33.882035+00:00
643,5396366284,42.11,0.09,buy,False,2022-11-09T23:26:33.882035+00:00
644,5396366283,42.0,0.3,buy,False,2022-11-09T23:26:33.882035+00:00
645,5396366282,41.87,0.09,buy,False,2022-11-09T23:26:33.882035+00:00
646,5396366281,41.63,0.09,buy,False,2022-11-09T23:26:33.882035+00:00
647,5396366280,41.39,0.09,buy,False,2022-11-09T23:26:33.882035+00:00
648,5396366279,41.27,1.0,buy,False,2022-11-09T23:26:33.882035+00:00
649,5396366278,41.25,0.3,buy,False,2022-11-09T23:26:33.882035+00:00
650,5396366277,41.15,0.09,buy,False,2022-11-09T23:26:33.882035+00:00
651,5396366276,40.91,0.09,buy,False,2022-11-09T23:26:33.882035+00:00
652,5396366275,40.8,0.03,buy,False,2022-11-09T23:26:33.882035+00:00
653,5396366274,40.67,0.09,buy,False,2022-11-09T23:26:33.882035+00:00
654,5396366273,40.59,0.03,buy,False,2022-11-09T23:26:33.882035+00:00
655,5396366272,40.5,0.3,buy,False,2022-11-09T23:26:33.882035+00:00
656,5396366271,40.43,0.09,buy,False,2022-11-09T23:26:33.882035+00:00
657,5396366270,40.38,0.03,buy,False,2022-11-09T23:26:33.882035+00:00
658,5396366269,40.19,0.09,buy,False,2022-11-09T23:26:33.882035+00:00
659,5396366268,40.18,0.03,buy,False,2022-11-09T23:26:33.882035+00:00
660,5396366267,40.08,0.01,buy,False,2022-11-09T23:26:33.882035+00:00
661,5396366266,40.08,0.03,buy,False,2022-11-09T23:26:33.882035+00:00
662,5396335048,39.72,0.03,sell,False,2022-11-09T23:23:50.761029+00:00
663,5396331383,40.0,0.03,sell,False,2022-11-09T23:23:35.456658+00:00
664,5396331168,39.97,0.03,buy,False,2022-11-09T23:23:34.341495+00:00
665,5396331167,39.96,0.09,buy,False,2022-11-09T23:23:34.341495+00:00
666,5396331166,39.76,0.03,buy,False,2022-11-09T23:23:34.341495+00:00
667,5396331165,39.75,0.3,buy,False,2022-11-09T23:23:34.341495+00:00
668,5396331164,39.72,0.09,buy,False,2022-11-09T23:23:34.341495+00:00
669,5396331163,39.56,0.03,buy,False,2022-11-09T23:23:34.341495+00:00
670,5396331162,39.55,1.0,buy,False,2022-11-09T23:23:34.341495+00:00
671,5396331161,39.48,0.09,buy,False,2022-11-09T23:23:34.341495+00:00
672,5396331160,39.35,0.03,buy,False,2022-11-09T23:23:34.341495+00:00
673,5396331159,39.24,0.09,buy,False,2022-11-09T23:23:34.341495+00:00
674,5396331158,39.14,0.03,buy,False,2022-11-09T23:23:34.341495+00:00
675,5396331157,39.0,0.3,buy,False,2022-11-09T23:23:34.341495+00:00
676,5396331156,39.0,0.09,buy,False,2022-11-09T23:23:34.341495+00:00
677,5396331155,38.93,0.03,buy,False,2022-11-09T23:23:34.341495+00:00
678,5396331154,38.76,0.09,buy,False,2022-11-09T23:23:34.341495+00:00
679,5396331153,38.73,0.03,buy,False,2022-11-09T23:23:34.341495+00:00
680,5396331152,38.52,0.03,buy,False,2022-11-09T23:23:34.341495+00:00
681,5396331151,38.52,0.09,buy,False,2022-11-09T23:23:34.341495+00:00
682,5396331150,38.31,0.03,buy,False,2022-11-09T23:23:34.341495+00:00
683,5396331149,38.28,0.03,buy,False,2022-11-09T23:23:34.341495+00:00
684,5396331148,38.28,0.09,buy,False,2022-11-09T23:23:34.341495+00:00
685,5396331147,38.25,0.01,buy,False,2022-11-09T23:23:34.341495+00:00
686,5396331146,38.25,0.28,buy,False,2022-11-09T23:23:34.341495+00:00
687,5395929045,38.25,0.02,buy,False,2022-11-09T22:55:04.157959+00:00
688,5395929044,38.11,0.03,buy,False,2022-11-09T22:55:04.157959+00:00
689,5395929043,38.04,0.09,buy,False,2022-11-09T22:55:04.157959+00:00
690,5395929042,37.9,0.03,buy,False,2022-11-09T22:55:04.157959+00:00
691,5395929041,37.82,1.0,buy,False,2022-11-09T22:55:04.157959+00:00
692,5395929040,37.81,0.09,buy,False,2022-11-09T22:55:04.157959+00:00
693,5395929039,37.69,0.03,buy,False,2022-11-09T22:55:04.157959+00:00
694,5395929038,37.68,0.03,buy,False,2022-11-09T22:55:04.157959+00:00
695,5395929037,37.57,0.09,buy,False,2022-11-09T22:55:04.157959+00:00
696,5395929036,37.5,0.3,buy,False,2022-11-09T22:55:04.157959+00:00
697,5395929035,37.49,0.03,buy,False,2022-11-09T22:55:04.157959+00:00
698,5395929034,37.33,0.09,buy,False,2022-11-09T22:55:04.157959+00:00
699,5395929033,37.28,0.03,buy,False,2022-11-09T22:55:04.157959+00:00
700,5395929032,37.16,0.14,buy,False,2022-11-09T22:55:04.157959+00:00
701,5395884603,37.16,29.81,buy,False,2022-11-09T22:49:53.749804+00:00
702,5395884602,37.09,0.09,buy,False,2022-11-09T22:49:53.749804+00:00
703,5395884601,37.08,0.03,buy,False,2022-11-09T22:49:53.749804+00:00
704,5395884600,37.07,0.03,buy,False,2022-11-09T22:49:53.749804+00:00
705,5395884599,36.86,0.01,buy,False,2022-11-09T22:49:53.749804+00:00
706,5395884598,36.86,0.03,buy,False,2022-11-09T22:49:53.749804+00:00
707,5395881197,37.0,0.89,sell,False,2022-11-09T22:49:34.783465+00:00
708,5395881143,37.0,0.89,sell,False,2022-11-09T22:49:34.558056+00:00
709,5395878493,36.85,0.09,buy,False,2022-11-09T22:49:23.221873+00:00
710,5395878492,36.75,0.3,buy,False,2022-11-09T22:49:23.221873+00:00
711,5395878491,36.66,0.03,buy,False,2022-11-09T22:49:23.221873+00:00
712,5395878490,36.63,5.36,buy,False,2022-11-09T22:49:23.221873+00:00
713,5395878334,36.63,5.75,buy,False,2022-11-09T22:49:22.605380+00:00
714,5395878333,36.61,0.09,buy,False,2022-11-09T22:49:22.605380+00:00
715,5395878332,36.48,0.03,buy,False,2022-11-09T22:49:22.605380+00:00
716,5395878331,36.37,4.13,buy,False,2022-11-09T22:49:22.605380+00:00
717,5395869411,36.37,0.09,sell,False,2022-11-09T22:48:43.698992+00:00
718,5395865642,36.63,0.4,buy,False,2022-11-09T22:48:28.170273+00:00
719,5395865641,36.61,0.09,buy,False,2022-11-09T22:48:28.170273+00:00
720,5395865640,36.45,0.03,buy,False,2022-11-09T22:48:28.170273+00:00
721,5395865639,36.37,0.09,buy,False,2022-11-09T22:48:28.170273+00:00
722,5395865638,36.24,0.03,buy,False,2022-11-09T22:48:28.170273+00:00
723,5395865637,36.13,0.09,buy,False,2022-11-09T22:48:28.170273+00:00
724,5395865636,36.04,0.03,buy,False,2022-11-09T22:48:28.170273+00:00
725,5395865635,35.89,0.09,buy,False,2022-11-09T22:48:28.170273+00:00
726,5395865634,35.88,0.03,buy,False,2022-11-09T22:48:28.170273+00:00
727,5395865633,35.83,0.03,buy,False,2022-11-09T22:48:28.170273+00:00
728,5395865632,35.62,0.03,buy,False,2022-11-09T22:48:28.170273+00:00
729,5395865631,35.41,0.03,buy,False,2022-11-09T22:48:28.170273+00:00
730,5395865630,35.21,0.03,buy,False,2022-11-09T22:48:28.170273+00:00
731,5395863309,35.0,4379.38,buy,False,2022-11-09T22:48:17.884100+00:00
732,5395842638,35.0,2.84,buy,False,2022-11-09T22:47:02.944301+00:00
733,5395840558,34.99,2.5,buy,False,2022-11-09T22:46:50.179147+00:00
734,5395728188,35.0,0.01,buy,False,2022-11-09T22:35:53.348526+00:00
735,5395727861,32.5,4.22,sell,False,2022-11-09T22:35:51.770199+00:00
736,5395727860,32.69,2.65,sell,False,2022-11-09T22:35:51.770199+00:00
737,5395727859,32.8,8.14,sell,False,2022-11-09T22:35:51.770199+00:00
738,5395727858,32.81,2.31,sell,False,2022-11-09T22:35:51.770199+00:00
739,5395727857,32.81,0.19,sell,False,2022-11-09T22:35:51.770199+00:00
740,5395706692,35.0,304.0,buy,False,2022-11-09T22:34:32.953954+00:00
741,5395600375,35.0,187.54,buy,False,2022-11-09T22:25:33.651026+00:00
742,5395548575,35.0,18.95,buy,False,2022-11-09T22:20:54.626997+00:00
743,5395548574,34.99,2.17,buy,False,2022-11-09T22:20:54.626997+00:00
744,5395401064,34.99,0.03,buy,False,2022-11-09T22:08:55.981562+00:00
745,5395400806,34.99,0.03,buy,False,2022-11-09T22:08:55.186291+00:00
746,5395400400,34.99,0.03,buy,False,2022-11-09T22:08:54.637822+00:00
747,5395400291,34.99,0.03,buy,False,2022-11-09T22:08:53.997462+00:00
748,5395400134,34.99,0.03,buy,False,2022-11-09T22:08:53.457795+00:00
749,5395400021,34.99,0.03,buy,False,2022-11-09T22:08:52.677824+00:00
750,5395193955,32.92,0.01,buy,False,2022-11-09T21:56:14.760104+00:00
751,5394940140,32.8,1.0,sell,False,2022-11-09T21:41:42.257827+00:00
752,5394906572,32.92,0.03,buy,False,2022-11-09T21:39:29.294337+00:00
753,5394906357,32.92,0.03,buy,False,2022-11-09T21:39:28.180633+00:00
754,5394906313,32.92,0.03,buy,False,2022-11-09T21:39:27.674622+00:00
755,5394906255,32.92,0.03,buy,False,2022-11-09T21:39:27.195473+00:00
756,5394906172,32.92,0.03,buy,False,2022-11-09T21:39:26.533560+00:00
757,5394906037,32.92,0.03,buy,False,2022-11-09T21:39:25.853258+00:00
758,5394905716,32.92,0.03,buy,False,2022-11-09T21:39:24.579094+00:00
759,5394894331,32.8,0.1,sell,False,2022-11-09T21:38:29.272785+00:00
760,5394893830,32.8,2.34,sell,False,2022-11-09T21:38:26.753946+00:00
761,5394877562,34.25,2.55,sell,False,2022-11-09T21:37:17.743530+00:00
762,5394877561,34.47,13.89,sell,False,2022-11-09T21:37:17.743530+00:00
763,5394877560,35.0,10.0,sell,False,2022-11-09T21:37:17.743530+00:00
764,5394877559,35.0,10.0,sell,False,2022-11-09T21:37:17.743530+00:00
765,5394877558,35.0,10.0,sell,False,2022-11-09T21:37:17.743530+00:00
766,5394877557,35.0,10.0,sell,False,2022-11-09T21:37:17.743530+00:00
767,5394877556,35.0,10.0,sell,False,2022-11-09T21:37:17.743530+00:00
768,5394877555,35.0,10.0,sell,False,2022-11-09T21:37:17.743530+00:00
769,5394877554,35.0,10.0,sell,False,2022-11-09T21:37:17.743530+00:00
770,5394877553,35.0,10.0,sell,False,2022-11-09T21:37:17.743530+00:00
771,5394877552,35.0,8.49,sell,False,2022-11-09T21:37:17.743530+00:00
772,5394877551,35.01,2.35,sell,False,2022-11-09T21:37:17.743530+00:00
773,5394765886,34.94,1.51,buy,False,2022-11-09T21:31:31.604412+00:00
774,5394765798,34.94,0.78,buy,False,2022-11-09T21:31:31.322976+00:00
775,5394765797,34.8,2.3,buy,False,2022-11-09T21:31:31.322976+00:00
776,5394765796,34.66,2.31,buy,False,2022-11-09T21:31:31.322976+00:00
777,5394765795,34.53,2.23,buy,False,2022-11-09T21:31:31.322976+00:00
778,5394765794,34.52,2.38,buy,False,2022-11-09T21:31:31.322976+00:00
779,5393847299,34.25,2.15,sell,False,2022-11-09T20:39:31.984445+00:00
780,5393847298,34.26,2.38,sell,False,2022-11-09T20:39:31.984445+00:00
781,5393847297,34.52,0.01,sell,False,2022-11-09T20:39:31.984445+00:00
782,5393847296,34.52,0.01,sell,False,2022-11-09T20:39:31.984445+00:00
783,5393841036,34.53,0.03,buy,False,2022-11-09T20:38:54.190000+00:00
784,5393840968,34.53,0.03,buy,False,2022-11-09T20:38:53.645391+00:00
785,5393840813,34.53,0.03,buy,False,2022-11-09T20:38:52.690841+00:00
786,5393603690,34.52,2.34,buy,False,2022-11-09T20:16:11.898801+00:00
787,5393603689,34.39,2.21,buy,False,2022-11-09T20:16:11.898801+00:00
788,5393575271,34.25,0.23,sell,False,2022-11-09T20:12:37.740034+00:00
789,5393562693,34.39,0.03,buy,False,2022-11-09T20:11:07.079349+00:00
790,5393560317,34.39,0.03,buy,False,2022-11-09T20:10:51.642662+00:00
791,5393558505,34.39,0.03,buy,False,2022-11-09T20:10:36.619340+00:00
792,5393556621,34.39,0.03,buy,False,2022-11-09T20:10:21.215206+00:00
793,5393554027,34.26,0.05,sell,False,2022-11-09T20:10:08.970237+00:00
794,5393553522,35.0,0.03,buy,False,2022-11-09T20:10:06.775778+00:00
795,5393553507,34.26,2.29,sell,False,2022-11-09T20:10:06.753800+00:00
796,5393551035,35.0,0.03,buy,False,2022-11-09T20:09:50.976397+00:00
797,5393549714,35.0,0.77,buy,False,2022-11-09T20:09:44.549379+00:00
798,5393549708,35.0,0.77,buy,False,2022-11-09T20:09:44.502148+00:00
799,5393546762,35.0,0.03,buy,False,2022-11-09T20:09:36.562899+00:00
800,5393546489,35.0,3.17,buy,False,2022-11-09T20:09:35.231330+00:00
801,5393546068,35.0,5.78,buy,False,2022-11-09T20:09:33.185648+00:00
802,5393546067,34.99,1.32,buy,False,2022-11-09T20:09:33.185648+00:00
803,5393545944,34.99,1.0,buy,False,2022-11-09T20:09:32.370191+00:00
804,5393544780,35.66,0.09,sell,False,2022-11-09T20:09:26.739255+00:00
805,5393544779,35.89,0.09,sell,False,2022-11-09T20:09:26.739255+00:00
806,5393544778,36.0,0.3,sell,False,2022-11-09T20:09:26.739255+00:00
807,5393544777,36.13,0.09,sell,False,2022-11-09T20:09:26.739255+00:00
808,5393544776,36.37,0.09,sell,False,2022-11-09T20:09:26.739255+00:00
809,5393544775,36.47,2.06,sell,False,2022-11-09T20:09:26.739255+00:00
810,5393544774,36.61,0.09,sell,False,2022-11-09T20:09:26.739255+00:00
811,5393544773,36.75,0.3,sell,False,2022-11-09T20:09:26.739255+00:00
812,5393544772,36.85,0.09,sell,False,2022-11-09T20:09:26.739255+00:00
813,5393544771,37.09,0.09,sell,False,2022-11-09T20:09:26.739255+00:00
814,5393544770,37.11,1.35,sell,False,2022-11-09T20:09:26.739255+00:00
815,5393544769,37.33,0.09,sell,False,2022-11-09T20:09:26.739255+00:00
816,5393544768,37.5,0.3,sell,False,2022-11-09T20:09:26.739255+00:00
817,5393544767,37.57,148.7,sell,False,2022-11-09T20:09:26.739255+00:00
818,5393544766,37.57,0.09,sell,False,2022-11-09T20:09:26.739255+00:00
819,5393544765,37.73,4.48,sell,False,2022-11-09T20:09:26.739255+00:00
820,5393544764,37.81,0.09,sell,False,2022-11-09T20:09:26.739255+00:00
821,5393544763,37.82,1.0,sell,False,2022-11-09T20:09:26.739255+00:00
822,5393544762,38.04,0.09,sell,False,2022-11-09T20:09:26.739255+00:00
823,5393544761,38.25,0.3,sell,False,2022-11-09T20:09:26.739255+00:00
824,5393544760,38.28,0.09,sell,False,2022-11-09T20:09:26.739255+00:00
825,5393544759,38.31,0.03,sell,False,2022-11-09T20:09:26.739255+00:00
826,5393544758,38.52,0.03,sell,False,2022-11-09T20:09:26.739255+00:00
827,5393544757,38.52,0.09,sell,False,2022-11-09T20:09:26.739255+00:00
828,5393544756,38.73,0.03,sell,False,2022-11-09T20:09:26.739255+00:00
829,5393544755,38.76,0.09,sell,False,2022-11-09T20:09:26.739255+00:00
830,5393544754,38.93,0.03,sell,False,2022-11-09T20:09:26.739255+00:00
831,5393544753,39.0,0.3,sell,False,2022-11-09T20:09:26.739255+00:00
832,5393544752,39.0,0.09,sell,False,2022-11-09T20:09:26.739255+00:00
833,5393544751,39.14,0.03,sell,False,2022-11-09T20:09:26.739255+00:00
834,5393544750,39.17,2.88,sell,False,2022-11-09T20:09:26.739255+00:00
835,5393544749,39.24,0.09,sell,False,2022-11-09T20:09:26.739255+00:00
836,5393544748,39.35,0.03,sell,False,2022-11-09T20:09:26.739255+00:00
837,5393544747,39.48,0.03,sell,False,2022-11-09T20:09:26.739255+00:00
838,5393544746,39.48,0.09,sell,False,2022-11-09T20:09:26.739255+00:00
839,5393544745,39.55,1.0,sell,False,2022-11-09T20:09:26.739255+00:00
840,5393544744,39.56,0.03,sell,False,2022-11-09T20:09:26.739255+00:00
841,5393544743,39.72,0.09,sell,False,2022-11-09T20:09:26.739255+00:00
842,5393544742,39.75,0.3,sell,False,2022-11-09T20:09:26.739255+00:00
843,5393544741,39.96,0.09,sell,False,2022-11-09T20:09:26.739255+00:00
844,5393522117,40.08,0.03,sell,False,2022-11-09T20:07:02.154581+00:00
845,5393522116,40.18,1.87,sell,False,2022-11-09T20:07:02.154581+00:00
846,5393522115,40.19,0.09,sell,False,2022-11-09T20:07:02.154581+00:00
847,5393522114,40.43,0.09,sell,False,2022-11-09T20:07:02.154581+00:00
848,5393522113,40.5,0.3,sell,False,2022-11-09T20:07:02.154581+00:00
849,5393522112,40.59,0.03,sell,False,2022-11-09T20:07:02.154581+00:00
850,5393522111,40.67,0.09,sell,False,2022-11-09T20:07:02.154581+00:00
851,5393522110,40.8,0.03,sell,False,2022-11-09T20:07:02.154581+00:00
852,5393522109,40.89,1.23,sell,False,2022-11-09T20:07:02.154581+00:00
853,5393522108,40.91,0.09,sell,False,2022-11-09T20:07:02.154581+00:00
854,5393522107,41.01,0.03,sell,False,2022-11-09T20:07:02.154581+00:00
855,5393516405,41.15,0.09,sell,False,2022-11-09T20:06:36.892101+00:00
856,5393494108,41.29,0.03,sell,False,2022-11-09T20:04:36.577028+00:00
857,5393491812,41.29,0.03,sell,False,2022-11-09T20:04:21.982809+00:00
858,5393491205,41.29,1.95,sell,False,2022-11-09T20:04:17.794664+00:00
859,5393491091,41.29,1.95,sell,False,2022-11-09T20:04:17.429357+00:00
860,5393491036,41.29,1.96,sell,False,2022-11-09T20:04:16.975633+00:00
861,5393491025,41.29,0.03,sell,False,2022-11-09T20:04:16.883896+00:00
862,5393491002,41.29,1.97,sell,False,2022-11-09T20:04:16.494383+00:00
863,5393490983,41.29,0.03,sell,False,2022-11-09T20:04:16.364249+00:00
864,5393490882,41.29,0.03,sell,False,2022-11-09T20:04:15.866690+00:00
865,5393490878,41.29,1.97,sell,False,2022-11-09T20:04:15.852288+00:00
866,5393490799,41.29,0.03,sell,False,2022-11-09T20:04:15.433695+00:00
867,5393489587,41.29,1.98,sell,False,2022-11-09T20:04:09.523122+00:00
868,5393489461,41.29,1.98,sell,False,2022-11-09T20:04:09.162272+00:00
869,5393489421,41.29,1.99,sell,False,2022-11-09T20:04:08.826812+00:00
870,5393489356,41.29,2.0,sell,False,2022-11-09T20:04:08.455864+00:00
871,5393489209,41.29,2.0,sell,False,2022-11-09T20:04:08.041685+00:00
872,5393488603,41.29,0.03,sell,False,2022-11-09T20:04:05.558383+00:00
873,5393488099,41.29,2.01,sell,False,2022-11-09T20:04:01.785165+00:00
874,5393488049,41.29,2.02,sell,False,2022-11-09T20:04:01.368557+00:00
875,5393487991,41.29,2.02,sell,False,2022-11-09T20:04:01.025211+00:00
876,5393487952,41.29,2.03,sell,False,2022-11-09T20:04:00.703049+00:00
877,5393487924,41.29,2.04,sell,False,2022-11-09T20:04:00.377100+00:00
878,5393486746,41.29,2.04,sell,False,2022-11-09T20:03:54.655217+00:00
879,5393486669,41.29,2.05,sell,False,2022-11-09T20:03:54.304885+00:00
880,5393486576,41.29,2.06,sell,False,2022-11-09T20:03:53.837055+00:00
881,5393486522,41.29,2.06,sell,False,2022-11-09T20:03:53.539778+00:00
882,5393486331,41.29,1.38,sell,False,2022-11-09T20:03:53.155110+00:00
883,5393486330,41.3,0.01,sell,False,2022-11-09T20:03:53.155110+00:00
884,5393486329,41.39,0.68,sell,False,2022-11-09T20:03:53.155110+00:00
885,5393486065,41.39,0.03,sell,False,2022-11-09T20:03:52.269601+00:00
886,5393485481,41.39,0.01,buy,False,2022-11-09T20:03:48.446355+00:00
887,5393485480,41.39,0.09,buy,False,2022-11-09T20:03:48.446355+00:00
888,5393485449,41.29,0.32,sell,False,2022-11-09T20:03:48.043259+00:00
889,5393485444,41.29,0.32,sell,False,2022-11-09T20:03:48.019744+00:00
890,5393484917,41.29,2.08,sell,False,2022-11-09T20:03:45.187423+00:00
891,5393484859,41.29,2.08,sell,False,2022-11-09T20:03:44.845321+00:00
892,5393484819,41.29,2.09,sell,False,2022-11-09T20:03:44.458394+00:00
893,5393484779,41.29,1.9,sell,False,2022-11-09T20:03:44.125022+00:00
894,5393484778,41.3,0.2,sell,False,2022-11-09T20:03:44.125022+00:00
895,5393484735,41.3,2.11,sell,False,2022-11-09T20:03:43.750894+00:00
896,5393483356,41.29,0.03,sell,False,2022-11-09T20:03:37.274003+00:00
897,5393483041,41.27,1.0,buy,False,2022-11-09T20:03:35.348019+00:00
898,5393483040,41.25,0.3,buy,False,2022-11-09T20:03:35.348019+00:00
899,5393483039,41.15,0.09,buy,False,2022-11-09T20:03:35.348019+00:00
900,5393483038,40.91,0.09,buy,False,2022-11-09T20:03:35.348019+00:00
901,5393483037,40.67,0.09,buy,False,2022-11-09T20:03:35.348019+00:00
902,5393483036,40.5,0.3,buy,False,2022-11-09T20:03:35.348019+00:00
903,5393483035,40.43,0.09,buy,False,2022-11-09T20:03:35.348019+00:00
904,5393483034,40.19,0.09,buy,False,2022-11-09T20:03:35.348019+00:00
905,5393483033,39.96,0.09,buy,False,2022-11-09T20:03:35.348019+00:00
906,5393483032,39.75,0.3,buy,False,2022-11-09T20:03:35.348019+00:00
907,5393483031,39.72,0.09,buy,False,2022-11-09T20:03:35.348019+00:00
908,5393483030,39.56,0.03,buy,False,2022-11-09T20:03:35.348019+00:00
909,5393483029,39.55,1.0,buy,False,2022-11-09T20:03:35.348019+00:00
910,5393483028,39.48,0.09,buy,False,2022-11-09T20:03:35.348019+00:00
911,5393483027,39.35,0.03,buy,False,2022-11-09T20:03:35.348019+00:00
912,5393483026,39.24,0.09,buy,False,2022-11-09T20:03:35.348019+00:00
913,5393483025,39.14,0.03,buy,False,2022-11-09T20:03:35.348019+00:00
914,5393483024,39.1,0.89,buy,False,2022-11-09T20:03:35.348019+00:00
915,5393483023,39.0,0.3,buy,False,2022-11-09T20:03:35.348019+00:00
916,5393483022,39.0,0.09,buy,False,2022-11-09T20:03:35.348019+00:00
917,5393483021,38.93,0.03,buy,False,2022-11-09T20:03:35.348019+00:00
918,5393483020,38.76,0.09,buy,False,2022-11-09T20:03:35.348019+00:00
919,5393483019,38.73,0.03,buy,False,2022-11-09T20:03:35.348019+00:00
920,5393483018,38.52,0.03,buy,False,2022-11-09T20:03:35.348019+00:00
921,5393483017,38.52,0.09,buy,False,2022-11-09T20:03:35.348019+00:00
922,5393483016,38.31,0.03,buy,False,2022-11-09T20:03:35.348019+00:00
923,5393483015,38.28,0.09,buy,False,2022-11-09T20:03:35.348019+00:00
924,5393483014,38.25,0.3,buy,False,2022-11-09T20:03:35.348019+00:00
925,5393483013,38.11,0.03,buy,False,2022-11-09T20:03:35.348019+00:00
926,5393483012,38.04,0.09,buy,False,2022-11-09T20:03:35.348019+00:00
927,5393483011,37.95,2.11,buy,False,2022-11-09T20:03:35.348019+00:00
928,5393483010,37.9,0.03,buy,False,2022-11-09T20:03:35.348019+00:00
929,5393483009,37.82,2.12,buy,False,2022-11-09T20:03:35.348019+00:00
930,5393483008,37.82,1.0,buy,False,2022-11-09T20:03:35.348019+00:00
931,5393483007,37.81,0.09,buy,False,2022-11-09T20:03:35.348019+00:00
932,5393483006,37.8,27.28,buy,False,2022-11-09T20:03:35.348019+00:00
933,5393483005,37.69,2.13,buy,False,2022-11-09T20:03:35.348019+00:00
934,5393483004,37.69,0.03,buy,False,2022-11-09T20:03:35.348019+00:00
935,5393483003,37.68,0.03,buy,False,2022-11-09T20:03:35.348019+00:00
936,5393483002,37.56,0.01,buy,False,2022-11-09T20:03:35.348019+00:00
937,5393483001,37.56,2.13,buy,False,2022-11-09T20:03:35.348019+00:00
938,5393464062,37.54,2.14,sell,False,2022-11-09T20:01:59.204202+00:00
939,5393461072,37.54,2.15,sell,False,2022-11-09T20:01:45.509346+00:00
940,5393460973,37.54,2.16,sell,False,2022-11-09T20:01:45.127610+00:00
941,5393460835,37.54,2.16,sell,False,2022-11-09T20:01:44.679840+00:00
942,5393460763,37.54,2.17,sell,False,2022-11-09T20:01:44.297749+00:00
943,5393460715,37.54,1.38,sell,False,2022-11-09T20:01:43.948952+00:00
944,5393460714,37.57,0.8,sell,False,2022-11-09T20:01:43.948952+00:00
945,5393460439,37.57,0.01,buy,False,2022-11-09T20:01:42.187837+00:00
946,5393460438,37.57,0.08,buy,False,2022-11-09T20:01:42.187837+00:00
947,5393459427,37.54,2.19,sell,False,2022-11-09T20:01:37.541135+00:00
948,5393459356,37.54,2.2,sell,False,2022-11-09T20:01:37.211871+00:00
949,5393459285,37.54,2.2,sell,False,2022-11-09T20:01:36.773915+00:00
950,5393459230,37.54,2.21,sell,False,2022-11-09T20:01:36.417509+00:00
951,5393459171,37.54,2.22,sell,False,2022-11-09T20:01:35.993351+00:00
952,5393455404,37.54,2.23,sell,False,2022-11-09T20:01:19.662255+00:00
953,5393455326,37.54,2.24,sell,False,2022-11-09T20:01:19.188672+00:00
954,5393454946,37.54,2.24,sell,False,2022-11-09T20:01:17.743696+00:00
955,5393454833,37.54,2.25,sell,False,2022-11-09T20:01:17.319330+00:00
956,5393454744,37.54,2.26,sell,False,2022-11-09T20:01:16.789570+00:00
957,5393453039,37.54,0.03,sell,False,2022-11-09T20:01:10.848487+00:00
958,5393452804,37.54,0.03,sell,False,2022-11-09T20:01:10.249057+00:00
959,5393451685,37.54,0.03,sell,False,2022-11-09T20:01:06.401390+00:00
960,5393450180,37.54,2.27,sell,False,2022-11-09T20:01:00.731845+00:00
961,5393450132,37.57,0.01,buy,False,2022-11-09T20:01:00.430690+00:00
962,5393450088,37.54,2.28,sell,False,2022-11-09T20:01:00.295277+00:00
963,5393449976,37.54,2.28,sell,False,2022-11-09T20:00:59.801656+00:00
964,5393449887,37.54,2.29,sell,False,2022-11-09T20:00:59.311468+00:00
965,5393449775,37.54,2.3,sell,False,2022-11-09T20:00:58.927227+00:00
966,5393448366,37.5,0.3,buy,False,2022-11-09T20:00:51.596947+00:00
967,5393448365,37.33,0.09,buy,False,2022-11-09T20:00:51.596947+00:00
968,5393448364,37.22,3.04,buy,False,2022-11-09T20:00:51.596947+00:00
969,5393448363,37.2,30.04,buy,False,2022-11-09T20:00:51.596947+00:00
970,5393448362,37.2,30.03,buy,False,2022-11-09T20:00:51.596947+00:00
971,5393448361,37.09,0.09,buy,False,2022-11-09T20:00:51.596947+00:00
972,5393448360,37.07,0.03,buy,False,2022-11-09T20:00:51.596947+00:00
973,5393448359,36.87,3.07,buy,False,2022-11-09T20:00:51.596947+00:00
974,5393448358,36.86,0.03,buy,False,2022-11-09T20:00:51.596947+00:00
975,5393448357,36.85,0.09,buy,False,2022-11-09T20:00:51.596947+00:00
976,5393448356,36.75,0.3,buy,False,2022-11-09T20:00:51.596947+00:00
977,5393448355,36.66,0.03,buy,False,2022-11-09T20:00:51.596947+00:00
978,5393448354,36.61,0.09,buy,False,2022-11-09T20:00:51.596947+00:00
979,5393448353,36.48,0.03,buy,False,2022-11-09T20:00:51.596947+00:00
980,5393448352,36.45,0.03,buy,False,2022-11-09T20:00:51.596947+00:00
981,5393448351,36.37,0.09,buy,False,2022-11-09T20:00:51.596947+00:00
982,5393448350,36.24,0.03,buy,False,2022-11-09T20:00:51.596947+00:00
983,5393448349,36.19,23.97,buy,False,2022-11-09T20:00:51.596947+00:00
984,5393448348,36.13,0.09,buy,False,2022-11-09T20:00:51.596947+00:00
985,5393448347,36.04,0.03,buy,False,2022-11-09T20:00:51.596947+00:00
986,5393448346,35.89,0.09,buy,False,2022-11-09T20:00:51.596947+00:00
987,5393448345,35.83,0.02,buy,False,2022-11-09T20:00:51.596947+00:00
988,5393448344,35.64,12.86,buy,False,2022-11-09T20:00:51.596947+00:00
989,5393448343,35.62,1.22,buy,False,2022-11-09T20:00:51.596947+00:00
990,5393448342,35.62,0.03,buy,False,2022-11-09T20:00:51.596947+00:00
991,5393448341,35.41,0.03,buy,False,2022-11-09T20:00:51.596947+00:00
992,5393448340,35.21,0.03,buy,False,2022-11-09T20:00:51.596947+00:00
993,5393448339,34.7,2.31,buy,False,2022-11-09T20:00:51.596947+00:00
994,5393448338,34.57,2.32,buy,False,2022-11-09T20:00:51.596947+00:00
995,5393448337,34.56,2.77,buy,False,2022-11-09T20:00:51.596947+00:00
996,5393448336,34.44,2.33,buy,False,2022-11-09T20:00:51.596947+00:00
997,5393448335,34.31,2.34,buy,False,2022-11-09T20:00:51.596947+00:00
998,5393448334,34.18,2.35,buy,False,2022-11-09T20:00:51.596947+00:00
999,5393434335,34.13,2.35,sell,False,2022-11-09T19:59:55.254091+00:00
1000,5393434296,34.13,2.36,sell,False,2022-11-09T19:59:54.900544+00:00
1001,5393434244,34.13,2.37,sell,False,2022-11-09T19:59:54.536100+00:00
1002,5393434192,34.13,2.0,sell,False,2022-11-09T19:59:54.207818+00:00
1003,5393434191,34.14,0.38,sell,False,2022-11-09T19:59:54.207818+00:00
1004,5393434169,34.14,2.39,sell,False,2022-11-09T19:59:53.870045+00:00
1005,5393433485,33.4,2.4,buy,False,2022-11-09T19:59:47.579628+00:00
1006,5393433484,33.27,2.41,buy,False,2022-11-09T19:59:47.579628+00:00
1007,5393433483,33.14,2.42,buy,False,2022-11-09T19:59:47.579628+00:00
1008,5393433482,33.01,2.43,buy,False,2022-11-09T19:59:47.579628+00:00
1009,5393433481,32.88,2.44,buy,False,2022-11-09T19:59:47.579628+00:00
1010,5393433480,32.87,2.87,buy,False,2022-11-09T19:59:47.579628+00:00
1011,5393037938,32.75,2.45,buy,False,2022-11-09T19:23:40.791053+00:00
1012,5392751196,32.62,2.46,buy,False,2022-11-09T18:59:54.379068+00:00
1013,5392738530,32.52,0.03,sell,False,2022-11-09T18:58:54.425746+00:00
1014,5392736519,32.5,2.44,sell,False,2022-11-09T18:58:43.753288+00:00
1015,5392727242,32.45,2.6,sell,False,2022-11-09T18:57:58.563838+00:00
1016,5392727241,32.51,2.44,sell,False,2022-11-09T18:57:58.563838+00:00
1017,5392727043,32.51,10.38,sell,False,2022-11-09T18:57:57.374203+00:00
1018,5392727042,32.79,2.44,sell,False,2022-11-09T18:57:57.374203+00:00
1019,5391953704,32.84,0.72,buy,False,2022-11-09T18:11:12.264647+00:00
1020,5391892869,32.91,6.0,buy,False,2022-11-09T18:07:55.687994+00:00
1021,5391880517,32.8,37.66,sell,False,2022-11-09T18:07:10.270072+00:00
1022,5391880516,32.91,16.54,sell,False,2022-11-09T18:07:10.270072+00:00
1023,5391880515,32.91,0.01,sell,False,2022-11-09T18:07:10.270072+00:00
1024,5391861645,32.91,2.43,sell,False,2022-11-09T18:06:03.727169+00:00
1025,5391857168,32.92,0.01,buy,False,2022-11-09T18:05:45.750074+00:00
1026,5391844761,33.0,0.01,sell,False,2022-11-09T18:05:02.177434+00:00
1027,5391844760,33.0,0.15,sell,False,2022-11-09T18:05:02.177434+00:00
1028,5391835467,33.04,5.68,sell,False,2022-11-09T18:04:30.958467+00:00
1029,5391785289,33.04,1.0,sell,False,2022-11-09T18:01:34.595393+00:00
1030,5391698169,33.04,0.58,sell,False,2022-11-09T17:56:39.998569+00:00
1031,5390794718,33.29,2.41,buy,False,2022-11-09T16:44:34.809922+00:00
1032,5390423030,33.03,2.53,sell,False,2022-11-09T16:22:52.336271+00:00
1033,5390423029,33.03,3.46,sell,False,2022-11-09T16:22:52.336271+00:00
1034,5390423028,33.17,0.01,sell,False,2022-11-09T16:22:52.336271+00:00
1035,5390318223,33.16,2.41,buy,False,2022-11-09T16:15:51.047984+00:00
1036,5390233892,33.16,0.01,buy,False,2022-11-09T16:10:30.256245+00:00
1037,5390014607,33.03,1.65,sell,False,2022-11-09T15:59:04.205776+00:00
1038,5390003489,33.04,0.77,sell,False,2022-11-09T15:58:29.768080+00:00
1039,5389986484,33.1,0.01,sell,False,2022-11-09T15:57:44.811169+00:00
1040,5389970447,33.33,0.01,sell,False,2022-11-09T15:56:54.892199+00:00
1041,5389970446,33.33,2.4,sell,False,2022-11-09T15:56:54.892199+00:00
1042,5389385285,33.46,0.04,sell,False,2022-11-09T15:30:44.427259+00:00
1043,5389384475,33.45,2.36,buy,False,2022-11-09T15:30:38.023093+00:00
1044,5389379580,33.8,4.72,sell,False,2022-11-09T15:30:12.059484+00:00
1045,5389379418,33.81,0.01,sell,False,2022-11-09T15:30:10.567023+00:00
1046,5389085340,33.82,0.01,sell,False,2022-11-09T15:01:41.915289+00:00
1047,5388859830,33.99,2.35,buy,False,2022-11-09T14:45:54.352962+00:00
1048,5388454243,33.99,0.01,buy,False,2022-11-09T14:15:15.456578+00:00
1049,5388234386,33.89,2.02,sell,False,2022-11-09T13:52:56.549716+00:00
1050,5388093223,33.84,5.09,sell,False,2022-11-09T13:39:17.175756+00:00
1051,5388058525,33.86,0.08,sell,True,2022-11-09T13:36:27.020263+00:00
1052,5388051960,33.85,2.3,buy,False,2022-11-09T13:35:39.232162+00:00
1053,5388051515,33.85,0.03,buy,False,2022-11-09T13:35:36.377863+00:00
1054,5388051382,33.85,0.03,buy,False,2022-11-09T13:35:35.791717+00:00
1055,5388050702,35.61,2.21,buy,False,2022-11-09T13:35:32.483870+00:00
1056,5388050701,35.41,0.03,buy,False,2022-11-09T13:35:32.483870+00:00
1057,5388050700,35.21,0.02,buy,False,2022-11-09T13:35:32.483870+00:00
1058,5388050699,33.94,2.83,buy,False,2022-11-09T13:35:32.483870+00:00
1059,5388050579,33.17,5.09,sell,False,2022-11-09T13:35:32.002351+00:00
1060,5388050287,33.17,54.12,sell,False,2022-11-09T13:35:29.901045+00:00
1061,5388049946,33.2,0.01,sell,False,2022-11-09T13:35:27.942693+00:00
1062,5388049677,33.26,3.81,sell,False,2022-11-09T13:35:25.953014+00:00
1063,5388049676,33.26,3.81,sell,False,2022-11-09T13:35:25.953014+00:00
1064,5388049193,33.28,0.39,sell,False,2022-11-09T13:35:23.137785+00:00
1065,5388049192,33.28,0.35,sell,False,2022-11-09T13:35:23.137785+00:00
1066,5388048873,33.78,33.5,sell,False,2022-11-09T13:35:20.942037+00:00
1067,5388048346,33.85,18.41,sell,False,2022-11-09T13:35:18.762309+00:00
1068,5388047942,33.78,0.74,sell,False,2022-11-09T13:35:16.359981+00:00
1069,5388047456,33.69,1.62,sell,False,2022-11-09T13:35:14.040367+00:00
1070,5388046911,33.84,10.79,sell,False,2022-11-09T13:35:11.704692+00:00
1071,5388046494,33.84,1.62,sell,False,2022-11-09T13:35:08.636046+00:00
1072,5388045893,33.69,0.75,sell,False,2022-11-09T13:35:05.638170+00:00
1073,5388045572,33.28,0.04,sell,False,2022-11-09T13:35:03.503908+00:00
1074,5388045571,33.78,37.68,sell,False,2022-11-09T13:35:03.503908+00:00
1075,5388045303,33.78,0.04,sell,False,2022-11-09T13:35:02.620985+00:00
1076,5388045020,33.78,0.78,sell,False,2022-11-09T13:35:01.635043+00:00
1077,5388044627,33.3,0.01,sell,False,2022-11-09T13:34:59.577719+00:00
1078,5388044148,33.4,0.01,sell,False,2022-11-09T13:34:57.524998+00:00
1079,5388043977,33.84,20.46,sell,False,2022-11-09T13:34:56.150455+00:00
1080,5388043729,33.84,0.01,sell,False,2022-11-09T13:34:54.765213+00:00
1081,5388043285,33.43,3.58,sell,False,2022-11-09T13:34:53.333569+00:00
1082,5388042229,33.44,32.34,sell,False,2022-11-09T13:34:49.661765+00:00
1083,5388041197,33.44,3.0,sell,False,2022-11-09T13:34:47.577845+00:00
1084,5388040842,33.44,2.31,sell,False,2022-11-09T13:34:46.474518+00:00
1085,5388040841,33.5,0.01,sell,False,2022-11-09T13:34:46.474518+00:00
1086,5388040840,33.82,0.01,sell,False,2022-11-09T13:34:46.474518+00:00
1087,5388040839,33.82,17.8,sell,False,2022-11-09T13:34:46.474518+00:00
1088,5388040697,33.82,2.33,sell,False,2022-11-09T13:34:45.612505+00:00
1089,5388040308,33.56,16.26,sell,False,2022-11-09T13:34:43.584952+00:00
1090,5388040057,33.56,6.55,sell,False,2022-11-09T13:34:41.578755+00:00
1091,5388040056,33.8,16.26,sell,False,2022-11-09T13:34:41.578755+00:00
1092,5388039552,33.56,38.82,sell,False,2022-11-09T13:34:37.600235+00:00
1093,5388039376,33.6,0.01,sell,False,2022-11-09T13:34:36.223483+00:00
1094,5388039141,33.61,0.7,sell,False,2022-11-09T13:34:34.246592+00:00
1095,5388038905,33.62,44.56,sell,False,2022-11-09T13:34:32.574331+00:00
1096,5388038671,33.7,0.01,sell,False,2022-11-09T13:34:31.152224+00:00
1097,5388038512,33.71,31.15,sell,False,2022-11-09T13:34:29.874361+00:00
1098,5388038375,33.73,3.65,sell,False,2022-11-09T13:34:28.516681+00:00
1099,5388038374,33.73,3.65,sell,False,2022-11-09T13:34:28.516681+00:00
1100,5388038071,33.75,0.37,sell,False,2022-11-09T13:34:27.090281+00:00
1101,5388038070,33.75,0.37,sell,False,2022-11-09T13:34:27.090281+00:00
1102,5388037938,34.47,0.01,buy,False,2022-11-09T13:34:25.944404+00:00
1103,5388037872,33.78,19.09,sell,False,2022-11-09T13:34:25.419950+00:00
1104,5388037643,33.79,2.81,sell,False,2022-11-09T13:34:24.028790+00:00
1105,5388037301,33.8,0.01,sell,False,2022-11-09T13:34:22.020675+00:00
1106,5388036942,33.86,3.43,sell,False,2022-11-09T13:34:19.998442+00:00
1107,5388036695,33.9,0.01,sell,False,2022-11-09T13:34:18.713193+00:00
1108,5388036421,34.15,3.06,sell,False,2022-11-09T13:34:17.190677+00:00
1109,5386876730,34.48,0.01,buy,False,2022-11-09T12:19:59.920377+00:00
1110,5386736950,34.15,1.61,sell,False,2022-11-09T12:11:21.650627+00:00
1111,5386253339,34.34,4.71,sell,False,2022-11-09T11:35:25.080118+00:00
1112,5386211374,34.3,10.39,sell,False,2022-11-09T11:31:44.402550+00:00
1113,5386211373,34.39,14.38,sell,False,2022-11-09T11:31:44.402550+00:00
1114,5386001389,34.34,2.33,buy,False,2022-11-09T11:15:19.274101+00:00
1115,5385966593,34.22,8.77,buy,False,2022-11-09T11:12:51.365081+00:00
1116,5385421163,34.2,17.24,buy,False,2022-11-09T10:34:04.416150+00:00
1117,5385235727,34.2,0.01,buy,False,2022-11-09T10:24:45.779830+00:00
1118,5385128315,34.14,17.25,sell,False,2022-11-09T10:19:40.559106+00:00
1119,5385046065,34.12,2.0,sell,False,2022-11-09T10:15:46.103871+00:00
1120,5384679585,34.21,2.34,sell,False,2022-11-09T09:57:03.077677+00:00
1121,5384657684,34.63,0.01,buy,False,2022-11-09T09:55:45.580488+00:00
1122,5384656086,34.16,4.87,sell,False,2022-11-09T09:55:41.695268+00:00
1123,5384656085,34.24,20.48,sell,False,2022-11-09T09:55:41.695268+00:00
1124,5384656084,34.31,4.65,sell,False,2022-11-09T09:55:41.695268+00:00
1125,5383304911,34.64,0.01,buy,False,2022-11-09T08:29:30.275754+00:00
1126,5383117747,34.42,9.43,sell,False,2022-11-09T08:15:38.340779+00:00
1127,5383117746,34.49,17.39,sell,False,2022-11-09T08:15:38.340779+00:00
1128,5382881559,34.5,2.31,buy,False,2022-11-09T08:01:16.374855+00:00
1129,5381836835,34.5,0.01,buy,False,2022-11-09T06:34:15.039668+00:00
1130,5381736160,34.29,1.31,sell,False,2022-11-09T06:24:56.919331+00:00
1131,5381736159,34.39,18.23,sell,False,2022-11-09T06:24:56.919331+00:00
1132,5381732465,34.39,17.67,sell,False,2022-11-09T06:24:33.706534+00:00
1133,5381718060,34.38,14.61,sell,False,2022-11-09T06:23:18.276589+00:00
1134,5381714504,34.39,18.78,sell,False,2022-11-09T06:22:49.971950+00:00
1135,5381710597,34.36,1.82,buy,False,2022-11-09T06:22:30.841449+00:00
1136,5381710582,34.38,16.51,sell,False,2022-11-09T06:22:30.714624+00:00
1137,5381709224,34.36,4.72,buy,False,2022-11-09T06:22:22.401575+00:00
1138,5381709222,34.38,13.61,sell,False,2022-11-09T06:22:22.340819+00:00
1139,5381704979,34.37,2.33,sell,False,2022-11-09T06:22:02.256430+00:00
1140,5381700615,34.36,7.95,buy,False,2022-11-09T06:21:36.477753+00:00
1141,5381700596,34.36,20.39,sell,False,2022-11-09T06:21:36.412614+00:00
1142,5381696955,34.37,13.25,sell,False,2022-11-09T06:21:15.524203+00:00
1143,5381696954,34.4,2.31,sell,False,2022-11-09T06:21:15.524203+00:00
1144,5380762654,34.52,2.31,buy,False,2022-11-09T05:10:55.195019+00:00
1145,5380752537,34.0,94.01,buy,False,2022-11-09T05:10:07.512661+00:00
1146,5380752508,34.0,2.94,sell,False,2022-11-09T05:10:07.332648+00:00
1147,5380752507,34.0,0.01,sell,False,2022-11-09T05:10:07.332648+00:00
1148,5380752506,34.01,0.29,sell,False,2022-11-09T05:10:07.332648+00:00
1149,5380752505,34.09,106.61,sell,False,2022-11-09T05:10:07.332648+00:00
1150,5380752504,34.19,83.34,sell,False,2022-11-09T05:10:07.332648+00:00
1151,5380752503,34.3,82.02,sell,False,2022-11-09T05:10:07.332648+00:00
1152,5380752502,34.38,62.79,sell,False,2022-11-09T05:10:07.332648+00:00
1153,5380752501,34.43,6.95,sell,False,2022-11-09T05:10:07.332648+00:00
1154,5380752500,34.56,34.87,sell,False,2022-11-09T05:10:07.332648+00:00
1155,5380752499,34.64,16.61,sell,False,2022-11-09T05:10:07.332648+00:00
1156,5380638338,34.79,0.01,buy,False,2022-11-09T05:01:08.262676+00:00
1157,5380410591,34.8,0.01,buy,False,2022-11-09T04:39:00.898638+00:00
1158,5380173657,34.51,6.96,sell,False,2022-11-09T04:16:25.950061+00:00
1159,5379334538,34.64,11.13,sell,False,2022-11-09T03:00:00.898634+00:00
1160,5379146063,34.8,0.01,buy,False,2022-11-09T02:43:45.975585+00:00
1161,5378878094,34.7,1.0,buy,False,2022-11-09T02:17:40.801990+00:00
1162,5378408384,34.69,2.3,buy,False,2022-11-09T01:31:24.539963+00:00
1163,5377949302,34.69,0.01,buy,False,2022-11-09T00:48:30.161700+00:00
1164,5377309604,34.48,6.25,sell,False,2022-11-08T23:52:47.646711+00:00
1165,5377309603,34.58,18.29,sell,False,2022-11-08T23:52:47.646711+00:00
1166,5377309602,34.59,2.85,sell,False,2022-11-08T23:52:47.646711+00:00
1167,5376751640,34.55,2.32,buy,False,2022-11-08T23:15:15.685047+00:00
1168,5376750821,34.53,7.04,buy,False,2022-11-08T23:15:11.240842+00:00
1169,5376750755,34.53,21.01,buy,False,2022-11-08T23:15:10.706879+00:00
1170,5376750706,34.53,20.23,buy,False,2022-11-08T23:15:10.165160+00:00
1171,5376750618,34.53,21.68,buy,False,2022-11-08T23:15:09.633564+00:00
1172,5376750488,34.53,18.82,buy,False,2022-11-08T23:15:09.101243+00:00
1173,5376716206,34.53,21.38,buy,False,2022-11-08T23:12:06.462143+00:00
1174,5376715750,34.53,22.43,buy,False,2022-11-08T23:12:03.778631+00:00
1175,5376715223,34.53,28.46,buy,False,2022-11-08T23:12:00.170941+00:00
1176,5376714907,34.53,26.79,buy,False,2022-11-08T23:11:57.584913+00:00
1177,5376714739,34.53,22.16,buy,False,2022-11-08T23:11:57.034042+00:00
1178,5376714619,34.53,23.21,buy,False,2022-11-08T23:11:56.498208+00:00
1179,5376714456,34.53,20.07,buy,False,2022-11-08T23:11:55.962709+00:00
1180,5376714312,34.53,19.39,buy,False,2022-11-08T23:11:55.416305+00:00
1181,5376714251,34.53,21.16,buy,False,2022-11-08T23:11:54.878167+00:00
1182,5376661383,34.51,5.02,sell,False,2022-11-08T23:07:16.505940+00:00
1183,5376540924,34.53,106.71,buy,False,2022-11-08T23:00:05.291893+00:00
1184,5376540214,34.53,125.86,buy,False,2022-11-08T23:00:02.103666+00:00
1185,5376540213,34.52,2.85,buy,False,2022-11-08T23:00:02.103666+00:00
1186,5376523362,34.42,2.32,sell,False,2022-11-08T22:59:04.572323+00:00
1187,5376506520,34.53,14.18,sell,False,2022-11-08T22:58:07.816215+00:00
1188,5376444672,35.21,0.01,buy,False,2022-11-08T22:53:15.800063+00:00
1189,5376334957,34.53,4.34,sell,False,2022-11-08T22:43:14.889592+00:00
1190,5376334956,34.54,2.85,sell,False,2022-11-08T22:43:14.889592+00:00
1191,5376334955,35.0,0.03,sell,False,2022-11-08T22:43:14.889592+00:00
1192,5375996282,35.25,10.11,buy,False,2022-11-08T22:13:58.580686+00:00
1193,5375996281,35.21,0.03,buy,False,2022-11-08T22:13:58.580686+00:00
1194,5375996280,35.15,17.9,buy,False,2022-11-08T22:13:58.580686+00:00
1195,5375996279,35.13,2.28,buy,False,2022-11-08T22:13:58.580686+00:00
1196,5375996278,34.99,2.28,buy,False,2022-11-08T22:13:58.580686+00:00
1197,5375996277,34.98,2.82,buy,False,2022-11-08T22:13:58.580686+00:00
1198,5375638694,34.99,0.01,buy,False,2022-11-08T21:51:45.510633+00:00
1199,5374876954,34.9,2.65,sell,False,2022-11-08T21:07:07.847645+00:00
1200,5374876281,34.9,4.25,sell,False,2022-11-08T21:07:05.718607+00:00
1201,5374875679,34.9,3.07,sell,False,2022-11-08T21:07:03.408012+00:00
1202,5374874421,34.9,0.07,sell,False,2022-11-08T21:06:58.518406+00:00
1203,5374632168,34.77,0.01,sell,False,2022-11-08T20:52:59.831689+00:00
1204,5374230201,34.86,2.3,buy,False,2022-11-08T20:31:41.533072+00:00
1205,5374201221,34.72,2.31,buy,False,2022-11-08T20:30:35.437798+00:00
1206,5373956056,34.5,2.33,sell,False,2022-11-08T20:19:25.264370+00:00
1207,5373899012,34.58,2.31,buy,False,2022-11-08T20:17:11.196665+00:00
1208,5373281315,34.58,0.01,buy,False,2022-11-08T19:56:30.437406+00:00
1209,5373024359,34.45,2.33,buy,False,2022-11-08T19:47:59.777082+00:00
1210,5372648065,34.31,2.34,buy,False,2022-11-08T19:37:53.999381+00:00
1211,5372590914,34.13,0.03,sell,False,2022-11-08T19:36:32.645315+00:00
1212,5372579677,34.18,2.32,sell,False,2022-11-08T19:36:18.438730+00:00
1213,5372228071,34.1,0.75,sell,True,2022-11-08T19:31:22.778583+00:00
1214,5372228070,34.1,0.01,sell,True,2022-11-08T19:31:22.778583+00:00
1215,5372173545,34.17,12.14,sell,True,2022-11-08T19:30:43.149927+00:00
1216,5372133454,34.16,1.51,sell,True,2022-11-08T19:30:05.533694+00:00
1217,5372123439,34.16,0.82,sell,False,2022-11-08T19:29:58.600495+00:00
1218,5372123438,34.2,11.21,sell,False,2022-11-08T19:29:58.600495+00:00
1219,5371924698,34.28,7.63,sell,True,2022-11-08T19:26:33.204677+00:00
1220,5371917053,34.28,2.33,buy,False,2022-11-08T19:26:25.957527+00:00
1221,5371797866,34.48,2.32,sell,True,2022-11-08T19:24:24.850770+00:00
1222,5371493817,34.56,34.49,sell,False,2022-11-08T19:15:44.537067+00:00
1223,5371493816,34.61,17.89,sell,False,2022-11-08T19:15:44.537067+00:00
1224,5371357934,34.62,13.24,sell,False,2022-11-08T19:11:47.738295+00:00
1225,5371312911,34.63,0.03,sell,False,2022-11-08T19:10:32.604608+00:00
1226,5371312046,34.6,2.29,buy,False,2022-11-08T19:10:30.545539+00:00
1227,5371285272,35.0,18.63,sell,False,2022-11-08T19:09:36.783973+00:00
1228,5369659226,35.0,15.61,sell,False,2022-11-08T18:21:14.223996+00:00
1229,5369659225,35.0,0.03,sell,False,2022-11-08T18:21:14.223996+00:00
1230,5369659224,35.21,0.03,sell,False,2022-11-08T18:21:14.223996+00:00
1231,5369105600,35.35,20.0,sell,True,2022-11-08T18:09:43.351190+00:00
1232,5369105599,35.36,1.85,sell,True,2022-11-08T18:09:43.351190+00:00
1233,5369097418,35.41,0.03,sell,True,2022-11-08T18:09:34.962377+00:00
1234,5368634049,35.83,0.01,buy,False,2022-11-08T18:01:14.872381+00:00
1235,5368551472,35.7,1.0,sell,False,2022-11-08T17:58:53.905309+00:00
1236,5368274336,35.62,0.03,sell,False,2022-11-08T17:52:27.935847+00:00
1237,5368235591,35.66,0.09,sell,False,2022-11-08T17:51:28.372239+00:00
1238,5368175542,35.7,10.96,sell,False,2022-11-08T17:48:35.793668+00:00
1239,5368172363,35.71,13.07,sell,False,2022-11-08T17:48:28.969897+00:00
1240,5368171035,35.72,11.08,sell,False,2022-11-08T17:48:24.913369+00:00
1241,5368166181,35.73,20.08,sell,False,2022-11-08T17:48:12.541702+00:00
1242,5368142040,35.75,13.03,sell,False,2022-11-08T17:47:34.380922+00:00
1243,5368135422,35.77,11.39,sell,False,2022-11-08T17:47:25.841773+00:00
1244,5368134369,35.78,13.98,sell,False,2022-11-08T17:47:24.075880+00:00
1245,5368128721,35.78,18.44,sell,False,2022-11-08T17:47:08.543941+00:00
1246,5368118363,35.77,1.8,sell,False,2022-11-08T17:46:36.804303+00:00
1247,5368111858,35.77,16.69,sell,False,2022-11-08T17:46:17.278107+00:00
1248,5368105310,35.73,11.06,sell,False,2022-11-08T17:45:57.316974+00:00
1249,5368022451,35.7,20.0,sell,False,2022-11-08T17:42:24.222983+00:00
1250,5367804020,35.77,60.84,sell,False,2022-11-08T17:32:22.504600+00:00
1251,5367412695,35.72,1.1,sell,False,2022-11-08T17:20:20.769819+00:00
1252,5367301385,35.83,0.03,sell,False,2022-11-08T17:15:49.235658+00:00
1253,5367103084,36.04,0.03,buy,False,2022-11-08T17:07:20.649196+00:00
1254,5366923587,35.71,0.97,sell,False,2022-11-08T17:01:28.748665+00:00
1255,5366923586,35.83,0.03,sell,False,2022-11-08T17:01:28.748665+00:00
1256,5366462629,36.08,1.12,sell,False,2022-11-08T16:42:16.637687+00:00
1257,5366373336,36.09,2.22,buy,False,2022-11-08T16:38:35.379245+00:00
1258,5366358588,36.05,20.0,buy,False,2022-11-08T16:38:00.645288+00:00
1259,5366358139,36.04,0.03,buy,False,2022-11-08T16:37:59.351404+00:00
1260,5366171492,35.95,2.23,buy,False,2022-11-08T16:32:52.641507+00:00
1261,5366135915,35.89,0.09,buy,False,2022-11-08T16:32:22.250191+00:00
1262,5366048018,35.83,0.03,buy,False,2022-11-08T16:30:07.924062+00:00
1263,5366046923,35.81,2.24,buy,False,2022-11-08T16:30:06.436315+00:00
1264,5365846625,35.7,20.0,buy,False,2022-11-08T16:23:27.359474+00:00
1265,5365837868,35.68,2.25,buy,False,2022-11-08T16:23:14.015645+00:00
1266,5365807346,35.62,0.03,buy,False,2022-11-08T16:22:18.237920+00:00
1267,5365582648,35.54,2.26,buy,False,2022-11-08T16:15:52.833360+00:00
1268,5365532909,35.42,44.83,sell,False,2022-11-08T16:14:45.976632+00:00
1269,5365532908,35.47,15.17,sell,False,2022-11-08T16:14:45.976632+00:00
1270,5365423226,35.41,0.03,buy,False,2022-11-08T16:12:53.027824+00:00
1271,5365401961,35.4,2.26,buy,False,2022-11-08T16:12:32.462490+00:00
1272,5365245155,35.35,20.0,buy,False,2022-11-08T16:09:54.788163+00:00
1273,5365215306,35.27,2.27,buy,False,2022-11-08T16:09:32.463330+00:00
1274,5365087323,35.21,0.03,buy,False,2022-11-08T16:07:19.893681+00:00
1275,5364999917,35.16,0.01,buy,False,2022-11-08T16:06:00.208136+00:00
1276,5364901551,35.13,2.28,buy,False,2022-11-08T16:04:19.622311+00:00
1277,5364806961,34.93,3.0,sell,False,2022-11-08T16:01:53.454289+00:00
1278,5364709070,34.99,2.29,buy,False,2022-11-08T15:57:14.430820+00:00
1279,5364357059,34.86,2.3,buy,False,2022-11-08T15:32:11.821973+00:00
1280,5364017397,34.56,71.0,sell,False,2022-11-08T15:11:25.418155+00:00
1281,5363998830,34.52,15.57,sell,False,2022-11-08T15:10:04.062585+00:00
1282,5363984859,34.49,16.16,sell,False,2022-11-08T15:08:53.709899+00:00
1283,5363982519,34.54,12.31,sell,False,2022-11-08T15:08:40.930056+00:00
1284,5363960079,34.77,15.83,sell,False,2022-11-08T15:07:08.893892+00:00
1285,5363883124,34.66,9.62,sell,False,2022-11-08T15:02:26.597921+00:00
1286,5363883063,34.66,6.09,sell,False,2022-11-08T15:02:26.548072+00:00
1287,5363860041,34.56,339.11,sell,False,2022-11-08T15:01:01.804577+00:00
1288,5363849501,34.47,20.49,sell,False,2022-11-08T15:00:11.575001+00:00
1289,5363846008,34.5,10.65,sell,False,2022-11-08T15:00:00.111360+00:00
1290,5363842673,34.52,20.24,sell,False,2022-11-08T14:59:49.089184+00:00
1291,5363841588,34.54,17.89,sell,False,2022-11-08T14:59:46.034938+00:00
1292,5363835705,34.55,356.08,sell,False,2022-11-08T14:59:17.858332+00:00
1293,5363835703,34.56,13.91,sell,False,2022-11-08T14:59:17.836115+00:00
1294,5363829745,34.45,239.74,buy,False,2022-11-08T14:58:51.518798+00:00
1295,5363824964,34.45,204.74,buy,False,2022-11-08T14:58:35.935769+00:00
1296,5363822988,34.45,92.8,buy,False,2022-11-08T14:58:26.933230+00:00
1297,5363821581,34.45,70.57,buy,False,2022-11-08T14:58:19.447163+00:00
1298,5363819607,34.45,85.9,buy,False,2022-11-08T14:58:12.644152+00:00
1299,5363819397,34.45,33.28,buy,False,2022-11-08T14:58:12.014366+00:00
1300,5363819278,34.45,34.27,buy,False,2022-11-08T14:58:11.432250+00:00
1301,5363813693,34.44,15.75,sell,False,2022-11-08T14:57:48.478747+00:00
1302,5363811742,34.45,20.88,buy,False,2022-11-08T14:57:41.475586+00:00
1303,5363809152,34.45,79.47,buy,False,2022-11-08T14:57:33.229982+00:00
1304,5363808273,34.45,36.04,buy,False,2022-11-08T14:57:29.022588+00:00
1305,5363806491,34.45,71.04,buy,False,2022-11-08T14:57:21.351579+00:00
1306,5363806490,34.44,2.88,buy,False,2022-11-08T14:57:21.351579+00:00
1307,5363800048,34.45,40.9,buy,False,2022-11-08T14:56:57.148791+00:00
1308,5363800045,34.45,100.0,buy,False,2022-11-08T14:56:57.139773+00:00
1309,5363800043,34.45,100.0,buy,False,2022-11-08T14:56:57.117990+00:00
1310,5363799933,34.45,168.15,buy,False,2022-11-08T14:56:56.582822+00:00
1311,5363799894,34.45,851.78,sell,False,2022-11-08T14:56:56.398579+00:00
1312,5363799893,34.46,413.98,sell,False,2022-11-08T14:56:56.398579+00:00
1313,5363731046,34.72,2.31,buy,False,2022-11-08T14:53:11.403291+00:00
1314,5363708355,34.58,2.32,buy,False,2022-11-08T14:52:17.631933+00:00
1315,5363681372,34.45,2.33,buy,False,2022-11-08T14:51:23.403876+00:00
1316,5363624210,34.31,2.34,buy,False,2022-11-08T14:49:04.116671+00:00
1317,5363590085,34.14,3.47,sell,False,2022-11-08T14:47:11.611304+00:00
1318,5363579920,34.18,0.01,sell,False,2022-11-08T14:46:27.832565+00:00
1319,5363579861,34.18,0.01,sell,False,2022-11-08T14:46:27.504604+00:00
1320,5363579694,34.18,0.02,sell,False,2022-11-08T14:46:26.998977+00:00
1321,5363579569,34.18,0.04,sell,False,2022-11-08T14:46:26.614269+00:00
1322,5363579460,34.18,0.07,sell,False,2022-11-08T14:46:26.352253+00:00
1323,5363579415,34.18,0.15,sell,False,2022-11-08T14:46:25.961312+00:00
1324,5363579405,34.18,0.29,sell,False,2022-11-08T14:46:25.673799+00:00
1325,5363579288,34.18,0.58,sell,False,2022-11-08T14:46:24.935608+00:00
1326,5363579210,34.18,1.16,sell,False,2022-11-08T14:46:24.543010+00:00
1327,5363579152,34.18,1.17,sell,False,2022-11-08T14:46:23.962655+00:00
1328,5363579151,34.18,1.16,sell,False,2022-11-08T14:46:23.962655+00:00
1329,5363578900,34.18,2.34,sell,False,2022-11-08T14:46:22.580681+00:00
1330,5363573876,34.2,0.01,sell,False,2022-11-08T14:46:02.324670+00:00
1331,5363572780,34.21,0.03,sell,False,2022-11-08T14:45:58.854765+00:00
1332,5363572741,34.21,0.02,sell,False,2022-11-08T14:45:58.732272+00:00
1333,5363572520,34.21,0.04,sell,False,2022-11-08T14:45:58.234104+00:00
1334,5363572328,34.21,0.09,sell,False,2022-11-08T14:45:57.585309+00:00
1335,5363572177,34.21,0.17,sell,False,2022-11-08T14:45:57.174802+00:00
1336,5363571982,34.21,0.35,sell,False,2022-11-08T14:45:56.692628+00:00
1337,5363567049,34.28,2.69,sell,False,2022-11-08T14:45:40.299304+00:00
1338,5363566886,34.28,0.06,sell,False,2022-11-08T14:45:39.329631+00:00
1339,5363566838,34.28,0.06,sell,False,2022-11-08T14:45:39.124153+00:00
1340,5363566785,34.28,0.06,sell,False,2022-11-08T14:45:38.911227+00:00
1341,5363566757,34.28,0.06,sell,False,2022-11-08T14:45:38.717944+00:00
1342,5363566719,34.28,0.06,sell,False,2022-11-08T14:45:38.512389+00:00
1343,5363566667,34.28,0.06,sell,False,2022-11-08T14:45:38.309805+00:00
1344,5363566635,34.28,0.06,sell,False,2022-11-08T14:45:38.098395+00:00
1345,5363566608,34.28,0.06,sell,False,2022-11-08T14:45:37.875098+00:00
1346,5363566544,34.28,0.06,sell,False,2022-11-08T14:45:37.555650+00:00
1347,5363566486,34.28,0.06,sell,False,2022-11-08T14:45:37.309219+00:00
1348,5363566389,34.29,2.87,sell,False,2022-11-08T14:45:36.995116+00:00
1349,5363566370,34.29,0.06,sell,False,2022-11-08T14:45:36.895920+00:00
1350,5363566330,34.29,0.06,sell,False,2022-11-08T14:45:36.692120+00:00
1351,5363566292,34.29,0.06,sell,False,2022-11-08T14:45:36.477602+00:00
1352,5363566256,34.29,0.06,sell,False,2022-11-08T14:45:36.253574+00:00
1353,5363566188,34.29,0.06,sell,False,2022-11-08T14:45:36.041994+00:00
1354,5363566119,34.29,0.06,sell,False,2022-11-08T14:45:35.812634+00:00
1355,5363566069,34.29,0.06,sell,False,2022-11-08T14:45:35.606967+00:00
1356,5363566017,34.3,0.01,sell,False,2022-11-08T14:45:35.351878+00:00
1357,5363565954,34.32,2.2,sell,False,2022-11-08T14:45:35.072451+00:00
1358,5363565953,34.32,0.06,sell,False,2022-11-08T14:45:35.070477+00:00
1359,5363565881,34.32,0.06,sell,False,2022-11-08T14:45:34.853710+00:00
1360,5363502949,34.44,2.32,buy,False,2022-11-08T14:42:33.790825+00:00
1361,5363472482,34.55,3.28,sell,False,2022-11-08T14:41:30.563548+00:00
1362,5363472475,34.55,0.06,sell,False,2022-11-08T14:41:30.539764+00:00
1363,5363471706,34.55,0.06,sell,False,2022-11-08T14:41:28.357805+00:00
1364,5363468438,34.55,3.4,sell,False,2022-11-08T14:41:18.884105+00:00
1365,5363466344,34.55,0.06,sell,False,2022-11-08T14:41:14.278190+00:00
1366,5363466246,34.55,0.06,sell,False,2022-11-08T14:41:14.028472+00:00
1367,5363322756,34.78,10.93,buy,False,2022-11-08T14:35:31.982266+00:00
1368,5363313812,34.65,0.62,sell,False,2022-11-08T14:34:55.856369+00:00
1369,5363275904,34.81,2.3,buy,False,2022-11-08T14:32:22.355981+00:00
1370,5363272209,34.67,2.31,buy,False,2022-11-08T14:32:04.369053+00:00
1371,5363269020,34.53,2.11,buy,False,2022-11-08T14:31:47.528611+00:00
1372,5363269009,34.53,0.2,sell,False,2022-11-08T14:31:47.441685+00:00
1373,5363261009,34.66,0.29,sell,False,2022-11-08T14:31:13.337229+00:00
1374,5363256710,34.81,2.0,sell,False,2022-11-08T14:30:54.836659+00:00
1375,5363256705,34.81,5.48,sell,False,2022-11-08T14:30:54.812603+00:00
1376,5363256704,34.81,2.0,sell,False,2022-11-08T14:30:54.809054+00:00
1377,5363256703,34.81,2.0,sell,False,2022-11-08T14:30:54.808961+00:00
1378,5363015153,35.0,0.03,sell,False,2022-11-08T14:15:51.371902+00:00
1379,5362956344,35.34,0.01,buy,False,2022-11-08T14:10:45.624893+00:00
1380,5362556875,35.21,0.03,buy,False,2022-11-08T13:42:43.033766+00:00
1381,5362362464,35.0,0.03,sell,False,2022-11-08T13:16:51.446934+00:00
1382,5362086366,35.2,2.0,buy,False,2022-11-08T12:40:03.742087+00:00
1383,5362070351,35.2,5.5,buy,False,2022-11-08T12:38:40.534587+00:00
1384,5361987528,35.21,2.0,buy,False,2022-11-08T12:27:41.179123+00:00
1385,5361911165,35.34,0.01,buy,False,2022-11-08T12:15:31.159315+00:00
1386,5361897869,35.18,15.5,buy,False,2022-11-08T12:14:05.552617+00:00
1387,5361856518,35.18,0.5,buy,False,2022-11-08T12:09:00.000921+00:00
1388,5361855926,35.18,0.5,buy,False,2022-11-08T12:08:55.739504+00:00
1389,5361607478,35.21,0.03,buy,False,2022-11-08T11:39:02.559780+00:00
1390,5361426374,35.07,14.7,buy,False,2022-11-08T11:18:31.912939+00:00
1391,5361186929,35.0,2.73,sell,False,2022-11-08T10:59:10.244820+00:00
1392,5361186928,35.0,0.03,sell,False,2022-11-08T10:59:10.244820+00:00
1393,5361020304,35.21,2.28,buy,False,2022-11-08T10:39:47.715376+00:00
1394,5361020303,35.21,0.02,buy,False,2022-11-08T10:39:47.715376+00:00
1395,5360962789,35.12,2.5,buy,False,2022-11-08T10:32:02.070484+00:00
1396,5360939241,34.96,0.04,buy,False,2022-11-08T10:29:41.147912+00:00
1397,5360939236,34.96,0.51,sell,False,2022-11-08T10:29:41.067645+00:00
1398,5360850347,35.2,0.5,buy,False,2022-11-08T10:20:47.971264+00:00
1399,5360845759,35.2,0.01,buy,False,2022-11-08T10:20:15.788746+00:00
1400,5360687194,35.07,3.5,buy,False,2022-11-08T10:01:46.649884+00:00
1401,5360658210,35.06,7.5,buy,False,2022-11-08T09:58:04.357741+00:00
1402,5360419013,35.07,2.29,buy,False,2022-11-08T09:33:27.213291+00:00
1403,5360348860,34.93,2.3,buy,False,2022-11-08T09:27:06.880595+00:00
1404,5360242511,34.77,13.28,buy,False,2022-11-08T09:15:58.654226+00:00
1405,5360223029,34.78,15.06,buy,False,2022-11-08T09:13:25.391297+00:00
1406,5360150508,34.74,3.5,buy,False,2022-11-08T09:06:14.474643+00:00
1407,5360102555,34.73,18.0,buy,False,2022-11-08T09:01:26.198176+00:00
1408,5360086424,34.79,2.28,buy,False,2022-11-08T09:00:00.233885+00:00
1409,5359727182,34.79,0.01,buy,False,2022-11-08T08:25:00.747889+00:00
1410,5358860694,34.61,9.28,buy,False,2022-11-08T07:11:37.343001+00:00
1411,5358860542,34.61,25.61,buy,False,2022-11-08T07:11:36.329332+00:00
1412,5358860486,34.61,26.16,buy,False,2022-11-08T07:11:35.792347+00:00
1413,5358860440,34.61,24.78,buy,False,2022-11-08T07:11:35.248640+00:00
1414,5358860397,34.61,26.28,buy,False,2022-11-08T07:11:34.714086+00:00
1415,5358860384,34.62,14.11,sell,False,2022-11-08T07:11:34.633553+00:00
1416,5358221932,34.79,0.01,buy,False,2022-11-08T06:29:45.452300+00:00
