,id,price,size,side,liquidation,time
0,5400840530,24.0,0.2,sell,False,2022-11-10T08:45:04.837218+00:00
1,5400833195,24.0,366.3,sell,False,2022-11-10T08:44:21.453584+00:00
2,5400833194,24.0625,0.4,sell,False,2022-11-10T08:44:21.453584+00:00
3,5400833193,25.0,33.3,sell,False,2022-11-10T08:44:21.453584+00:00
4,5400831265,25.0,66.7,sell,False,2022-11-10T08:44:07.609948+00:00
5,5400831264,26.0,33.3,sell,False,2022-11-10T08:44:07.609948+00:00
6,5400786947,26.0,1.0,sell,False,2022-11-10T08:39:08.881242+00:00
7,5400628177,26.0,10.2,sell,False,2022-11-10T08:18:07.092685+00:00
8,5400571994,26.0,55.5,sell,False,2022-11-10T08:11:07.006303+00:00
9,5400563208,27.0,100.0,sell,False,2022-11-10T08:10:02.758601+00:00
10,5400538485,28.0,97.5,sell,False,2022-11-10T08:07:09.262375+00:00
11,5400201103,28.0,0.4,sell,False,2022-11-10T07:25:07.896111+00:00
12,5400140065,32.0,3.3,buy,False,2022-11-10T07:18:13.174227+00:00
13,5400132444,32.0,0.1,buy,False,2022-11-10T07:17:29.524750+00:00
14,5399959131,28.0,2.1,sell,False,2022-11-10T06:58:51.261691+00:00
15,5399959130,29.0,87.9,sell,False,2022-11-10T06:58:51.261691+00:00
16,5399894729,29.0,1.0,sell,False,2022-11-10T06:51:00.156551+00:00
17,5399866314,29.72,0.9,buy,False,2022-11-10T06:47:13.658846+00:00
18,5399833291,29.0,3.4,sell,False,2022-11-10T06:43:27.304252+00:00
19,5399778719,29.0,7.7,sell,False,2022-11-10T06:39:05.465991+00:00
20,5399776464,29.12,0.9,sell,False,2022-11-10T06:38:55.345936+00:00
21,5399774780,29.42,0.9,sell,False,2022-11-10T06:38:46.637334+00:00
22,5399769810,29.72,0.9,sell,False,2022-11-10T06:38:28.872708+00:00
23,5399738005,30.0,0.7,buy,False,2022-11-10T06:36:19.055619+00:00
24,5399728271,30.0,16.2,sell,False,2022-11-10T06:35:17.420723+00:00
25,5399705000,33.5,63.6,buy,False,2022-11-10T06:31:59.383443+00:00
26,5399704999,33.5,17.3,buy,False,2022-11-10T06:31:59.383443+00:00
27,5399538589,30.0,83.8,sell,False,2022-11-10T06:12:26.383749+00:00
28,5399535651,30.5775,24.2,sell,False,2022-11-10T06:11:58.751652+00:00
29,5399371856,30.5775,8.0,sell,False,2022-11-10T05:46:46.565469+00:00
30,5399341097,30.5775,10.0,sell,False,2022-11-10T05:40:20.141887+00:00
31,5399341096,34.0,0.4,sell,False,2022-11-10T05:40:20.141887+00:00
32,5399339725,34.0,2.5,sell,False,2022-11-10T05:40:00.120658+00:00
33,5399339724,34.005,2.9,sell,False,2022-11-10T05:40:00.120658+00:00
34,5399338668,34.0075,2.9,sell,False,2022-11-10T05:39:43.349762+00:00
35,5399338667,34.01,1.3,sell,False,2022-11-10T05:39:43.349762+00:00
36,5399337940,34.01,1.6,sell,False,2022-11-10T05:39:30.928756+00:00
37,5399337939,34.1,2.9,sell,False,2022-11-10T05:39:30.928756+00:00
38,5399337938,34.1025,1.9,sell,False,2022-11-10T05:39:30.928756+00:00
39,5399335831,34.1025,3.5,sell,False,2022-11-10T05:39:06.852278+00:00
40,5399335356,35.0,2.7,sell,False,2022-11-10T05:39:00.403574+00:00
41,5399334239,35.0,0.1,sell,False,2022-11-10T05:38:49.143092+00:00
42,5399314811,30.58,3.7,sell,False,2022-11-10T05:35:06.426137+00:00
43,5399263664,30.58,2.8,sell,False,2022-11-10T05:27:42.089745+00:00
44,5399036253,39.7975,0.7,buy,True,2022-11-10T05:06:07.666813+00:00
45,5399021541,39.8,4.2,buy,False,2022-11-10T05:04:41.799156+00:00
46,5399021540,39.0,0.5,buy,False,2022-11-10T05:04:41.799156+00:00
47,5399021539,38.0,0.5,buy,False,2022-11-10T05:04:41.799156+00:00
48,5399021323,37.9975,4.9,buy,False,2022-11-10T05:04:39.591518+00:00
49,5399021322,37.0,0.5,buy,False,2022-11-10T05:04:39.591518+00:00
50,5399018697,36.0,0.5,buy,False,2022-11-10T05:04:21.151004+00:00
51,5399018696,35.0,0.5,buy,False,2022-11-10T05:04:21.151004+00:00
52,5399018695,34.0,0.5,buy,False,2022-11-10T05:04:21.151004+00:00
53,5399018316,33.9975,4.9,buy,False,2022-11-10T05:04:18.696049+00:00
54,5399018315,33.0,0.5,buy,False,2022-11-10T05:04:18.696049+00:00
55,5399018314,32.0,0.5,buy,False,2022-11-10T05:04:18.696049+00:00
56,5399018313,31.0,0.5,buy,False,2022-11-10T05:04:18.696049+00:00
57,5399016739,30.58,5.5,buy,False,2022-11-10T05:04:05.605822+00:00
58,5398926889,30.5775,23.1,sell,False,2022-11-10T04:48:05.620629+00:00
59,5398863754,30.58,18.2,sell,False,2022-11-10T04:34:19.745418+00:00
60,5398809684,30.5775,34.5,buy,False,2022-11-10T04:24:00.228182+00:00
61,5398809683,30.5775,0.2,buy,False,2022-11-10T04:24:00.228182+00:00
62,5398453422,38.22,50.0,buy,False,2022-11-10T03:27:18.536374+00:00
63,5398453016,38.0,0.5,buy,False,2022-11-10T03:27:15.165723+00:00
64,5398452457,37.0,0.5,buy,False,2022-11-10T03:27:10.854728+00:00
65,5398452456,37.0,25.9,buy,False,2022-11-10T03:27:10.854728+00:00
66,5398452076,36.0,0.5,buy,False,2022-11-10T03:27:07.904113+00:00
67,5398451406,35.51,50.0,buy,False,2022-11-10T03:27:01.408611+00:00
68,5398451063,35.0,0.5,buy,False,2022-11-10T03:26:58.451169+00:00
69,5398450550,34.0,0.5,buy,False,2022-11-10T03:26:55.200055+00:00
70,5398449758,33.2125,4.9,buy,False,2022-11-10T03:26:49.295670+00:00
71,5398449097,33.0,0.5,buy,False,2022-11-10T03:26:44.600533+00:00
72,5398442016,30.0,701.7,buy,False,2022-11-10T03:26:08.238178+00:00
73,5398439606,31.0,200.0,buy,False,2022-11-10T03:25:54.013314+00:00
74,5398438986,30.0,100.0,buy,False,2022-11-10T03:25:49.027948+00:00
75,5398438591,27.0,20.7,buy,False,2022-11-10T03:25:45.017667+00:00
76,5398438110,27.0,525.7,buy,False,2022-11-10T03:25:41.367866+00:00
77,5398438109,26.9975,20.7,buy,False,2022-11-10T03:25:41.367866+00:00
78,5398437267,26.99,154.0,buy,False,2022-11-10T03:25:34.719841+00:00
79,5398420822,27.1775,1.0,sell,False,2022-11-10T03:23:32.844969+00:00
80,5398420821,27.4575,1.0,sell,False,2022-11-10T03:23:32.844969+00:00
81,5398417251,27.7375,1.0,sell,False,2022-11-10T03:23:06.709738+00:00
82,5398406236,28.0,0.8,buy,False,2022-11-10T03:21:58.456025+00:00
83,5398388404,28.0,123.4,buy,False,2022-11-10T03:19:52.630024+00:00
84,5398358818,24.1,250.0,sell,False,2022-11-10T03:16:51.107734+00:00
85,5398317139,24.0625,7.4,sell,False,2022-11-10T03:11:08.777926+00:00
86,5398317138,24.065,20.6,sell,False,2022-11-10T03:11:08.777926+00:00
87,5398206462,30.0,500.0,buy,False,2022-11-10T02:56:10.241715+00:00
88,5398206461,30.0,5.2,buy,False,2022-11-10T02:56:10.241715+00:00
89,5398203605,27.3675,0.2,buy,False,2022-11-10T02:55:32.652977+00:00
90,5398203604,27.2,0.2,buy,False,2022-11-10T02:55:32.652977+00:00
91,5398203603,27.03,0.2,buy,False,2022-11-10T02:55:32.652977+00:00
92,5398203602,26.8625,0.2,buy,False,2022-11-10T02:55:32.652977+00:00
93,5398203601,26.695,0.2,buy,False,2022-11-10T02:55:32.652977+00:00
94,5398203600,26.5275,0.2,buy,False,2022-11-10T02:55:32.652977+00:00
95,5398198930,23.5625,0.1,sell,False,2022-11-10T02:54:36.915330+00:00
96,5398127288,26.5,200.0,buy,False,2022-11-10T02:40:29.388695+00:00
97,5398117134,26.36,0.2,buy,False,2022-11-10T02:38:35.423747+00:00
98,5398117133,26.1925,0.2,buy,False,2022-11-10T02:38:35.423747+00:00
99,5398117132,26.0225,0.2,buy,False,2022-11-10T02:38:35.423747+00:00
100,5398117131,25.855,0.2,buy,False,2022-11-10T02:38:35.423747+00:00
101,5398117130,25.6875,0.2,buy,False,2022-11-10T02:38:35.423747+00:00
102,5398117129,25.52,0.2,buy,False,2022-11-10T02:38:35.423747+00:00
103,5398117128,25.5,100.0,buy,False,2022-11-10T02:38:35.423747+00:00
104,5398117127,25.4975,19.5,buy,False,2022-11-10T02:38:35.423747+00:00
105,5398117126,25.3525,0.2,buy,False,2022-11-10T02:38:35.423747+00:00
106,5398117125,25.185,0.2,buy,False,2022-11-10T02:38:35.423747+00:00
107,5398117124,25.0175,0.2,buy,False,2022-11-10T02:38:35.423747+00:00
108,5398117123,24.8475,0.2,buy,False,2022-11-10T02:38:35.423747+00:00
109,5398117122,24.68,0.2,buy,False,2022-11-10T02:38:35.423747+00:00
110,5398117121,24.5125,0.2,buy,False,2022-11-10T02:38:35.423747+00:00
111,5398117120,24.345,0.2,buy,False,2022-11-10T02:38:35.423747+00:00
112,5398117119,24.1775,0.2,buy,False,2022-11-10T02:38:35.423747+00:00
113,5398117118,24.01,0.2,buy,False,2022-11-10T02:38:35.423747+00:00
114,5398117117,23.84,0.2,buy,False,2022-11-10T02:38:35.423747+00:00
115,5398117116,23.6725,0.2,buy,False,2022-11-10T02:38:35.423747+00:00
116,5398117115,23.505,0.2,buy,False,2022-11-10T02:38:35.423747+00:00
117,5398117114,23.3375,0.2,buy,False,2022-11-10T02:38:35.423747+00:00
118,5398117113,23.17,0.2,buy,False,2022-11-10T02:38:35.423747+00:00
119,5398117112,23.0025,0.2,buy,False,2022-11-10T02:38:35.423747+00:00
120,5398117111,22.8325,0.2,buy,False,2022-11-10T02:38:35.423747+00:00
121,5398117110,22.665,0.2,buy,False,2022-11-10T02:38:35.423747+00:00
122,5398117109,22.4975,0.2,buy,False,2022-11-10T02:38:35.423747+00:00
123,5398117108,22.33,0.2,buy,False,2022-11-10T02:38:35.423747+00:00
124,5398117107,22.1625,0.2,buy,False,2022-11-10T02:38:35.423747+00:00
125,5398112178,21.995,3.4,sell,True,2022-11-10T02:37:33.851775+00:00
126,5398061340,21.995,0.2,buy,False,2022-11-10T02:29:47.555386+00:00
127,5398059913,21.8275,0.2,buy,False,2022-11-10T02:29:29.933812+00:00
128,5397983572,21.6575,0.2,buy,False,2022-11-10T02:14:36.121638+00:00
129,5397949657,21.5,0.4,buy,False,2022-11-10T02:09:15.313178+00:00
130,5397949656,21.49,0.2,buy,False,2022-11-10T02:09:15.313178+00:00
131,5397949655,21.3225,0.2,buy,False,2022-11-10T02:09:15.313178+00:00
132,5397949654,21.155,0.2,buy,False,2022-11-10T02:09:15.313178+00:00
133,5397892141,21.0,0.2,sell,False,2022-11-10T02:01:14.556714+00:00
134,5397888255,21.61,1.2,sell,False,2022-11-10T02:00:44.070532+00:00
135,5397769261,22.1375,0.2,buy,False,2022-11-10T01:47:20.683499+00:00
136,5397769260,21.9675,0.2,buy,False,2022-11-10T01:47:20.683499+00:00
137,5397769259,21.7975,0.2,buy,False,2022-11-10T01:47:20.683499+00:00
138,5397769258,21.6275,0.2,buy,False,2022-11-10T01:47:20.683499+00:00
139,5397769257,21.4575,0.2,buy,False,2022-11-10T01:47:20.683499+00:00
140,5397067757,21.3,0.2,sell,False,2022-11-10T00:29:37.754954+00:00
141,5397001705,21.3,7.0,sell,False,2022-11-10T00:22:49.130836+00:00
142,5396972464,21.3,8.5,sell,False,2022-11-10T00:19:05.558962+00:00
143,5396970070,21.3,0.2,sell,False,2022-11-10T00:18:50.920264+00:00
144,5396964811,21.88,0.2,sell,False,2022-11-10T00:18:16.842295+00:00
145,5396717127,22.0,0.7,sell,False,2022-11-09T23:58:09.925328+00:00
146,5396702156,22.0,0.2,sell,False,2022-11-09T23:56:43.229810+00:00
147,5396695609,22.7,7.8,sell,False,2022-11-09T23:56:06.518228+00:00
148,5396688720,22.7025,8.5,sell,False,2022-11-09T23:55:23.554157+00:00
149,5395987665,22.7025,0.3,sell,False,2022-11-09T23:00:54.416915+00:00
150,5395987649,22.7025,0.3,sell,False,2022-11-09T23:00:54.234639+00:00
151,5395965427,22.7025,6.6,sell,False,2022-11-09T22:59:06.337265+00:00
152,5395965426,22.7025,3.0,sell,False,2022-11-09T22:59:06.337265+00:00
153,5395965328,32.4,15.0,buy,False,2022-11-09T22:59:05.750217+00:00
154,5395965327,32.0,0.5,buy,False,2022-11-09T22:59:05.750217+00:00
155,5395965326,31.0,0.5,buy,False,2022-11-09T22:59:05.750217+00:00
156,5395965325,30.0,0.5,buy,False,2022-11-09T22:59:05.750217+00:00
157,5395965324,29.9,1000.0,buy,False,2022-11-09T22:59:05.750217+00:00
158,5395965323,29.45,2.8,buy,False,2022-11-09T22:59:05.750217+00:00
159,5395965176,22.7025,0.7,sell,False,2022-11-09T22:59:04.439897+00:00
160,5395965171,22.7025,0.1,sell,False,2022-11-09T22:59:04.409605+00:00
161,5395965062,29.45,12.2,buy,False,2022-11-09T22:59:03.698783+00:00
162,5395965061,29.0,0.5,buy,False,2022-11-09T22:59:03.698783+00:00
163,5395965060,28.0,0.5,buy,False,2022-11-09T22:59:03.698783+00:00
164,5395955490,27.0,0.5,buy,False,2022-11-09T22:58:23.023761+00:00
165,5395955489,27.0,0.5,buy,False,2022-11-09T22:58:23.023761+00:00
166,5395955488,26.58,1.0,buy,False,2022-11-09T22:58:23.023761+00:00
167,5395955487,26.0,1.0,buy,False,2022-11-09T22:58:23.023761+00:00
168,5395955486,25.9975,3.7,buy,False,2022-11-09T22:58:23.023761+00:00
169,5395955485,25.9975,1.0,buy,False,2022-11-09T22:58:23.023761+00:00
170,5395955484,25.9975,9.0,buy,False,2022-11-09T22:58:23.023761+00:00
171,5395955483,25.0,0.5,buy,False,2022-11-09T22:58:23.023761+00:00
172,5395949349,22.7025,3.7,sell,False,2022-11-09T22:57:48.360730+00:00
173,5395947419,22.7025,1.0,sell,False,2022-11-09T22:57:33.717114+00:00
174,5395947418,22.8,0.8,sell,False,2022-11-09T22:57:33.717114+00:00
175,5395279003,22.7025,9.0,sell,False,2022-11-09T22:01:38.971921+00:00
176,5394989691,26.9,288.0,buy,False,2022-11-09T21:43:55.981108+00:00
177,5394894309,25.82,128.7,buy,False,2022-11-09T21:38:29.136955+00:00
178,5394894308,25.815,0.2,buy,False,2022-11-09T21:38:29.136955+00:00
179,5394894307,25.6575,0.2,buy,False,2022-11-09T21:38:29.136955+00:00
180,5394894306,25.5,0.2,buy,False,2022-11-09T21:38:29.136955+00:00
181,5394894305,25.34,0.2,buy,False,2022-11-09T21:38:29.136955+00:00
182,5394894304,25.1825,0.2,buy,False,2022-11-09T21:38:29.136955+00:00
183,5394894303,25.025,0.2,buy,False,2022-11-09T21:38:29.136955+00:00
184,5394894302,24.865,0.2,buy,False,2022-11-09T21:38:29.136955+00:00
185,5394894301,24.7075,0.2,buy,False,2022-11-09T21:38:29.136955+00:00
186,5394894300,24.55,0.2,buy,False,2022-11-09T21:38:29.136955+00:00
187,5394894299,24.39,0.2,buy,False,2022-11-09T21:38:29.136955+00:00
188,5394894298,24.2325,0.2,buy,False,2022-11-09T21:38:29.136955+00:00
189,5394894297,24.075,0.2,buy,False,2022-11-09T21:38:29.136955+00:00
190,5394894296,23.915,0.2,buy,False,2022-11-09T21:38:29.136955+00:00
191,5394894295,23.7575,0.2,buy,False,2022-11-09T21:38:29.136955+00:00
192,5394894294,23.5975,0.2,buy,False,2022-11-09T21:38:29.136955+00:00
193,5394894293,23.44,0.2,buy,False,2022-11-09T21:38:29.136955+00:00
194,5394894292,23.2825,0.2,buy,False,2022-11-09T21:38:29.136955+00:00
195,5394894291,23.1225,0.2,buy,False,2022-11-09T21:38:29.136955+00:00
196,5394894290,22.965,0.2,buy,False,2022-11-09T21:38:29.136955+00:00
197,5394894289,22.8075,0.2,buy,False,2022-11-09T21:38:29.136955+00:00
198,5394894288,22.6475,0.2,buy,False,2022-11-09T21:38:29.136955+00:00
199,5394894287,22.49,0.2,buy,False,2022-11-09T21:38:29.136955+00:00
200,5394894286,22.3325,0.2,buy,False,2022-11-09T21:38:29.136955+00:00
201,5394894285,22.1725,0.2,buy,False,2022-11-09T21:38:29.136955+00:00
202,5394894284,22.015,0.2,buy,False,2022-11-09T21:38:29.136955+00:00
203,5394834104,21.8575,0.2,buy,False,2022-11-09T21:35:04.558839+00:00
204,5394834103,21.6975,0.2,buy,False,2022-11-09T21:35:04.558839+00:00
205,5394834102,21.54,0.2,buy,False,2022-11-09T21:35:04.558839+00:00
206,5394834101,21.5,86.5,buy,False,2022-11-09T21:35:04.558839+00:00
207,5394614071,21.5,84.7,buy,False,2022-11-09T21:24:16.144136+00:00
208,5394614070,21.3825,0.2,buy,False,2022-11-09T21:24:16.144136+00:00
209,5394588722,21.3,14.1,buy,False,2022-11-09T21:23:01.425474+00:00
210,5394464380,21.3,1.0,buy,False,2022-11-09T21:15:55.758810+00:00
211,5394464350,21.3,0.4,buy,False,2022-11-09T21:15:55.273245+00:00
212,5394464349,21.2225,0.2,buy,False,2022-11-09T21:15:55.273245+00:00
213,5394464348,21.065,0.2,buy,False,2022-11-09T21:15:55.273245+00:00
214,5394464347,20.9075,0.2,buy,False,2022-11-09T21:15:55.273245+00:00
215,5394464301,20.7475,0.2,buy,False,2022-11-09T21:15:54.889970+00:00
216,5394464300,20.59,0.2,buy,False,2022-11-09T21:15:54.889970+00:00
217,5394464299,20.4325,0.2,buy,False,2022-11-09T21:15:54.889970+00:00
218,5394464298,20.2725,0.2,buy,False,2022-11-09T21:15:54.889970+00:00
219,5394464297,20.115,0.2,buy,False,2022-11-09T21:15:54.889970+00:00
220,5394388492,19.955,0.2,buy,False,2022-11-09T21:11:19.025146+00:00
221,5394378050,19.81,0.2,sell,False,2022-11-09T21:10:29.607077+00:00
222,5394371392,19.81,40.6,sell,False,2022-11-09T21:09:57.994347+00:00
223,5394371391,19.8925,0.2,sell,False,2022-11-09T21:09:57.994347+00:00
224,5394371390,20.0,1.0,sell,False,2022-11-09T21:09:57.994347+00:00
225,5394371389,20.0,1.0,sell,False,2022-11-09T21:09:57.994347+00:00
226,5394371388,20.0,1.0,sell,False,2022-11-09T21:09:57.994347+00:00
227,5394371387,20.0,1.0,sell,False,2022-11-09T21:09:57.994347+00:00
228,5394371386,20.0,1.0,sell,False,2022-11-09T21:09:57.994347+00:00
229,5394371385,20.0,1.0,sell,False,2022-11-09T21:09:57.994347+00:00
230,5394371384,20.0,1.0,sell,False,2022-11-09T21:09:57.994347+00:00
231,5394371383,20.0,0.8,sell,False,2022-11-09T21:09:57.994347+00:00
232,5394342485,20.0,0.2,sell,False,2022-11-09T21:07:50.575981+00:00
233,5394334211,19.81,0.2,sell,False,2022-11-09T21:07:14.498473+00:00
234,5394334210,20.4925,1.0,sell,False,2022-11-09T21:07:14.498473+00:00
235,5394334196,20.4925,1.2,sell,False,2022-11-09T21:07:14.442734+00:00
236,5394331307,21.5,328.8,buy,False,2022-11-09T21:07:04.338738+00:00
237,5394331306,21.4975,18.5,buy,False,2022-11-09T21:07:04.338738+00:00
238,5394331305,21.3825,0.2,buy,False,2022-11-09T21:07:04.338738+00:00
239,5394331304,21.2225,0.2,buy,False,2022-11-09T21:07:04.338738+00:00
240,5394331303,21.065,0.2,buy,False,2022-11-09T21:07:04.338738+00:00
241,5394331302,20.9075,0.2,buy,False,2022-11-09T21:07:04.338738+00:00
242,5394331301,20.7475,0.2,buy,False,2022-11-09T21:07:04.338738+00:00
243,5394331300,20.59,0.2,buy,False,2022-11-09T21:07:04.338738+00:00
244,5394282590,20.4325,0.2,buy,False,2022-11-09T21:04:31.343998+00:00
245,5394282589,20.4,100.0,buy,False,2022-11-09T21:04:31.343998+00:00
246,5394282588,20.2725,0.2,buy,False,2022-11-09T21:04:31.343998+00:00
247,5394282587,20.115,0.2,buy,False,2022-11-09T21:04:31.343998+00:00
248,5394276359,20.0,0.2,buy,False,2022-11-09T21:04:06.797472+00:00
249,5394227666,20.0,81.0,buy,False,2022-11-09T21:01:27.221215+00:00
250,5394227665,19.955,0.2,buy,False,2022-11-09T21:01:27.221215+00:00
251,5394210098,19.81,0.2,sell,False,2022-11-09T21:00:02.884026+00:00
252,5394202927,20.0,1.0,buy,False,2022-11-09T20:59:31.024637+00:00
253,5394202920,20.0,1.0,buy,False,2022-11-09T20:59:30.996797+00:00
254,5394200537,22.315,7.8,sell,False,2022-11-09T20:59:21.376460+00:00
255,5394200536,22.3175,0.8,sell,False,2022-11-09T20:59:21.376460+00:00
256,5394200535,22.3175,0.1,sell,False,2022-11-09T20:59:21.376460+00:00
257,5394200534,22.3175,2.7,sell,False,2022-11-09T20:59:21.376460+00:00
258,5394200533,22.3175,5.4,sell,False,2022-11-09T20:59:21.376460+00:00
259,5394091738,22.3175,0.4,sell,False,2022-11-09T20:52:17.762244+00:00
260,5394022941,26.8975,0.7,buy,False,2022-11-09T20:48:28.806146+00:00
261,5393700870,22.3175,9.9,sell,False,2022-11-09T20:26:46.925032+00:00
262,5393643603,26.75,0.1,buy,False,2022-11-09T20:21:01.421933+00:00
263,5393643602,26.6675,25.0,buy,False,2022-11-09T20:21:01.421933+00:00
264,5393643601,26.62,0.1,buy,False,2022-11-09T20:21:01.421933+00:00
265,5393643600,26.5,0.1,buy,False,2022-11-09T20:21:01.421933+00:00
266,5393643599,26.37,0.1,buy,False,2022-11-09T20:21:01.421933+00:00
267,5393643598,26.3275,10.0,buy,False,2022-11-09T20:21:01.421933+00:00
268,5393643597,26.25,0.1,buy,False,2022-11-09T20:21:01.421933+00:00
269,5393643596,26.2025,5.0,buy,False,2022-11-09T20:21:01.421933+00:00
270,5393643595,26.12,0.1,buy,False,2022-11-09T20:21:01.421933+00:00
271,5393643594,26.1125,5.0,buy,False,2022-11-09T20:21:01.421933+00:00
272,5393643593,26.03,47.8,buy,False,2022-11-09T20:21:01.421933+00:00
273,5393643592,26.0,20.8,buy,False,2022-11-09T20:21:01.421933+00:00
274,5393643591,25.9975,2.3,buy,False,2022-11-09T20:21:01.421933+00:00
275,5393500586,22.3175,2.3,sell,False,2022-11-09T20:05:17.656575+00:00
276,5393489228,26.0,0.5,buy,True,2022-11-09T20:04:08.170580+00:00
277,5393489227,26.0,0.1,buy,True,2022-11-09T20:04:08.170580+00:00
278,5393488816,25.9925,1.0,buy,True,2022-11-09T20:04:06.580225+00:00
279,5393487984,25.87,1.0,buy,True,2022-11-09T20:04:00.953684+00:00
280,5393487983,25.87,0.1,buy,True,2022-11-09T20:04:00.953684+00:00
281,5393487340,25.75,0.1,buy,True,2022-11-09T20:03:56.962175+00:00
282,5393487018,25.62,0.1,buy,True,2022-11-09T20:03:55.975729+00:00
283,5393486589,25.58,1.0,buy,True,2022-11-09T20:03:53.887703+00:00
284,5393485841,25.5,0.1,buy,True,2022-11-09T20:03:50.911510+00:00
285,5393485300,25.38,0.2,buy,True,2022-11-09T20:03:47.019631+00:00
286,5393485299,25.37,0.1,buy,True,2022-11-09T20:03:47.019631+00:00
287,5393485073,25.345,15.0,buy,True,2022-11-09T20:03:45.932580+00:00
288,5393484883,25.25,0.1,buy,True,2022-11-09T20:03:44.959747+00:00
289,5393484762,25.2225,0.2,buy,True,2022-11-09T20:03:43.951900+00:00
290,5393484604,25.12,0.1,buy,False,2022-11-09T20:03:42.966052+00:00
291,5393484603,25.0675,0.2,buy,False,2022-11-09T20:03:42.966052+00:00
292,5393484602,25.05,1.0,buy,False,2022-11-09T20:03:42.966052+00:00
293,5393484601,25.0,2.0,buy,False,2022-11-09T20:03:42.966052+00:00
294,5393484600,25.0,0.5,buy,False,2022-11-09T20:03:42.966052+00:00
295,5393484599,25.0,0.1,buy,False,2022-11-09T20:03:42.966052+00:00
296,5393484598,24.9125,0.2,buy,False,2022-11-09T20:03:42.966052+00:00
297,5393484597,24.87,0.1,buy,False,2022-11-09T20:03:42.966052+00:00
298,5393484596,24.8125,1.0,buy,False,2022-11-09T20:03:42.966052+00:00
299,5393484595,24.7575,0.2,buy,False,2022-11-09T20:03:42.966052+00:00
300,5393484594,24.75,0.1,buy,False,2022-11-09T20:03:42.966052+00:00
301,5393484593,24.62,0.1,buy,False,2022-11-09T20:03:42.966052+00:00
302,5393484592,24.6,0.2,buy,False,2022-11-09T20:03:42.966052+00:00
303,5393484591,24.5,1.0,buy,False,2022-11-09T20:03:42.966052+00:00
304,5393484590,24.5,0.1,buy,False,2022-11-09T20:03:42.966052+00:00
305,5393484589,24.445,0.2,buy,False,2022-11-09T20:03:42.966052+00:00
306,5393484588,24.37,0.1,buy,False,2022-11-09T20:03:42.966052+00:00
307,5393484587,24.3375,5.0,buy,False,2022-11-09T20:03:42.966052+00:00
308,5393484586,24.29,0.2,buy,False,2022-11-09T20:03:42.966052+00:00
309,5393484585,24.25,0.1,buy,False,2022-11-09T20:03:42.966052+00:00
310,5393484584,24.135,0.2,buy,False,2022-11-09T20:03:42.966052+00:00
311,5393484583,24.12,0.1,buy,False,2022-11-09T20:03:42.966052+00:00
312,5393484582,24.09,15.0,buy,False,2022-11-09T20:03:42.966052+00:00
313,5393484581,24.0,0.1,buy,False,2022-11-09T20:03:42.966052+00:00
314,5393484580,23.9775,0.2,buy,False,2022-11-09T20:03:42.966052+00:00
315,5393484579,23.87,0.1,buy,False,2022-11-09T20:03:42.966052+00:00
316,5393484578,23.8225,0.2,buy,False,2022-11-09T20:03:42.966052+00:00
317,5393484577,23.7925,5.0,buy,False,2022-11-09T20:03:42.966052+00:00
318,5393484576,23.78,6.6,buy,False,2022-11-09T20:03:42.966052+00:00
319,5393484575,23.75,0.1,buy,False,2022-11-09T20:03:42.966052+00:00
320,5393484574,23.6675,0.2,buy,False,2022-11-09T20:03:42.966052+00:00
321,5393483931,23.62,0.1,buy,True,2022-11-09T20:03:40.143680+00:00
322,5393483663,23.585,5.0,buy,True,2022-11-09T20:03:38.893099+00:00
323,5393483480,23.51,0.2,buy,True,2022-11-09T20:03:38.142041+00:00
324,5393483269,23.5,0.2,buy,True,2022-11-09T20:03:36.845093+00:00
325,5393482937,23.37,0.1,buy,True,2022-11-09T20:03:34.965493+00:00
326,5393482844,23.355,0.2,buy,True,2022-11-09T20:03:34.374086+00:00
327,5393482461,23.325,5.0,buy,True,2022-11-09T20:03:32.890525+00:00
328,5393482295,23.25,0.1,buy,True,2022-11-09T20:03:32.006861+00:00
329,5393481833,23.2,0.2,buy,True,2022-11-09T20:03:29.961742+00:00
330,5393481325,23.185,5.8,buy,True,2022-11-09T20:03:27.101703+00:00
331,5393481148,23.1075,5.0,buy,True,2022-11-09T20:03:25.854202+00:00
332,5393481147,23.105,1.2,buy,True,2022-11-09T20:03:25.854202+00:00
333,5393481019,23.045,0.2,buy,True,2022-11-09T20:03:24.871578+00:00
334,5393480751,23.0,0.2,buy,True,2022-11-09T20:03:24.057456+00:00
335,5393480521,22.8875,0.2,buy,True,2022-11-09T20:03:22.652741+00:00
336,5393455736,22.885,0.6,sell,False,2022-11-09T20:01:21.774594+00:00
337,5393455684,22.885,0.6,sell,False,2022-11-09T20:01:21.478455+00:00
338,5393452851,22.8825,41.8,sell,False,2022-11-09T20:01:10.418502+00:00
339,5393452551,22.8725,5.0,buy,False,2022-11-09T20:01:09.226942+00:00
340,5393452550,22.87,0.1,buy,False,2022-11-09T20:01:09.226942+00:00
341,5393452549,22.75,0.1,buy,False,2022-11-09T20:01:09.226942+00:00
342,5393452548,22.7325,0.2,buy,False,2022-11-09T20:01:09.226942+00:00
343,5393452547,22.62,0.2,buy,False,2022-11-09T20:01:09.226942+00:00
344,5393452546,22.6175,5.0,buy,False,2022-11-09T20:01:09.226942+00:00
345,5393452545,22.5775,0.2,buy,False,2022-11-09T20:01:09.226942+00:00
346,5393452544,22.5,2.2,buy,False,2022-11-09T20:01:09.226942+00:00
347,5393452543,22.5,0.1,buy,False,2022-11-09T20:01:09.226942+00:00
348,5393452542,22.42,0.2,buy,False,2022-11-09T20:01:09.226942+00:00
349,5393452541,22.3725,5.0,buy,False,2022-11-09T20:01:09.226942+00:00
350,5393452540,22.37,0.1,buy,False,2022-11-09T20:01:09.226942+00:00
351,5393452539,22.265,0.2,buy,False,2022-11-09T20:01:09.226942+00:00
352,5393452538,22.25,0.1,buy,False,2022-11-09T20:01:09.226942+00:00
353,5393452537,22.12,0.1,buy,False,2022-11-09T20:01:09.226942+00:00
354,5393452536,22.11,0.2,buy,False,2022-11-09T20:01:09.226942+00:00
355,5393452535,22.1,5.0,buy,False,2022-11-09T20:01:09.226942+00:00
356,5393452534,22.0,0.1,buy,False,2022-11-09T20:01:09.226942+00:00
357,5393452533,21.955,0.2,buy,False,2022-11-09T20:01:09.226942+00:00
358,5393452532,21.9,1.0,buy,False,2022-11-09T20:01:09.226942+00:00
359,5393452531,21.87,0.1,buy,False,2022-11-09T20:01:09.226942+00:00
360,5393452530,21.8125,5.0,buy,False,2022-11-09T20:01:09.226942+00:00
361,5393452529,21.7975,0.2,buy,False,2022-11-09T20:01:09.226942+00:00
362,5393452528,21.75,0.1,buy,False,2022-11-09T20:01:09.226942+00:00
363,5393452527,21.6425,0.2,buy,False,2022-11-09T20:01:09.226942+00:00
364,5393452526,21.5525,5.0,buy,False,2022-11-09T20:01:09.226942+00:00
365,5393452525,21.5,75.0,buy,False,2022-11-09T20:01:09.226942+00:00
366,5393452524,21.5,0.1,buy,False,2022-11-09T20:01:09.226942+00:00
367,5393452523,21.4875,0.2,buy,False,2022-11-09T20:01:09.226942+00:00
368,5393452522,21.43,5.0,buy,False,2022-11-09T20:01:09.226942+00:00
369,5393452521,21.37,0.1,buy,False,2022-11-09T20:01:09.226942+00:00
370,5393452520,21.3325,0.2,buy,False,2022-11-09T20:01:09.226942+00:00
371,5393452519,21.28,5.0,buy,False,2022-11-09T20:01:09.226942+00:00
372,5393452518,21.25,0.1,buy,False,2022-11-09T20:01:09.226942+00:00
373,5393452517,21.175,0.2,buy,False,2022-11-09T20:01:09.226942+00:00
374,5393452516,21.12,0.1,buy,False,2022-11-09T20:01:09.226942+00:00
375,5393452515,21.0475,5.0,buy,False,2022-11-09T20:01:09.226942+00:00
376,5393452514,21.02,0.2,buy,False,2022-11-09T20:01:09.226942+00:00
377,5393452513,21.0,0.1,buy,False,2022-11-09T20:01:09.226942+00:00
378,5393452512,20.87,0.1,buy,False,2022-11-09T20:01:09.226942+00:00
379,5393452511,20.865,0.2,buy,False,2022-11-09T20:01:09.226942+00:00
380,5393452510,20.865,5.0,buy,False,2022-11-09T20:01:09.226942+00:00
381,5393434448,20.7075,0.2,buy,False,2022-11-09T19:59:56.413228+00:00
382,5393434447,20.645,5.0,buy,False,2022-11-09T19:59:56.413228+00:00
383,5393434446,20.5525,0.2,buy,False,2022-11-09T19:59:56.413228+00:00
384,5393434445,20.525,5.0,buy,False,2022-11-09T19:59:56.413228+00:00
385,5393434444,20.4,100.0,buy,False,2022-11-09T19:59:56.413228+00:00
386,5393434443,20.3975,0.2,buy,False,2022-11-09T19:59:56.413228+00:00
387,5393434442,20.37,10.0,buy,False,2022-11-09T19:59:56.413228+00:00
388,5393434441,20.3,14.3,buy,False,2022-11-09T19:59:56.413228+00:00
389,5393434440,20.2975,19.7,buy,False,2022-11-09T19:59:56.413228+00:00
390,5393261979,19.8,10.9,sell,False,2022-11-09T19:43:02.252776+00:00
391,5393261560,19.8,107.6,sell,False,2022-11-09T19:42:58.948838+00:00
392,5393261189,19.8,72.7,sell,False,2022-11-09T19:42:55.523798+00:00
393,5393260549,19.8,49.1,sell,False,2022-11-09T19:42:50.334446+00:00
394,5393250566,19.8025,19.5,sell,False,2022-11-09T19:42:02.280964+00:00
395,5393202494,20.3,79.4,buy,False,2022-11-09T19:38:30.549207+00:00
396,5393200744,20.3,6.3,buy,False,2022-11-09T19:38:20.470665+00:00
397,5393200743,20.25,5.0,buy,False,2022-11-09T19:38:20.470665+00:00
398,5393200742,20.2425,0.2,buy,False,2022-11-09T19:38:20.470665+00:00
399,5393200741,20.2,94.9,buy,False,2022-11-09T19:38:20.470665+00:00
400,5393197995,20.2,5.1,buy,False,2022-11-09T19:38:04.554736+00:00
401,5393197994,20.1975,0.5,buy,False,2022-11-09T19:38:04.554736+00:00
402,5393197993,20.1675,5.0,buy,False,2022-11-09T19:38:04.554736+00:00
403,5393197992,20.105,5.0,buy,False,2022-11-09T19:38:04.554736+00:00
404,5393197991,20.1,100.0,buy,False,2022-11-09T19:38:04.554736+00:00
405,5393197990,20.085,0.2,buy,False,2022-11-09T19:38:04.554736+00:00
406,5393197989,20.02,33.8,buy,False,2022-11-09T19:38:04.554736+00:00
407,5393197988,19.93,0.2,buy,False,2022-11-09T19:38:04.554736+00:00
408,5393197987,19.775,0.2,buy,False,2022-11-09T19:38:04.554736+00:00
409,5392607556,19.6625,701.7,buy,False,2022-11-09T18:49:57.031852+00:00
410,5392607555,19.61,201.6,buy,False,2022-11-09T18:49:57.031852+00:00
411,5392530477,19.61,21.4,sell,False,2022-11-09T18:46:22.685309+00:00
412,5392490851,19.6175,0.6,buy,False,2022-11-09T18:44:20.444367+00:00
413,5392335766,19.63,3.8,buy,False,2022-11-09T18:34:55.796800+00:00
414,5392334290,19.6725,31.9,buy,False,2022-11-09T18:34:49.143350+00:00
415,5392334289,19.63,180.5,buy,False,2022-11-09T18:34:49.143350+00:00
416,5392334288,19.6175,0.2,buy,False,2022-11-09T18:34:49.143350+00:00
417,5392334287,19.4875,25.6,buy,False,2022-11-09T18:34:49.143350+00:00
418,5392213385,19.475,0.2,sell,False,2022-11-09T18:27:18.326924+00:00
419,5392206616,19.5125,0.4,sell,False,2022-11-09T18:26:45.987699+00:00
420,5392205380,19.7225,857.6,buy,False,2022-11-09T18:26:40.649661+00:00
421,5392205379,19.68,142.4,buy,False,2022-11-09T18:26:40.649661+00:00
422,5392200444,19.7225,791.5,buy,False,2022-11-09T18:26:16.629003+00:00
423,5392200443,19.685,0.1,buy,False,2022-11-09T18:26:16.629003+00:00
424,5392200442,19.6775,188.5,buy,False,2022-11-09T18:26:16.629003+00:00
425,5392200441,19.675,19.9,buy,False,2022-11-09T18:26:16.629003+00:00
426,5392182873,19.685,0.1,buy,False,2022-11-09T18:25:08.633274+00:00
427,5391474715,19.5125,3.1,sell,False,2022-11-09T17:40:26.740409+00:00
428,5390819076,19.5325,10.0,sell,False,2022-11-09T16:46:07.720621+00:00
429,5390716500,19.5325,1.0,sell,False,2022-11-09T16:40:45.105458+00:00
430,5390492367,19.54,0.2,sell,False,2022-11-09T16:26:49.462147+00:00
431,5390480598,18.3875,217.2,sell,False,2022-11-09T16:26:03.339857+00:00
432,5390480597,18.665,1.0,sell,False,2022-11-09T16:26:03.339857+00:00
433,5390480596,19.1275,0.8,sell,False,2022-11-09T16:26:03.339857+00:00
434,5390480595,19.275,0.1,sell,False,2022-11-09T16:26:03.339857+00:00
435,5390477373,19.4975,2797.0,sell,False,2022-11-09T16:25:50.853354+00:00
436,5390477372,19.54,185.0,sell,False,2022-11-09T16:25:50.853354+00:00
437,5390472869,19.5425,18.9,sell,False,2022-11-09T16:25:38.093617+00:00
438,5390237702,19.565,1.0,sell,False,2022-11-09T16:10:44.921923+00:00
439,5389879288,19.48,290.5,buy,False,2022-11-09T15:51:37.652736+00:00
440,5389876866,19.48,279.9,buy,False,2022-11-09T15:51:31.405337+00:00
441,5389875088,19.48,258.3,buy,False,2022-11-09T15:51:25.349396+00:00
442,5389872288,19.48,420.3,buy,False,2022-11-09T15:51:16.683260+00:00
443,5389870243,19.48,259.7,buy,False,2022-11-09T15:51:10.680745+00:00
444,5389868683,19.48,270.7,buy,False,2022-11-09T15:51:04.465641+00:00
445,5389868573,19.48,254.7,buy,False,2022-11-09T15:51:03.899720+00:00
446,5389868443,19.48,241.1,buy,False,2022-11-09T15:51:03.348764+00:00
447,5389850879,19.48,240.4,buy,False,2022-11-09T15:50:17.552264+00:00
448,5389848290,19.48,296.0,buy,False,2022-11-09T15:50:10.955093+00:00
449,5389845437,19.48,481.2,buy,False,2022-11-09T15:50:01.371251+00:00
450,5389843080,19.48,434.3,buy,False,2022-11-09T15:49:52.353983+00:00
451,5389841486,19.48,258.6,buy,False,2022-11-09T15:49:46.438339+00:00
452,5389839705,19.48,244.0,buy,False,2022-11-09T15:49:40.568282+00:00
453,5389839586,19.4775,19.9,buy,False,2022-11-09T15:49:40.038250+00:00
454,5389838063,19.48,277.7,buy,False,2022-11-09T15:49:33.513919+00:00
455,5389837377,19.48,241.0,buy,False,2022-11-09T15:49:30.694943+00:00
456,5389837226,19.48,232.6,buy,False,2022-11-09T15:49:30.167008+00:00
457,5389837194,19.4925,127.5,sell,False,2022-11-09T15:49:29.983087+00:00
458,5389837193,19.495,19.9,sell,False,2022-11-09T15:49:29.983087+00:00
459,5389822600,19.495,221.8,buy,False,2022-11-09T15:48:44.423062+00:00
460,5389819452,19.495,400.2,buy,False,2022-11-09T15:48:35.559870+00:00
461,5389819451,19.4925,19.9,buy,False,2022-11-09T15:48:35.559870+00:00
462,5389815929,19.495,314.6,buy,False,2022-11-09T15:48:28.711581+00:00
463,5389814679,19.495,302.8,buy,False,2022-11-09T15:48:25.178230+00:00
464,5389814534,19.495,315.7,buy,False,2022-11-09T15:48:24.641294+00:00
465,5389805283,19.495,19.9,sell,False,2022-11-09T15:47:55.746755+00:00
466,5389799996,19.48,267.4,buy,False,2022-11-09T15:47:38.253947+00:00
467,5389796444,19.48,236.4,buy,False,2022-11-09T15:47:32.576573+00:00
468,5389795251,19.48,235.8,buy,False,2022-11-09T15:47:27.161933+00:00
469,5389793270,19.48,273.7,buy,False,2022-11-09T15:47:20.862803+00:00
470,5389791310,19.48,240.1,buy,False,2022-11-09T15:47:15.143934+00:00
471,5389789255,19.48,222.7,buy,False,2022-11-09T15:47:09.769267+00:00
472,5389787619,19.48,223.4,buy,False,2022-11-09T15:47:04.749821+00:00
473,5389787215,19.48,224.1,buy,False,2022-11-09T15:47:03.536281+00:00
474,5389786791,19.48,234.0,buy,False,2022-11-09T15:47:01.968910+00:00
475,5389784116,19.4825,147.2,sell,False,2022-11-09T15:46:53.463594+00:00
476,5389771487,19.47,402.8,buy,False,2022-11-09T15:46:16.038696+00:00
477,5389769134,19.47,251.6,buy,False,2022-11-09T15:46:10.049553+00:00
478,5389767074,19.47,227.8,buy,False,2022-11-09T15:46:04.649829+00:00
479,5389766563,19.47,223.7,buy,False,2022-11-09T15:46:02.801074+00:00
480,5389766422,19.47,243.8,buy,False,2022-11-09T15:46:02.259272+00:00
481,5389756678,19.47,227.7,buy,False,2022-11-09T15:45:36.634297+00:00
482,5389754300,19.47,263.6,buy,False,2022-11-09T15:45:30.444369+00:00
483,5389749752,19.47,475.2,buy,False,2022-11-09T15:45:20.846063+00:00
484,5389746374,19.47,245.4,buy,False,2022-11-09T15:45:14.414733+00:00
485,5389746303,19.4825,124.0,sell,False,2022-11-09T15:45:14.267703+00:00
486,5389736669,19.44,1537.6,buy,False,2022-11-09T15:44:50.097846+00:00
487,5389736668,19.44,222.9,buy,False,2022-11-09T15:44:50.097846+00:00
488,5389726864,19.44,1593.9,buy,False,2022-11-09T15:44:29.399593+00:00
489,5389720775,19.44,446.6,buy,False,2022-11-09T15:44:20.392156+00:00
490,5389715398,19.44,425.8,buy,False,2022-11-09T15:44:11.397707+00:00
491,5389711315,19.44,269.7,buy,False,2022-11-09T15:44:05.443617+00:00
492,5389707423,19.44,235.3,buy,False,2022-11-09T15:44:00.705425+00:00
493,5389702591,19.44,319.2,buy,False,2022-11-09T15:43:52.195935+00:00
494,5389696350,19.44,593.9,buy,False,2022-11-09T15:43:41.087493+00:00
495,5389689361,19.44,986.0,buy,False,2022-11-09T15:43:25.491128+00:00
496,5389679784,19.44,953.2,buy,False,2022-11-09T15:43:10.195816+00:00
497,5389674986,19.44,535.7,buy,False,2022-11-09T15:42:59.771128+00:00
498,5389670782,19.44,494.6,buy,False,2022-11-09T15:42:49.782784+00:00
499,5389668897,19.44,287.4,buy,False,2022-11-09T15:42:43.489473+00:00
500,5389664913,19.44,492.8,buy,False,2022-11-09T15:42:33.606617+00:00
501,5389662866,19.44,275.0,buy,False,2022-11-09T15:42:27.280851+00:00
502,5389660478,19.44,272.7,buy,False,2022-11-09T15:42:20.991107+00:00
503,5389658534,19.44,256.6,buy,False,2022-11-09T15:42:15.054607+00:00
504,5389657994,19.44,246.9,buy,False,2022-11-09T15:42:13.345053+00:00
505,5389657782,19.44,244.3,buy,False,2022-11-09T15:42:12.814372+00:00
506,5389652591,19.445,215.0,sell,False,2022-11-09T15:41:57.587822+00:00
507,5389636437,19.47,301.3,buy,False,2022-11-09T15:41:09.292712+00:00
508,5389633526,19.47,502.3,buy,False,2022-11-09T15:41:01.227173+00:00
509,5389633394,19.49,123.8,sell,False,2022-11-09T15:41:00.946677+00:00
510,5389628110,19.495,216.8,buy,False,2022-11-09T15:40:47.292822+00:00
511,5389627912,19.495,220.7,buy,False,2022-11-09T15:40:46.753506+00:00
512,5389621143,19.495,211.5,buy,False,2022-11-09T15:40:31.484733+00:00
513,5389618865,19.495,219.4,buy,False,2022-11-09T15:40:26.385261+00:00
514,5389616666,19.495,363.5,buy,False,2022-11-09T15:40:18.596766+00:00
515,5389614556,19.495,323.6,buy,False,2022-11-09T15:40:11.399322+00:00
516,5389612890,19.495,296.8,buy,False,2022-11-09T15:40:04.806359+00:00
517,5389612557,19.495,219.3,buy,False,2022-11-09T15:40:03.602131+00:00
518,5389612297,19.495,233.1,buy,False,2022-11-09T15:40:03.036995+00:00
519,5389608740,19.5,207.7,sell,False,2022-11-09T15:39:49.888793+00:00
520,5389581709,19.47,5525.4,buy,False,2022-11-09T15:38:39.987749+00:00
521,5389581708,19.4675,20.0,buy,False,2022-11-09T15:38:39.987749+00:00
522,5389581707,19.4475,0.2,buy,False,2022-11-09T15:38:39.987749+00:00
523,5389580645,19.295,0.2,buy,False,2022-11-09T15:38:37.876675+00:00
524,5389576958,19.1425,0.2,buy,False,2022-11-09T15:38:30.601479+00:00
525,5389574611,19.0025,0.2,sell,False,2022-11-09T15:38:25.895432+00:00
526,5389573267,18.665,1093.3,buy,False,2022-11-09T15:38:22.049339+00:00
527,5389573242,18.665,1.0,sell,False,2022-11-09T15:38:21.955775+00:00
528,5389566501,18.9975,1.0,buy,False,2022-11-09T15:38:11.558007+00:00
529,5389565018,18.435,14.2,sell,False,2022-11-09T15:38:09.379823+00:00
530,5389564786,18.435,1069.1,sell,False,2022-11-09T15:38:08.724427+00:00
531,5389564785,18.62,4.0,sell,False,2022-11-09T15:38:08.724427+00:00
532,5389564784,18.6225,20.0,sell,False,2022-11-09T15:38:08.724427+00:00
533,5389564783,18.6625,0.2,sell,False,2022-11-09T15:38:08.724427+00:00
534,5389564782,18.7775,1.0,sell,False,2022-11-09T15:38:08.724427+00:00
535,5389557539,19.47,485.5,buy,False,2022-11-09T15:37:52.855187+00:00
536,5389557537,19.47,224.5,buy,False,2022-11-09T15:37:52.849997+00:00
537,5389557536,19.47,365.8,buy,False,2022-11-09T15:37:52.849997+00:00
538,5389553021,19.47,445.7,buy,False,2022-11-09T15:37:43.493551+00:00
539,5389548859,19.47,281.4,buy,False,2022-11-09T15:37:37.206258+00:00
540,5389543847,19.47,303.5,buy,False,2022-11-09T15:37:30.294643+00:00
541,5389539777,19.47,288.1,buy,False,2022-11-09T15:37:23.706925+00:00
542,5389534207,19.47,333.2,buy,False,2022-11-09T15:37:16.488437+00:00
543,5389522271,19.47,1464.7,buy,False,2022-11-09T15:36:56.695298+00:00
544,5389514495,19.47,473.5,buy,False,2022-11-09T15:36:47.099739+00:00
545,5389509806,19.47,245.8,buy,False,2022-11-09T15:36:41.395822+00:00
546,5389505262,19.47,241.3,buy,False,2022-11-09T15:36:36.309600+00:00
547,5389501807,19.47,225.4,buy,False,2022-11-09T15:36:30.308648+00:00
548,5389499142,19.47,216.8,buy,False,2022-11-09T15:36:25.526394+00:00
549,5389489718,19.47,610.1,buy,False,2022-11-09T15:36:13.508248+00:00
550,5389483887,19.47,1104.5,buy,False,2022-11-09T15:35:56.704538+00:00
551,5389475914,19.47,2176.2,buy,False,2022-11-09T15:35:32.390586+00:00
552,5389475913,19.4675,19.1,buy,False,2022-11-09T15:35:32.390586+00:00
553,5389472290,19.47,916.7,buy,False,2022-11-09T15:35:17.473868+00:00
554,5389467789,19.47,573.4,buy,False,2022-11-09T15:35:06.450973+00:00
555,5389461215,19.47,1067.8,buy,False,2022-11-09T15:34:49.769590+00:00
556,5389457559,19.47,485.2,buy,False,2022-11-09T15:34:39.893481+00:00
557,5389455407,19.47,250.1,buy,False,2022-11-09T15:34:34.159038+00:00
558,5389453514,19.47,262.7,buy,False,2022-11-09T15:34:30.174042+00:00
559,5389453337,19.47,288.1,buy,False,2022-11-09T15:34:29.634854+00:00
560,5389449764,19.4775,220.2,sell,False,2022-11-09T15:34:21.290850+00:00
561,5389430365,19.565,180.2,sell,False,2022-11-09T15:33:41.384420+00:00
562,5389430364,19.5675,19.1,sell,False,2022-11-09T15:33:41.384420+00:00
563,5389397503,19.57,157.4,buy,False,2022-11-09T15:32:13.836996+00:00
564,5389396780,19.57,290.1,buy,False,2022-11-09T15:32:07.202245+00:00
565,5389395850,19.57,285.6,buy,False,2022-11-09T15:32:00.566614+00:00
566,5389395185,19.57,289.9,buy,False,2022-11-09T15:31:53.978503+00:00
567,5389393975,19.57,277.9,buy,False,2022-11-09T15:31:47.681965+00:00
568,5389392934,19.57,317.9,buy,False,2022-11-09T15:31:40.187100+00:00
569,5389392933,19.5675,19.1,buy,False,2022-11-09T15:31:40.187100+00:00
570,5389392108,19.57,232.8,buy,False,2022-11-09T15:31:34.773493+00:00
571,5389391209,19.57,258.8,buy,False,2022-11-09T15:31:30.285189+00:00
572,5389391135,19.57,259.3,buy,False,2022-11-09T15:31:29.670872+00:00
573,5389391125,19.58,185.2,sell,False,2022-11-09T15:31:29.550621+00:00
574,5389295641,19.67,346.0,sell,False,2022-11-09T15:21:54.934904+00:00
575,5389294684,19.6675,483.3,buy,False,2022-11-09T15:21:49.512218+00:00
576,5389290252,19.6675,19.1,buy,False,2022-11-09T15:21:25.215808+00:00
577,5389289966,19.67,271.6,sell,False,2022-11-09T15:21:23.469375+00:00
578,5389285376,19.66,833.9,buy,False,2022-11-09T15:20:56.068959+00:00
579,5389282996,19.66,258.0,buy,False,2022-11-09T15:20:39.267917+00:00
580,5389282003,19.66,285.9,buy,False,2022-11-09T15:20:32.678915+00:00
581,5389281515,19.66,238.3,buy,False,2022-11-09T15:20:29.086788+00:00
582,5389280671,19.66,278.1,buy,False,2022-11-09T15:20:24.161521+00:00
583,5389279226,19.66,281.3,buy,False,2022-11-09T15:20:14.896081+00:00
584,5389279137,19.66,252.4,buy,False,2022-11-09T15:20:14.357604+00:00
585,5389276684,19.6625,115.3,sell,False,2022-11-09T15:19:56.765707+00:00
586,5389269213,19.9075,234.9,buy,False,2022-11-09T15:19:15.544574+00:00
587,5389269212,19.905,18.7,buy,False,2022-11-09T15:19:15.544574+00:00
588,5389269211,19.75,0.1,buy,False,2022-11-09T15:19:15.544574+00:00
589,5389269210,19.7,0.1,buy,False,2022-11-09T15:19:15.544574+00:00
590,5389262003,19.65,775.1,buy,False,2022-11-09T15:18:24.506623+00:00
591,5389261438,19.65,482.3,buy,False,2022-11-09T15:18:20.952803+00:00
592,5389259692,19.65,454.5,buy,False,2022-11-09T15:18:11.703165+00:00
593,5389258443,19.65,284.1,buy,False,2022-11-09T15:18:05.085962+00:00
594,5389258310,19.65,267.2,buy,False,2022-11-09T15:18:04.042578+00:00
595,5389258192,19.65,281.3,buy,False,2022-11-09T15:18:03.508008+00:00
596,5389178444,19.7,505.2,buy,False,2022-11-09T15:09:49.674917+00:00
597,5389178359,19.7,280.4,buy,False,2022-11-09T15:09:49.123477+00:00
598,5389139410,19.8,2515.1,sell,False,2022-11-09T15:05:54.491698+00:00
599,5389108203,19.72,2535.4,buy,False,2022-11-09T15:03:31.265550+00:00
600,5388724344,19.8,78.6,sell,False,2022-11-09T14:37:08.683885+00:00
601,5388720096,19.8,2071.9,sell,False,2022-11-09T14:36:44.997797+00:00
602,5388716656,19.8,1207.8,sell,False,2022-11-09T14:36:27.282797+00:00
603,5388714422,19.8,732.4,sell,False,2022-11-09T14:36:14.386805+00:00
604,5388712685,19.8,308.0,sell,False,2022-11-09T14:36:07.482889+00:00
605,5388711947,19.8,313.7,sell,False,2022-11-09T14:36:03.835980+00:00
606,5388711797,19.8,338.1,sell,False,2022-11-09T14:36:03.301243+00:00
607,5388038060,19.12,611.4,sell,False,2022-11-09T13:34:27.063161+00:00
608,5388037882,19.165,329.8,sell,False,2022-11-09T13:34:25.576282+00:00
609,5388037668,19.3525,152.6,sell,False,2022-11-09T13:34:24.295634+00:00
610,5388037412,19.37,351.6,sell,False,2022-11-09T13:34:22.985519+00:00
611,5388037186,19.425,28.4,sell,False,2022-11-09T13:34:21.266248+00:00
612,5388036932,19.425,100.0,sell,False,2022-11-09T13:34:19.928668+00:00
613,5388036633,19.425,42.8,sell,False,2022-11-09T13:34:18.448173+00:00
614,5388036438,19.425,2.0,sell,False,2022-11-09T13:34:17.392979+00:00
615,5388036341,19.425,1.9,sell,False,2022-11-09T13:34:16.893653+00:00
616,5387511109,19.8275,0.2,buy,False,2022-11-09T13:00:33.987069+00:00
617,5385629670,19.5525,60.9,sell,False,2022-11-09T10:45:56.954266+00:00
618,5385262291,18.935,105.3,sell,False,2022-11-09T10:26:15.057861+00:00
619,5385261642,18.935,105.3,sell,False,2022-11-09T10:26:12.008716+00:00
620,5385260940,18.935,210.5,sell,False,2022-11-09T10:26:09.310590+00:00
621,5385260166,18.935,421.1,sell,False,2022-11-09T10:26:06.051791+00:00
622,5385259137,18.935,280.7,sell,False,2022-11-09T10:26:01.279422+00:00
623,5385258670,18.935,374.3,sell,False,2022-11-09T10:25:59.470906+00:00
624,5385258148,19.185,488.2,sell,False,2022-11-09T10:25:56.069994+00:00
625,5385258147,19.2,10.8,sell,False,2022-11-09T10:25:56.069994+00:00
626,5385256959,19.3725,285.2,sell,False,2022-11-09T10:25:52.033078+00:00
627,5385256958,19.43,361.3,sell,False,2022-11-09T10:25:52.033078+00:00
628,5385256957,19.4775,18.9,sell,False,2022-11-09T10:25:52.033078+00:00
629,5384711548,19.78,28.6,sell,False,2022-11-09T09:58:46.812128+00:00
630,5384711302,19.78,219.6,sell,False,2022-11-09T09:58:45.657747+00:00
631,5384711200,19.78,251.8,sell,False,2022-11-09T09:58:45.115980+00:00
632,5383685026,20.0,0.1,buy,False,2022-11-09T08:58:01.748901+00:00
633,5383672592,19.9925,4.6,buy,False,2022-11-09T08:57:11.050991+00:00
634,5383371792,20.085,171.0,buy,False,2022-11-09T08:34:09.001364+00:00
635,5383371791,20.0375,167.4,buy,False,2022-11-09T08:34:09.001364+00:00
636,5383371790,20.03,0.2,buy,False,2022-11-09T08:34:09.001364+00:00
637,5383371789,20.0,153.9,buy,False,2022-11-09T08:34:09.001364+00:00
638,5383371788,20.0,2.5,buy,False,2022-11-09T08:34:09.001364+00:00
639,5383371787,19.99,5.0,buy,False,2022-11-09T08:34:09.001364+00:00
640,5382830506,19.985,278.7,sell,False,2022-11-09T07:56:58.076185+00:00
641,5382830443,19.985,471.8,buy,False,2022-11-09T07:56:57.776676+00:00
642,5382807549,19.9725,273.8,sell,False,2022-11-09T07:54:45.363589+00:00
643,5382807532,19.9725,477.2,buy,False,2022-11-09T07:54:45.173743+00:00
644,5382785214,19.81,127.3,sell,False,2022-11-09T07:52:54.021729+00:00
645,5382681950,19.94,123.2,sell,False,2022-11-09T07:45:52.426123+00:00
646,5382681935,19.925,510.9,buy,False,2022-11-09T07:45:52.358958+00:00
647,5382681934,19.8775,118.1,buy,False,2022-11-09T07:45:52.358958+00:00
648,5382651969,19.81,0.9,sell,False,2022-11-09T07:43:34.336822+00:00
649,5382608710,19.94,187.7,sell,False,2022-11-09T07:40:31.647209+00:00
650,5382608707,19.94,412.7,buy,False,2022-11-09T07:40:31.578652+00:00
651,5382608706,19.885,151.8,buy,False,2022-11-09T07:40:31.578652+00:00
652,5382471697,19.9775,255.9,sell,False,2022-11-09T07:28:37.526798+00:00
653,5382471583,19.9775,694.0,buy,False,2022-11-09T07:28:37.390737+00:00
654,5382471582,19.9175,551.7,buy,False,2022-11-09T07:28:37.390737+00:00
655,5382446136,19.955,455.7,buy,False,2022-11-09T07:26:19.983620+00:00
656,5382446135,19.91,544.8,buy,False,2022-11-09T07:26:19.983620+00:00
657,5382432304,19.905,343.0,buy,False,2022-11-09T07:24:52.158850+00:00
658,5382432303,19.9025,18.5,buy,False,2022-11-09T07:24:52.158850+00:00
659,5382432302,19.855,140.8,buy,False,2022-11-09T07:24:52.158850+00:00
660,5382400369,19.6,6.9,buy,False,2022-11-09T07:21:30.937112+00:00
661,5382332998,19.59,0.9,sell,False,2022-11-09T07:16:13.143248+00:00
662,5381557386,19.52,163.8,sell,False,2022-11-09T06:09:52.397683+00:00
663,5381549611,19.525,130.2,sell,False,2022-11-09T06:09:16.487612+00:00
664,5381326140,19.5175,32.0,sell,False,2022-11-09T05:52:35.226992+00:00
665,5381204555,19.5,38.8,sell,False,2022-11-09T05:43:52.866938+00:00
666,5380832183,19.59,38.8,buy,False,2022-11-09T05:17:30.084610+00:00
667,5380542604,19.525,4.6,sell,False,2022-11-09T04:52:15.063948+00:00
668,5379403390,19.5925,29.2,sell,False,2022-11-09T03:05:37.862551+00:00
669,5377226029,19.5825,99.0,sell,False,2022-11-08T23:46:18.835639+00:00
670,5375491913,19.5675,40.0,sell,False,2022-11-08T21:43:38.323530+00:00
671,5375409202,19.5225,1.5,sell,False,2022-11-08T21:39:05.612903+00:00
672,5375408788,19.5225,4.6,sell,False,2022-11-08T21:39:03.640524+00:00
673,5375408294,19.5225,9.1,sell,False,2022-11-08T21:39:01.573671+00:00
674,5375407614,19.5225,7.6,sell,False,2022-11-08T21:38:59.483840+00:00
675,5375407265,19.5225,15.3,sell,False,2022-11-08T21:38:57.482442+00:00
676,5375406486,19.5225,30.6,sell,False,2022-11-08T21:38:55.428080+00:00
677,5375406202,19.5225,0.2,sell,False,2022-11-08T21:38:53.925009+00:00
678,5375405906,19.5225,0.4,sell,False,2022-11-08T21:38:52.384627+00:00
679,5375405571,19.5225,0.8,sell,False,2022-11-08T21:38:50.542090+00:00
680,5375405063,19.5225,1.6,sell,False,2022-11-08T21:38:48.565646+00:00
681,5375404778,19.5225,3.2,sell,False,2022-11-08T21:38:47.308744+00:00
682,5375404518,19.5225,16.4,sell,False,2022-11-08T21:38:45.516158+00:00
683,5375404256,19.5225,32.7,sell,False,2022-11-08T21:38:44.267774+00:00
684,5375404068,19.5225,0.1,sell,False,2022-11-08T21:38:42.983415+00:00
685,5375403681,19.5225,11.2,sell,False,2022-11-08T21:38:41.478716+00:00
686,5375403340,19.5225,0.1,sell,False,2022-11-08T21:38:40.209744+00:00
687,5375403000,19.5225,0.1,sell,False,2022-11-08T21:38:38.184447+00:00
688,5375402638,19.5225,0.2,sell,False,2022-11-08T21:38:36.157538+00:00
689,5375402225,19.5225,0.4,sell,False,2022-11-08T21:38:34.132492+00:00
690,5375401453,19.5225,0.9,sell,False,2022-11-08T21:38:32.330629+00:00
691,5375401018,19.5225,1.8,sell,False,2022-11-08T21:38:31.086647+00:00
692,5375400585,19.5225,3.6,sell,False,2022-11-08T21:38:29.061644+00:00
693,5375400042,19.5225,7.2,sell,False,2022-11-08T21:38:27.082680+00:00
694,5375399709,19.5225,32.7,sell,False,2022-11-08T21:38:25.004900+00:00
695,5375399233,19.5225,6.2,sell,False,2022-11-08T21:38:22.968121+00:00
696,5375398873,19.5225,12.5,sell,False,2022-11-08T21:38:20.946260+00:00
697,5375398110,19.5225,24.9,sell,False,2022-11-08T21:38:18.920971+00:00
698,5375397726,19.5225,49.8,sell,False,2022-11-08T21:38:17.116817+00:00
699,5375397420,19.5225,0.7,sell,False,2022-11-08T21:38:15.666190+00:00
700,5375397178,19.5225,1.4,sell,False,2022-11-08T21:38:13.851171+00:00
701,5375396840,19.5225,2.7,sell,False,2022-11-08T21:38:11.828261+00:00
702,5375396439,19.5225,5.5,sell,False,2022-11-08T21:38:09.797942+00:00
703,5375396086,19.5225,11.0,sell,False,2022-11-08T21:38:07.767918+00:00
704,5375395794,19.5225,21.9,sell,False,2022-11-08T21:38:05.778976+00:00
705,5375395319,19.5225,43.9,sell,False,2022-11-08T21:38:03.941545+00:00
706,5375395027,19.5225,64.2,sell,False,2022-11-08T21:38:02.694236+00:00
707,5375394604,19.5225,82.9,sell,False,2022-11-08T21:38:00.677845+00:00
708,5375394268,19.5225,13.1,sell,False,2022-11-08T21:37:58.639019+00:00
709,5375393940,19.5225,0.2,sell,False,2022-11-08T21:37:56.616942+00:00
710,5375393600,19.5225,0.4,sell,False,2022-11-08T21:37:54.582527+00:00
711,5375393254,19.5225,0.8,sell,False,2022-11-08T21:37:52.578852+00:00
712,5375392380,19.5225,1.6,sell,False,2022-11-08T21:37:48.734145+00:00
713,5375392096,19.5225,3.1,sell,False,2022-11-08T21:37:47.488142+00:00
714,5375391674,19.5225,6.2,sell,False,2022-11-08T21:37:45.467323+00:00
715,5375391426,19.5225,12.4,sell,False,2022-11-08T21:37:43.686391+00:00
716,5375391155,19.5225,9.9,sell,False,2022-11-08T21:37:42.412077+00:00
717,5375390869,19.5225,19.9,sell,False,2022-11-08T21:37:40.795068+00:00
718,5375390543,19.5225,7.5,sell,False,2022-11-08T21:37:39.373310+00:00
719,5375389879,19.5225,4.8,sell,False,2022-11-08T21:37:37.567275+00:00
720,5375389672,19.5225,9.7,sell,False,2022-11-08T21:37:36.158255+00:00
721,5375389093,19.5225,7.7,sell,False,2022-11-08T21:37:34.312999+00:00
722,5375388648,19.5225,9.7,sell,False,2022-11-08T21:37:32.500883+00:00
723,5375388412,19.5225,19.4,sell,False,2022-11-08T21:37:31.259215+00:00
724,5375387991,19.5225,12.6,sell,False,2022-11-08T21:37:29.556198+00:00
725,5375387651,19.5225,0.4,sell,False,2022-11-08T21:37:28.226310+00:00
726,5375387131,19.5225,0.8,sell,False,2022-11-08T21:37:26.195862+00:00
727,5375386873,19.5225,1.7,sell,False,2022-11-08T21:37:24.194470+00:00
728,5375386537,19.5225,3.3,sell,False,2022-11-08T21:37:22.139071+00:00
729,5375386168,19.5225,6.7,sell,False,2022-11-08T21:37:20.351596+00:00
730,5375385989,19.5225,13.4,sell,False,2022-11-08T21:37:19.044545+00:00
731,5375385809,19.5225,0.1,sell,False,2022-11-08T21:37:17.689826+00:00
732,5375385596,19.5275,0.1,sell,False,2022-11-08T21:37:16.102826+00:00
733,5375385175,19.5275,0.2,sell,False,2022-11-08T21:37:14.243602+00:00
734,5375384855,19.5275,0.4,sell,False,2022-11-08T21:37:12.842950+00:00
735,5375384477,19.5275,0.9,sell,False,2022-11-08T21:37:11.285801+00:00
736,5375384275,19.5275,1.7,sell,False,2022-11-08T21:37:09.967113+00:00
737,5375383988,19.5275,3.5,sell,False,2022-11-08T21:37:08.097638+00:00
738,5375383744,19.5275,7.0,sell,False,2022-11-08T21:37:06.433644+00:00
739,5375383080,19.5275,3.4,sell,False,2022-11-08T21:37:04.919610+00:00
740,5375382745,19.5275,11.9,sell,False,2022-11-08T21:37:02.867332+00:00
741,5375382389,19.5275,23.8,sell,False,2022-11-08T21:37:00.843277+00:00
742,5375381898,19.5275,12.6,sell,False,2022-11-08T21:36:58.822948+00:00
743,5375381173,19.5275,1.0,sell,False,2022-11-08T21:36:57.028121+00:00
744,5375380718,19.5275,2.0,sell,False,2022-11-08T21:36:55.649752+00:00
745,5375380295,19.5275,3.9,sell,False,2022-11-08T21:36:53.740104+00:00
746,5375379871,19.5275,7.8,sell,False,2022-11-08T21:36:51.889465+00:00
747,5375379713,19.5275,0.4,sell,False,2022-11-08T21:36:50.467839+00:00
748,5375379502,19.5275,0.9,sell,False,2022-11-08T21:36:48.897879+00:00
749,5375379297,19.5275,1.8,sell,False,2022-11-08T21:36:47.507690+00:00
750,5375378775,19.5275,9.2,sell,False,2022-11-08T21:36:45.916629+00:00
751,5375378519,19.5275,3.6,sell,False,2022-11-08T21:36:44.622267+00:00
752,5375378164,19.5275,7.2,sell,False,2022-11-08T21:36:42.587275+00:00
753,5375377948,19.5275,14.3,sell,False,2022-11-08T21:36:41.237692+00:00
754,5375377556,19.5275,28.7,sell,False,2022-11-08T21:36:39.553505+00:00
755,5375376944,19.5275,88.0,sell,False,2022-11-08T21:36:37.526705+00:00
756,5375376347,19.5275,13.7,sell,False,2022-11-08T21:36:34.539675+00:00
757,5375375236,19.5275,0.1,sell,False,2022-11-08T21:36:30.425977+00:00
758,5375374032,19.5275,11.8,sell,False,2022-11-08T21:36:26.412727+00:00
759,5375372961,19.5275,0.2,sell,False,2022-11-08T21:36:24.372200+00:00
760,5375371835,19.5275,0.4,sell,False,2022-11-08T21:36:22.327669+00:00
761,5375370932,19.5275,9.3,sell,False,2022-11-08T21:36:20.530963+00:00
762,5375370454,19.5275,0.8,sell,False,2022-11-08T21:36:19.267798+00:00
763,5375369978,19.5275,1.6,sell,False,2022-11-08T21:36:17.243657+00:00
764,5375369620,19.5275,3.2,sell,False,2022-11-08T21:36:15.837831+00:00
765,5375369189,19.5275,6.5,sell,False,2022-11-08T21:36:14.205698+00:00
766,5375368905,19.5275,13.0,sell,False,2022-11-08T21:36:12.738898+00:00
767,5375368531,19.5275,26.0,sell,False,2022-11-08T21:36:11.187697+00:00
768,5375367987,19.5275,31.8,sell,False,2022-11-08T21:36:09.132946+00:00
769,5375367149,19.5725,0.1,sell,False,2022-11-08T21:36:07.347937+00:00
770,5375365976,19.5725,0.1,sell,False,2022-11-08T21:36:05.307034+00:00
771,5375364014,19.5725,0.1,sell,False,2022-11-08T21:36:02.076528+00:00
772,5375361292,19.5725,0.3,sell,False,2022-11-08T21:35:58.000834+00:00
773,5375360112,19.5725,0.5,sell,False,2022-11-08T21:35:54.143866+00:00
774,5375359547,19.5725,1.1,sell,False,2022-11-08T21:35:51.892697+00:00
775,5375358828,19.5725,2.2,sell,False,2022-11-08T21:35:49.074338+00:00
776,5375358397,19.5725,4.4,sell,False,2022-11-08T21:35:47.614105+00:00
777,5375358015,19.5725,8.8,sell,False,2022-11-08T21:35:45.813422+00:00
778,5375357790,19.5725,17.6,sell,False,2022-11-08T21:35:44.044931+00:00
779,5375357534,19.5725,30.3,sell,False,2022-11-08T21:35:42.761787+00:00
780,5375356859,19.5725,60.6,sell,False,2022-11-08T21:35:40.775826+00:00
781,5375356499,19.5725,0.1,sell,False,2022-11-08T21:35:39.237585+00:00
782,5375356288,19.5725,0.1,sell,False,2022-11-08T21:35:37.705483+00:00
783,5375355813,19.5725,0.1,sell,False,2022-11-08T21:35:36.397113+00:00
784,5375355348,19.5725,0.3,sell,False,2022-11-08T21:35:34.653017+00:00
785,5375354925,19.5725,0.5,sell,False,2022-11-08T21:35:32.908853+00:00
786,5375354450,19.5725,5.6,sell,False,2022-11-08T21:35:31.615321+00:00
787,5375354088,19.5275,11.2,sell,False,2022-11-08T21:35:29.620551+00:00
788,5375353791,19.5275,0.5,sell,False,2022-11-08T21:35:27.587360+00:00
789,5375353399,19.5275,1.0,sell,False,2022-11-08T21:35:25.566775+00:00
790,5375352386,19.5275,2.0,sell,False,2022-11-08T21:35:23.610675+00:00
791,5375351970,19.5275,4.0,sell,False,2022-11-08T21:35:21.470256+00:00
792,5375351422,19.5275,8.0,sell,False,2022-11-08T21:35:19.462153+00:00
793,5375350205,19.5275,16.1,sell,False,2022-11-08T21:35:17.938903+00:00
794,5375349749,19.5275,32.1,sell,False,2022-11-08T21:35:16.399316+00:00
795,5375349282,19.575,0.1,sell,False,2022-11-08T21:35:14.392774+00:00
796,5375348953,19.575,0.1,sell,False,2022-11-08T21:35:12.356458+00:00
797,5375348428,19.575,0.2,sell,False,2022-11-08T21:35:10.326230+00:00
798,5375347852,19.575,0.4,sell,False,2022-11-08T21:35:07.951332+00:00
799,5375347224,19.575,0.7,sell,False,2022-11-08T21:35:06.660906+00:00
800,5375347005,19.575,1.5,sell,False,2022-11-08T21:35:05.320730+00:00
801,5375346516,19.575,2.9,sell,False,2022-11-08T21:35:03.225726+00:00
802,5375345781,19.575,5.8,sell,False,2022-11-08T21:35:01.838652+00:00
803,5375345155,19.575,3.4,sell,False,2022-11-08T21:35:00.444838+00:00
804,5375344952,19.575,6.9,sell,False,2022-11-08T21:34:59.157469+00:00
805,5375344589,19.575,6.0,sell,False,2022-11-08T21:34:57.135885+00:00
806,5375344087,19.575,3.7,sell,False,2022-11-08T21:34:55.109390+00:00
807,5375342979,19.575,7.3,sell,False,2022-11-08T21:34:53.081050+00:00
808,5375342315,19.575,7.8,sell,False,2022-11-08T21:34:51.050361+00:00
809,5375341757,19.575,15.6,sell,False,2022-11-08T21:34:49.056576+00:00
810,5375341245,19.575,31.2,sell,False,2022-11-08T21:34:46.997394+00:00
811,5375340529,19.575,0.1,sell,False,2022-11-08T21:34:45.519670+00:00
812,5375340356,19.575,0.1,sell,False,2022-11-08T21:34:44.197724+00:00
813,5375340015,19.575,0.2,sell,False,2022-11-08T21:34:42.939151+00:00
814,5375339603,19.575,0.4,sell,False,2022-11-08T21:34:41.148458+00:00
815,5375339288,19.575,0.8,sell,False,2022-11-08T21:34:39.896569+00:00
816,5375339059,19.575,1.6,sell,False,2022-11-08T21:34:37.896401+00:00
817,5375338646,19.575,3.1,sell,False,2022-11-08T21:34:36.066309+00:00
818,5375338322,19.575,6.2,sell,False,2022-11-08T21:34:34.685300+00:00
819,5375337989,19.575,12.4,sell,False,2022-11-08T21:34:32.783845+00:00
820,5375337663,19.575,1.3,sell,False,2022-11-08T21:34:31.063361+00:00
821,5375337355,19.575,2.7,sell,False,2022-11-08T21:34:29.702433+00:00
822,5375337056,19.575,5.3,sell,False,2022-11-08T21:34:28.011841+00:00
823,5375336821,19.575,10.6,sell,False,2022-11-08T21:34:26.712162+00:00
824,5375336577,19.575,32.9,sell,False,2022-11-08T21:34:25.316864+00:00
825,5375336355,19.575,4.4,sell,False,2022-11-08T21:34:23.898996+00:00
826,5375336095,19.575,8.9,sell,False,2022-11-08T21:34:22.649872+00:00
827,5375335744,19.575,0.3,sell,False,2022-11-08T21:34:20.636359+00:00
828,5375335351,19.525,0.6,sell,False,2022-11-08T21:34:18.596939+00:00
829,5375335071,19.525,1.3,sell,False,2022-11-08T21:34:16.840218+00:00
830,5375334854,19.525,2.6,sell,False,2022-11-08T21:34:15.585612+00:00
831,5375334432,19.525,5.1,sell,False,2022-11-08T21:34:13.530463+00:00
832,5375334192,19.525,10.2,sell,False,2022-11-08T21:34:12.047069+00:00
833,5375333994,19.525,20.4,sell,False,2022-11-08T21:34:10.772918+00:00
834,5375333582,19.525,40.8,sell,False,2022-11-08T21:34:09.486647+00:00
835,5375333085,19.525,81.7,sell,False,2022-11-08T21:34:07.475186+00:00
836,5375332557,19.525,6.2,sell,False,2022-11-08T21:34:05.417014+00:00
837,5375331425,19.525,12.5,sell,False,2022-11-08T21:34:03.421491+00:00
838,5375331065,19.525,0.9,sell,False,2022-11-08T21:34:01.362799+00:00
839,5375330793,19.525,1.8,sell,False,2022-11-08T21:33:59.441029+00:00
840,5375330432,19.525,3.6,sell,False,2022-11-08T21:33:57.692178+00:00
841,5375330139,19.525,7.2,sell,False,2022-11-08T21:33:56.317305+00:00
842,5375329861,19.525,14.3,sell,False,2022-11-08T21:33:54.651658+00:00
843,5375329624,19.525,28.7,sell,False,2022-11-08T21:33:53.250131+00:00
844,5375328858,19.5725,0.1,sell,False,2022-11-08T21:33:49.189542+00:00
845,5375328590,19.5725,0.1,sell,False,2022-11-08T21:33:47.170348+00:00
846,5375328140,19.5725,0.1,sell,False,2022-11-08T21:33:45.361750+00:00
847,5375327868,19.5725,0.3,sell,False,2022-11-08T21:33:44.120317+00:00
848,5375327297,19.5725,0.6,sell,False,2022-11-08T21:33:42.322330+00:00
849,5375327112,19.5725,1.1,sell,False,2022-11-08T21:33:41.077089+00:00
850,5375326833,19.5725,2.3,sell,False,2022-11-08T21:33:39.298144+00:00
851,5375326643,19.5725,4.5,sell,False,2022-11-08T21:33:38.041096+00:00
852,5375326333,19.5725,9.1,sell,False,2022-11-08T21:33:36.013141+00:00
853,5375326023,19.5725,18.2,sell,False,2022-11-08T21:33:33.988740+00:00
854,5375325654,19.5725,36.3,sell,False,2022-11-08T21:33:31.995781+00:00
855,5375325130,19.5725,72.6,sell,False,2022-11-08T21:33:30.319506+00:00
856,5375324904,19.5725,0.1,sell,False,2022-11-08T21:33:28.924423+00:00
857,5375324599,19.5725,0.1,sell,False,2022-11-08T21:33:26.890625+00:00
858,5375324048,19.5725,0.3,sell,False,2022-11-08T21:33:24.866521+00:00
859,5375323355,19.5725,0.5,sell,False,2022-11-08T21:33:23.057220+00:00
860,5375322324,19.5725,1.0,sell,False,2022-11-08T21:33:21.811339+00:00
861,5375322002,19.5725,2.1,sell,False,2022-11-08T21:33:19.786047+00:00
862,5375321559,19.5725,4.2,sell,False,2022-11-08T21:33:17.762979+00:00
863,5375321196,19.525,8.4,sell,False,2022-11-08T21:33:16.082675+00:00
864,5375320930,19.525,16.8,sell,False,2022-11-08T21:33:14.759143+00:00
865,5375320635,19.525,33.5,sell,False,2022-11-08T21:33:12.689569+00:00
866,5375320223,19.525,45.6,sell,False,2022-11-08T21:33:10.663478+00:00
867,5375319933,19.525,91.1,sell,False,2022-11-08T21:33:08.629290+00:00
868,5375319472,19.525,13.6,sell,False,2022-11-08T21:33:06.784351+00:00
869,5375318811,19.525,5.5,sell,False,2022-11-08T21:33:04.648465+00:00
870,5375317982,19.525,11.0,sell,False,2022-11-08T21:33:02.553131+00:00
871,5375317574,19.525,22.0,sell,False,2022-11-08T21:33:00.526059+00:00
872,5375317226,19.525,0.1,sell,False,2022-11-08T21:32:58.495891+00:00
873,5375316855,19.525,0.1,sell,False,2022-11-08T21:32:56.458961+00:00
874,5375316600,19.525,0.2,sell,False,2022-11-08T21:32:54.466802+00:00
875,5375316152,19.525,0.3,sell,False,2022-11-08T21:32:52.639561+00:00
876,5375315825,19.525,0.6,sell,False,2022-11-08T21:32:51.390624+00:00
877,5375315532,19.525,1.3,sell,False,2022-11-08T21:32:49.366706+00:00
878,5375315224,19.525,2.5,sell,False,2022-11-08T21:32:47.343832+00:00
879,5375314874,19.525,5.1,sell,False,2022-11-08T21:32:45.306834+00:00
880,5375314521,19.525,10.1,sell,False,2022-11-08T21:32:43.573203+00:00
881,5375314279,19.525,0.1,sell,False,2022-11-08T21:32:42.256083+00:00
882,5375313820,19.5225,0.2,sell,False,2022-11-08T21:32:40.290606+00:00
883,5375313307,19.5225,0.3,sell,False,2022-11-08T21:32:38.288171+00:00
884,5375312007,19.5225,0.7,sell,False,2022-11-08T21:32:33.150256+00:00
885,5375311720,19.5225,1.4,sell,False,2022-11-08T21:32:31.118179+00:00
886,5375311331,19.5225,2.8,sell,False,2022-11-08T21:32:29.437977+00:00
887,5375310932,19.5225,5.5,sell,False,2022-11-08T21:32:28.071696+00:00
888,5375310471,19.57,0.1,sell,False,2022-11-08T21:32:26.049636+00:00
889,5375310155,19.57,0.1,sell,False,2022-11-08T21:32:24.247676+00:00
890,5375309761,19.57,0.1,sell,False,2022-11-08T21:32:22.998950+00:00
891,5375309417,19.57,0.2,sell,False,2022-11-08T21:32:21.216170+00:00
892,5375309199,19.57,0.5,sell,False,2022-11-08T21:32:19.962680+00:00
893,5375308192,19.57,1.0,sell,False,2022-11-08T21:32:17.975659+00:00
894,5375307632,19.57,1.9,sell,False,2022-11-08T21:32:15.928115+00:00
895,5375307062,19.57,3.8,sell,False,2022-11-08T21:32:13.914926+00:00
896,5375306712,19.57,7.7,sell,False,2022-11-08T21:32:11.861977+00:00
897,5375306222,19.57,15.3,sell,False,2022-11-08T21:32:09.842555+00:00
898,5375305317,19.57,12.5,sell,False,2022-11-08T21:32:07.796303+00:00
899,5375304535,19.57,0.1,sell,False,2022-11-08T21:32:05.812191+00:00
900,5375303485,19.57,0.2,sell,False,2022-11-08T21:32:03.739794+00:00
901,5375302963,19.57,0.3,sell,False,2022-11-08T21:32:01.732977+00:00
902,5375302363,19.57,0.6,sell,False,2022-11-08T21:31:59.682848+00:00
903,5375301923,19.57,1.2,sell,False,2022-11-08T21:31:57.658764+00:00
904,5375301414,19.57,2.5,sell,False,2022-11-08T21:31:55.619247+00:00
905,5375300964,19.57,5.0,sell,False,2022-11-08T21:31:53.819232+00:00
906,5375300663,19.57,10.0,sell,False,2022-11-08T21:31:52.273651+00:00
907,5375300369,19.57,8.1,sell,False,2022-11-08T21:31:50.829499+00:00
908,5375299989,19.57,16.2,sell,False,2022-11-08T21:31:49.568263+00:00
909,5375299578,19.57,32.4,sell,False,2022-11-08T21:31:48.112524+00:00
910,5375299325,19.57,3.4,sell,False,2022-11-08T21:31:46.742296+00:00
911,5375298259,19.57,6.7,sell,False,2022-11-08T21:31:45.487205+00:00
912,5375298018,19.57,13.4,sell,False,2022-11-08T21:31:43.762335+00:00
913,5375297814,19.57,26.8,sell,False,2022-11-08T21:31:42.480747+00:00
914,5375297567,19.57,37.2,sell,False,2022-11-08T21:31:41.119224+00:00
915,5375297198,19.5225,11.0,sell,False,2022-11-08T21:31:39.631098+00:00
916,5375296944,19.5225,22.0,sell,False,2022-11-08T21:31:38.380243+00:00
917,5375296482,19.5225,44.1,sell,False,2022-11-08T21:31:36.358990+00:00
918,5375295967,19.5225,88.1,sell,False,2022-11-08T21:31:34.339148+00:00
919,5375295005,19.5225,9.6,sell,False,2022-11-08T21:31:32.586895+00:00
920,5375294567,19.5225,1.0,sell,False,2022-11-08T21:31:31.331867+00:00
921,5375293526,19.5225,2.1,sell,False,2022-11-08T21:31:29.482361+00:00
922,5375293285,19.5225,4.1,sell,False,2022-11-08T21:31:28.118289+00:00
923,5375292987,19.5225,8.2,sell,False,2022-11-08T21:31:26.223019+00:00
924,5375292405,19.5225,1.1,sell,False,2022-11-08T21:31:24.231372+00:00
925,5375291808,19.5225,2.1,sell,False,2022-11-08T21:31:22.198800+00:00
926,5375291396,19.5225,9.4,sell,False,2022-11-08T21:31:20.235794+00:00
927,5375290967,19.5225,4.1,sell,False,2022-11-08T21:31:18.501946+00:00
928,5375290739,19.5225,8.3,sell,False,2022-11-08T21:31:17.120235+00:00
929,5375290395,19.5225,16.5,sell,False,2022-11-08T21:31:15.069897+00:00
930,5375289641,19.5225,33.1,sell,False,2022-11-08T21:31:13.068647+00:00
931,5375289288,19.5225,0.1,sell,False,2022-11-08T21:31:11.336383+00:00
932,5375288951,19.5225,0.1,sell,False,2022-11-08T21:31:10.014289+00:00
933,5375286608,19.5225,0.2,sell,False,2022-11-08T21:31:07.965623+00:00
934,5375286171,19.5225,0.3,sell,False,2022-11-08T21:31:05.973975+00:00
935,5375285844,19.5225,0.6,sell,False,2022-11-08T21:31:03.947272+00:00
936,5375285445,19.5225,1.2,sell,False,2022-11-08T21:31:01.909747+00:00
937,5375285075,19.5225,2.4,sell,False,2022-11-08T21:30:59.861957+00:00
938,5375284798,19.5225,4.9,sell,False,2022-11-08T21:30:58.283693+00:00
939,5375284379,19.5225,9.8,sell,False,2022-11-08T21:30:56.809238+00:00
940,5375283813,19.57,0.1,sell,False,2022-11-08T21:30:54.783123+00:00
941,5375283243,19.57,0.1,sell,False,2022-11-08T21:30:52.760247+00:00
942,5375282906,19.57,0.1,sell,False,2022-11-08T21:30:51.187990+00:00
943,5375282665,19.57,0.2,sell,False,2022-11-08T21:30:49.715244+00:00
944,5375282230,19.57,0.4,sell,False,2022-11-08T21:30:47.691592+00:00
945,5375281747,19.57,0.8,sell,False,2022-11-08T21:30:45.958819+00:00
946,5375281492,19.57,1.6,sell,False,2022-11-08T21:30:44.648040+00:00
947,5375280654,19.57,3.2,sell,False,2022-11-08T21:30:42.629614+00:00
948,5375280331,19.57,6.5,sell,False,2022-11-08T21:30:40.593294+00:00
949,5375279988,19.57,13.0,sell,False,2022-11-08T21:30:38.565000+00:00
950,5375279787,19.57,8.1,sell,False,2022-11-08T21:30:36.772263+00:00
951,5375279539,19.57,4.7,sell,False,2022-11-08T21:30:35.468671+00:00
952,5375279269,19.57,9.4,sell,False,2022-11-08T21:30:33.490038+00:00
953,5375278635,19.57,13.0,sell,False,2022-11-08T21:30:31.461782+00:00
954,5375278299,19.57,31.8,sell,False,2022-11-08T21:30:29.675575+00:00
955,5375278153,19.57,63.6,sell,False,2022-11-08T21:30:28.421055+00:00
956,5375277907,19.57,10.9,sell,False,2022-11-08T21:30:26.624600+00:00
957,5375277725,19.57,0.5,sell,False,2022-11-08T21:30:25.327936+00:00
958,5375277166,19.57,2.4,sell,False,2022-11-08T21:30:23.589177+00:00
959,5375276747,19.57,4.8,sell,False,2022-11-08T21:30:22.217178+00:00
960,5375276480,19.57,9.6,sell,False,2022-11-08T21:30:20.739012+00:00
961,5375276256,19.57,3.3,sell,False,2022-11-08T21:30:19.367753+00:00
962,5375275928,19.57,6.7,sell,False,2022-11-08T21:30:17.271307+00:00
963,5375275542,19.57,13.3,sell,False,2022-11-08T21:30:15.628318+00:00
964,5375275006,19.5225,26.6,sell,False,2022-11-08T21:30:14.294159+00:00
965,5375273978,19.5225,5.2,sell,False,2022-11-08T21:30:12.647814+00:00
966,5375273727,19.5225,10.5,sell,False,2022-11-08T21:30:11.315654+00:00
967,5375273372,19.5225,3.7,sell,False,2022-11-08T21:30:09.645919+00:00
968,5375273055,19.5225,7.5,sell,False,2022-11-08T21:30:08.139766+00:00
969,5375272789,19.5225,15.0,sell,False,2022-11-08T21:30:06.770032+00:00
970,5375272517,19.5225,15.0,sell,False,2022-11-08T21:30:05.343660+00:00
971,5375272256,19.5225,30.0,sell,False,2022-11-08T21:30:04.040822+00:00
972,5375271820,19.485,0.2,sell,False,2022-11-08T21:30:02.421654+00:00
973,5375271432,19.5325,0.3,sell,False,2022-11-08T21:30:01.043879+00:00
974,5375270990,19.5325,0.7,sell,False,2022-11-08T21:29:59.178647+00:00
975,5375270611,19.5325,1.4,sell,False,2022-11-08T21:29:56.992180+00:00
976,5375270238,19.5325,2.8,sell,False,2022-11-08T21:29:54.957673+00:00
977,5375269804,19.5325,5.5,sell,False,2022-11-08T21:29:52.946901+00:00
978,5375269517,19.485,11.0,sell,False,2022-11-08T21:29:50.901700+00:00
979,5375269196,19.485,0.1,sell,False,2022-11-08T21:29:48.906454+00:00
980,5375268982,19.5325,0.2,sell,False,2022-11-08T21:29:47.570842+00:00
981,5375268763,19.5325,0.3,sell,False,2022-11-08T21:29:45.876292+00:00
982,5375268494,19.5325,0.7,sell,False,2022-11-08T21:29:44.337912+00:00
983,5375268162,19.5325,1.4,sell,False,2022-11-08T21:29:43.034168+00:00
984,5375267797,19.5325,2.7,sell,False,2022-11-08T21:29:41.777406+00:00
985,5375267575,19.5325,5.5,sell,False,2022-11-08T21:29:39.985229+00:00
986,5375267372,19.5325,11.0,sell,False,2022-11-08T21:29:38.617166+00:00
987,5375267120,19.5325,2.1,sell,False,2022-11-08T21:29:36.934974+00:00
988,5375266895,19.5325,4.2,sell,False,2022-11-08T21:29:35.570883+00:00
989,5375266603,19.5325,11.0,sell,False,2022-11-08T21:29:33.910547+00:00
990,5375266373,19.5325,22.0,sell,False,2022-11-08T21:29:32.598060+00:00
991,5375265860,19.5325,0.1,sell,False,2022-11-08T21:29:30.624616+00:00
992,5375265466,19.4775,0.2,sell,False,2022-11-08T21:29:29.079949+00:00
993,5375265026,19.4775,0.4,sell,False,2022-11-08T21:29:27.578152+00:00
994,5375264127,19.4775,0.9,sell,False,2022-11-08T21:29:25.553924+00:00
995,5375263485,19.4775,1.7,sell,False,2022-11-08T21:29:23.517451+00:00
996,5375263155,19.4775,3.4,sell,False,2022-11-08T21:29:21.743607+00:00
997,5375262900,19.4775,6.9,sell,False,2022-11-08T21:29:20.351704+00:00
998,5375262571,19.4775,11.5,sell,False,2022-11-08T21:29:18.897041+00:00
999,5375262331,19.4775,25.2,sell,False,2022-11-08T21:29:17.438941+00:00
1000,5375261033,19.4775,50.5,sell,False,2022-11-08T21:29:15.451317+00:00
1001,5375260579,19.4775,97.8,sell,False,2022-11-08T21:29:13.383549+00:00
1002,5375260038,19.4775,4.9,sell,False,2022-11-08T21:29:11.597657+00:00
1003,5375259747,19.4775,9.8,sell,False,2022-11-08T21:29:10.339010+00:00
1004,5375259278,19.4775,0.1,sell,False,2022-11-08T21:29:08.426358+00:00
1005,5375258722,19.4775,0.1,sell,False,2022-11-08T21:29:06.511727+00:00
1006,5375258276,19.4775,0.3,sell,False,2022-11-08T21:29:05.051283+00:00
1007,5375257683,19.4775,0.3,sell,False,2022-11-08T21:29:03.281203+00:00
1008,5375257383,19.4775,0.6,sell,False,2022-11-08T21:29:01.799824+00:00
1009,5375256893,19.4775,1.2,sell,False,2022-11-08T21:29:00.204652+00:00
1010,5375256339,19.4775,2.4,sell,False,2022-11-08T21:28:58.173962+00:00
1011,5375255898,19.4775,4.8,sell,False,2022-11-08T21:28:56.411227+00:00
1012,5375255568,19.4775,9.5,sell,False,2022-11-08T21:28:55.137005+00:00
1013,5375254841,19.4775,19.1,sell,False,2022-11-08T21:28:53.103470+00:00
1014,5375253888,19.4775,38.1,sell,False,2022-11-08T21:28:51.139019+00:00
1015,5375253086,19.4775,12.3,sell,False,2022-11-08T21:28:49.436363+00:00
1016,5375252139,19.4775,8.6,sell,False,2022-11-08T21:28:48.073208+00:00
1017,5375249821,19.4775,17.2,sell,False,2022-11-08T21:28:46.013919+00:00
1018,5375249199,19.4775,34.4,sell,False,2022-11-08T21:28:43.978791+00:00
1019,5375248901,19.4775,0.1,sell,False,2022-11-08T21:28:42.624065+00:00
1020,5375248476,19.4775,0.1,sell,False,2022-11-08T21:28:41.175321+00:00
1021,5375247985,19.4775,0.2,sell,False,2022-11-08T21:28:39.911780+00:00
1022,5375247592,19.4775,0.3,sell,False,2022-11-08T21:28:37.897004+00:00
1023,5375247161,19.4775,0.6,sell,False,2022-11-08T21:28:35.888941+00:00
1024,5375246623,19.4775,1.3,sell,False,2022-11-08T21:28:33.836768+00:00
1025,5375245874,19.4775,2.6,sell,False,2022-11-08T21:28:30.825099+00:00
1026,5375244792,19.4775,5.2,sell,False,2022-11-08T21:28:28.796049+00:00
1027,5375244394,19.4775,10.3,sell,False,2022-11-08T21:28:27.080941+00:00
1028,5375243991,19.4775,24.7,sell,False,2022-11-08T21:28:25.725021+00:00
1029,5375243718,19.53,0.1,sell,False,2022-11-08T21:28:23.763715+00:00
1030,5375243435,19.53,0.1,sell,False,2022-11-08T21:28:21.676725+00:00
1031,5375242977,19.53,0.2,sell,False,2022-11-08T21:28:19.645134+00:00
1032,5375242632,19.53,0.3,sell,False,2022-11-08T21:28:17.615751+00:00
1033,5375242111,19.53,0.6,sell,False,2022-11-08T21:28:15.584005+00:00
1034,5375241717,19.53,1.2,sell,False,2022-11-08T21:28:13.625544+00:00
1035,5375241461,19.53,2.4,sell,False,2022-11-08T21:28:12.203201+00:00
1036,5375241086,19.53,4.8,sell,False,2022-11-08T21:28:10.544472+00:00
1037,5375240692,19.53,9.6,sell,False,2022-11-08T21:28:08.536043+00:00
1038,5375240517,19.53,11.7,sell,False,2022-11-08T21:28:07.132536+00:00
1039,5375240184,19.53,30.9,sell,False,2022-11-08T21:28:05.450916+00:00
1040,5375239417,19.53,8.7,sell,False,2022-11-08T21:28:03.450187+00:00
1041,5375238754,19.53,1.3,sell,False,2022-11-08T21:28:01.428058+00:00
1042,5375238537,19.53,2.6,sell,False,2022-11-08T21:27:59.589562+00:00
1043,5375238378,19.53,5.2,sell,False,2022-11-08T21:27:58.281887+00:00
1044,5375238067,19.53,10.4,sell,False,2022-11-08T21:27:56.316439+00:00
1045,5375237796,19.53,3.1,sell,False,2022-11-08T21:27:54.584572+00:00
1046,5375237303,19.53,6.2,sell,False,2022-11-08T21:27:53.283645+00:00
1047,5375236984,19.53,12.4,sell,False,2022-11-08T21:27:51.972645+00:00
1048,5375236536,19.53,23.9,sell,False,2022-11-08T21:27:50.230200+00:00
1049,5375223904,19.53,0.1,sell,False,2022-11-08T21:27:05.658627+00:00
1050,5375223640,19.53,0.1,sell,False,2022-11-08T21:27:03.827768+00:00
1051,5375223288,19.53,0.1,sell,False,2022-11-08T21:27:02.452785+00:00
1052,5375222873,19.53,0.1,sell,False,2022-11-08T21:27:01.146751+00:00
1053,5375222580,19.53,0.1,sell,False,2022-11-08T21:26:59.535201+00:00
1054,5375222301,19.53,0.1,sell,False,2022-11-08T21:26:57.506381+00:00
1055,5375221950,19.53,0.1,sell,False,2022-11-08T21:26:55.814507+00:00
1056,5375221313,19.53,0.1,sell,False,2022-11-08T21:26:54.466671+00:00
1057,5375220899,19.53,0.1,sell,False,2022-11-08T21:26:52.443703+00:00
1058,5375220631,19.53,0.1,sell,False,2022-11-08T21:26:50.923511+00:00
1059,5375220322,19.53,0.1,sell,False,2022-11-08T21:26:49.397303+00:00
1060,5375219679,19.53,0.1,sell,False,2022-11-08T21:26:47.412209+00:00
1061,5375219062,19.53,0.1,sell,False,2022-11-08T21:26:45.820751+00:00
1062,5375218600,19.53,0.1,sell,False,2022-11-08T21:26:44.340968+00:00
1063,5375218002,19.53,0.1,sell,False,2022-11-08T21:26:42.295253+00:00
1064,5375217506,19.53,0.1,sell,False,2022-11-08T21:26:40.304918+00:00
1065,5375216889,19.53,0.1,sell,False,2022-11-08T21:26:38.243733+00:00
1066,5375216418,19.53,0.1,sell,False,2022-11-08T21:26:36.212065+00:00
1067,5375216052,19.53,0.1,sell,False,2022-11-08T21:26:34.861799+00:00
1068,5375215697,19.53,0.1,sell,False,2022-11-08T21:26:33.170040+00:00
1069,5375215214,19.53,0.1,sell,False,2022-11-08T21:26:31.145000+00:00
1070,5375214684,19.53,0.1,sell,False,2022-11-08T21:26:29.686977+00:00
1071,5375214253,19.53,0.1,sell,False,2022-11-08T21:26:28.125974+00:00
1072,5375213860,19.53,0.1,sell,False,2022-11-08T21:26:26.072604+00:00
1073,5375213098,19.53,0.1,sell,False,2022-11-08T21:26:24.049580+00:00
1074,5375212442,19.53,0.1,sell,False,2022-11-08T21:26:22.053389+00:00
1075,5375211874,19.53,0.1,sell,False,2022-11-08T21:26:19.990966+00:00
1076,5375211474,19.53,0.1,sell,False,2022-11-08T21:26:17.966749+00:00
1077,5375210312,19.53,0.1,sell,False,2022-11-08T21:26:15.931940+00:00
1078,5375209857,19.53,0.1,sell,False,2022-11-08T21:26:13.908764+00:00
1079,5375209248,19.53,0.1,sell,False,2022-11-08T21:26:11.878814+00:00
1080,5375208919,19.53,0.1,sell,False,2022-11-08T21:26:10.331672+00:00
1081,5375208560,19.53,0.1,sell,False,2022-11-08T21:26:08.876087+00:00
1082,5375208025,19.53,0.1,sell,False,2022-11-08T21:26:06.802340+00:00
1083,5375207634,19.53,0.1,sell,False,2022-11-08T21:26:04.796902+00:00
1084,5375206955,19.53,0.1,sell,False,2022-11-08T21:26:02.757024+00:00
1085,5375206458,19.53,0.1,sell,False,2022-11-08T21:26:00.740631+00:00
1086,5375205942,19.53,0.1,sell,False,2022-11-08T21:25:58.696757+00:00
1087,5375205609,19.53,0.1,sell,False,2022-11-08T21:25:56.696526+00:00
1088,5374920024,19.5575,13.0,sell,False,2022-11-08T21:09:56.052842+00:00
1089,5374919789,19.5575,12.9,sell,False,2022-11-08T21:09:54.300184+00:00
1090,5374919220,19.5575,10.0,sell,False,2022-11-08T21:09:51.305887+00:00
1091,5374896077,19.5575,30.0,sell,False,2022-11-08T21:08:17.214021+00:00
1092,5374895589,19.5575,30.0,sell,False,2022-11-08T21:08:14.712625+00:00
1093,5374673497,19.5875,108.1,sell,False,2022-11-08T20:55:31.071326+00:00
1094,5374666284,19.5725,239.6,sell,False,2022-11-08T20:55:01.614075+00:00
1095,5374666103,19.5725,3096.7,sell,False,2022-11-08T20:55:01.254596+00:00
1096,5374666102,19.575,18.5,sell,False,2022-11-08T20:55:01.254596+00:00
1097,5374665666,19.6,123.4,sell,False,2022-11-08T20:54:59.670720+00:00
1098,5374635517,19.605,196.2,sell,False,2022-11-08T20:53:09.037129+00:00
1099,5374623186,19.5975,134.2,sell,False,2022-11-08T20:52:30.795182+00:00
1100,5374606734,19.6075,196.8,sell,False,2022-11-08T20:51:40.168969+00:00
1101,5374596581,19.6075,210.6,sell,False,2022-11-08T20:51:04.906803+00:00
1102,5374591910,19.605,212.0,sell,False,2022-11-08T20:50:49.721051+00:00
1103,5374576578,19.5975,158.1,sell,False,2022-11-08T20:50:09.246807+00:00
1104,5374569779,19.5875,228.8,sell,False,2022-11-08T20:49:46.356771+00:00
1105,5374549493,19.5875,214.5,sell,False,2022-11-08T20:48:36.488973+00:00
1106,5374542467,19.5975,164.5,sell,False,2022-11-08T20:48:19.864743+00:00
1107,5374533373,19.5975,141.9,sell,False,2022-11-08T20:48:00.294042+00:00
1108,5374430382,19.61,88.7,sell,False,2022-11-08T20:42:24.512202+00:00
1109,5374316593,19.735,4.2,buy,False,2022-11-08T20:36:08.602273+00:00
1110,5374220268,19.615,3.0,sell,False,2022-11-08T20:31:14.550167+00:00
1111,5373674898,19.5575,5.0,sell,False,2022-11-08T20:10:03.697602+00:00
1112,5373087188,19.5675,2.9,sell,False,2022-11-08T19:49:54.553353+00:00
1113,5372397477,19.46,2.0,sell,False,2022-11-08T19:33:33.120699+00:00
1114,5372166818,19.47,20.0,sell,False,2022-11-08T19:30:36.520689+00:00
1115,5371567710,19.55,2.5,sell,False,2022-11-08T19:18:26.965563+00:00
1116,5371506613,19.55,18.5,sell,False,2022-11-08T19:16:02.629464+00:00
1117,5371164296,19.5,25.0,buy,False,2022-11-08T19:05:04.439463+00:00
1118,5371164295,19.4975,18.6,buy,False,2022-11-08T19:05:04.439463+00:00
1119,5370909077,19.3,2.7,sell,True,2022-11-08T18:56:44.771000+00:00
1120,5370251415,19.3175,37.4,sell,False,2022-11-08T18:35:19.783617+00:00
1121,5370241845,19.3075,21.3,sell,False,2022-11-08T18:35:06.601445+00:00
1122,5370129848,19.275,0.2,sell,False,2022-11-08T18:32:29.493447+00:00
1123,5369871267,19.6975,0.8,sell,False,2022-11-08T18:25:06.016287+00:00
1124,5368792084,19.6975,0.5,sell,False,2022-11-08T18:05:34.309312+00:00
1125,5368701056,19.77,147.2,sell,False,2022-11-08T18:03:23.185233+00:00
1126,5368664306,19.785,173.4,sell,False,2022-11-08T18:02:09.570952+00:00
1127,5368653629,19.785,172.1,sell,False,2022-11-08T18:01:46.404035+00:00
1128,5368636921,19.785,218.6,sell,False,2022-11-08T18:01:19.193698+00:00
1129,5368616530,19.775,195.3,sell,False,2022-11-08T18:00:49.125756+00:00
1130,5368607251,19.775,158.2,sell,False,2022-11-08T18:00:35.128146+00:00
1131,5368602207,19.7775,176.5,sell,False,2022-11-08T18:00:26.054456+00:00
1132,5368529328,19.775,0.1,sell,False,2022-11-08T17:58:00.033799+00:00
1133,5368509142,19.765,185.5,sell,False,2022-11-08T17:57:16.247613+00:00
1134,5368500463,19.7725,167.1,sell,False,2022-11-08T17:56:58.825323+00:00
1135,5368476446,19.765,159.5,sell,False,2022-11-08T17:56:19.409883+00:00
1136,5368285702,19.745,185.6,sell,False,2022-11-08T17:52:44.450196+00:00
1137,5368269957,19.745,208.6,sell,False,2022-11-08T17:52:22.837815+00:00
1138,5368249661,19.755,115.2,sell,False,2022-11-08T17:51:54.052351+00:00
1139,5368242835,19.755,141.9,sell,False,2022-11-08T17:51:45.060689+00:00
1140,5368233930,19.76,18.6,sell,False,2022-11-08T17:51:24.174448+00:00
1141,5368232495,19.765,164.9,sell,False,2022-11-08T17:51:21.824146+00:00
1142,5368205923,19.765,130.8,sell,False,2022-11-08T17:50:08.585190+00:00
1143,5368202146,19.775,159.8,sell,False,2022-11-08T17:49:55.494300+00:00
1144,5368197083,19.775,120.1,sell,False,2022-11-08T17:49:38.319873+00:00
1145,5368114116,19.7725,170.6,sell,False,2022-11-08T17:46:24.516035+00:00
1146,5368085080,19.7625,207.1,sell,False,2022-11-08T17:45:04.852319+00:00
1147,5368008742,19.775,138.7,sell,False,2022-11-08T17:41:44.990707+00:00
1148,5367974063,19.775,112.9,sell,False,2022-11-08T17:39:54.348017+00:00
1149,5366508483,19.905,174.4,buy,False,2022-11-08T16:43:50.449701+00:00
1150,5366508274,19.905,246.9,buy,False,2022-11-08T16:43:49.896085+00:00
1151,5366508036,19.905,240.5,buy,False,2022-11-08T16:43:49.265053+00:00
1152,5366479049,19.905,126.0,sell,False,2022-11-08T16:42:44.295111+00:00
1153,5366122306,19.865,10.0,sell,False,2022-11-08T16:32:02.923369+00:00
1154,5366122280,19.865,10.0,sell,False,2022-11-08T16:32:02.899035+00:00
1155,5366002758,19.91,5.0,buy,False,2022-11-08T16:28:28.020702+00:00
1156,5366002757,19.9025,5.0,buy,False,2022-11-08T16:28:28.020702+00:00
1157,5365871261,19.8975,0.4,buy,False,2022-11-08T16:24:16.167945+00:00
1158,5365871260,19.89,0.2,buy,False,2022-11-08T16:24:16.167945+00:00
1159,5365833187,19.8675,10.0,buy,False,2022-11-08T16:23:05.947983+00:00
1160,5365691150,19.885,1.1,buy,False,2022-11-08T16:18:49.090645+00:00
1161,5365343650,19.755,50.0,sell,False,2022-11-08T16:11:21.879776+00:00
1162,5364762616,19.805,10.0,buy,False,2022-11-08T16:00:05.255890+00:00
1163,5364564490,19.8125,5.0,buy,False,2022-11-08T15:48:07.218126+00:00
1164,5364484286,19.6975,5.0,sell,False,2022-11-08T15:41:49.722483+00:00
1165,5364283706,19.685,16.0,buy,False,2022-11-08T15:28:42.810678+00:00
1166,5364281169,19.61,59.6,sell,False,2022-11-08T15:28:29.193835+00:00
1167,5364274897,19.61,5.0,sell,False,2022-11-08T15:28:00.296315+00:00
1168,5364237227,19.685,19.6,buy,False,2022-11-08T15:25:38.645592+00:00
1169,5364177057,19.75,69.1,buy,False,2022-11-08T15:21:39.780089+00:00
1170,5364175809,19.75,227.0,buy,False,2022-11-08T15:21:32.849343+00:00
1171,5364172036,19.75,509.5,buy,False,2022-11-08T15:21:15.456052+00:00
1172,5364171868,19.75,601.1,buy,False,2022-11-08T15:21:14.863222+00:00
1173,5364169623,19.75,402.4,buy,False,2022-11-08T15:21:06.547992+00:00
1174,5364167373,19.75,261.7,buy,False,2022-11-08T15:21:01.559927+00:00
1175,5364167255,19.75,233.9,buy,False,2022-11-08T15:21:00.955112+00:00
1176,5364167140,19.75,226.9,buy,False,2022-11-08T15:21:00.411891+00:00
1177,5364139106,19.7525,0.2,buy,False,2022-11-08T15:19:19.516516+00:00
1178,5364126722,19.7,6.1,buy,False,2022-11-08T15:18:40.077246+00:00
1179,5364122835,19.7,1050.8,buy,False,2022-11-08T15:18:23.568186+00:00
1180,5364120644,19.7,518.5,buy,False,2022-11-08T15:18:13.352192+00:00
1181,5364118117,19.7,322.8,buy,False,2022-11-08T15:18:06.151392+00:00
1182,5364117331,19.7,333.6,buy,False,2022-11-08T15:18:03.015995+00:00
1183,5364117240,19.7,304.9,buy,False,2022-11-08T15:18:02.461657+00:00
1184,5364083640,19.655,294.6,buy,False,2022-11-08T15:15:56.847219+00:00
1185,5364082227,19.655,238.2,buy,False,2022-11-08T15:15:51.138260+00:00
1186,5364081623,19.655,248.1,buy,False,2022-11-08T15:15:48.209889+00:00
1187,5364081512,19.655,226.0,buy,False,2022-11-08T15:15:47.655148+00:00
1188,5364076828,19.66,248.9,buy,False,2022-11-08T15:15:24.857789+00:00
1189,5364076153,19.66,214.2,buy,False,2022-11-08T15:15:22.303759+00:00
1190,5364076083,19.66,230.0,buy,False,2022-11-08T15:15:21.772112+00:00
1191,5364071180,19.64,348.1,buy,False,2022-11-08T15:14:59.575150+00:00
1192,5364071019,19.64,320.2,buy,False,2022-11-08T15:14:59.025738+00:00
1193,5364070960,19.6575,115.8,sell,False,2022-11-08T15:14:58.849862+00:00
1194,5363999193,19.6125,0.2,buy,False,2022-11-08T15:10:05.541364+00:00
1195,5363995251,19.575,3.0,sell,False,2022-11-08T15:09:48.909658+00:00
1196,5363992976,19.5575,5.0,buy,False,2022-11-08T15:09:33.532962+00:00
1197,5363990098,19.5,100.0,buy,False,2022-11-08T15:09:16.958782+00:00
1198,5363986928,19.46,0.1,sell,False,2022-11-08T15:09:04.596404+00:00
1199,5363986820,19.4725,0.2,buy,False,2022-11-08T15:09:04.126470+00:00
1200,5363986786,19.47,0.1,sell,False,2022-11-08T15:09:04.049587+00:00
1201,5363986546,19.47,0.1,sell,False,2022-11-08T15:09:03.636926+00:00
1202,5363986484,19.47,0.3,sell,False,2022-11-08T15:09:03.265867+00:00
1203,5363986426,19.47,0.6,sell,False,2022-11-08T15:09:02.906638+00:00
1204,5363986336,19.47,1.2,sell,False,2022-11-08T15:09:02.322177+00:00
1205,5363986265,19.47,2.4,sell,False,2022-11-08T15:09:01.932270+00:00
1206,5363986199,19.47,4.8,sell,False,2022-11-08T15:09:01.641959+00:00
1207,5363985497,19.47,9.5,sell,False,2022-11-08T15:08:57.514063+00:00
1208,5363985439,19.47,19.1,sell,False,2022-11-08T15:08:57.215793+00:00
1209,5363985024,19.445,15.8,buy,False,2022-11-08T15:08:54.722755+00:00
1210,5363974188,19.365,3.1,sell,False,2022-11-08T15:08:05.179781+00:00
1211,5363969659,19.37,221.5,sell,False,2022-11-08T15:07:46.335200+00:00
1212,5363965985,19.35,799.2,buy,False,2022-11-08T15:07:32.018634+00:00
1213,5363964287,19.35,352.1,buy,False,2022-11-08T15:07:24.399278+00:00
1214,5363962532,19.35,317.6,buy,False,2022-11-08T15:07:17.513361+00:00
1215,5363961958,19.35,276.5,buy,False,2022-11-08T15:07:14.453704+00:00
1216,5363961829,19.35,314.4,buy,False,2022-11-08T15:07:13.910303+00:00
1217,5363954203,19.355,188.4,sell,False,2022-11-08T15:06:48.307738+00:00
1218,5363950760,19.355,120.6,sell,False,2022-11-08T15:06:37.404316+00:00
1219,5363942985,19.365,213.1,sell,False,2022-11-08T15:06:21.898592+00:00
1220,5363868792,19.325,56.3,buy,False,2022-11-08T15:01:33.117165+00:00
1221,5363865790,19.325,227.3,buy,False,2022-11-08T15:01:24.352052+00:00
1222,5363865685,19.325,233.6,buy,False,2022-11-08T15:01:23.813718+00:00
1223,5363862938,19.325,433.1,buy,False,2022-11-08T15:01:14.852364+00:00
1224,5363861074,19.325,422.8,buy,False,2022-11-08T15:01:06.217362+00:00
1225,5363859348,19.325,263.0,buy,False,2022-11-08T15:01:00.129063+00:00
1226,5363858360,19.325,266.0,buy,False,2022-11-08T15:00:54.117628+00:00
1227,5363857629,19.325,221.2,buy,False,2022-11-08T15:00:50.480765+00:00
1228,5363857368,19.325,258.5,buy,False,2022-11-08T15:00:49.938820+00:00
1229,5363856744,19.325,203.8,sell,False,2022-11-08T15:00:48.683057+00:00
1230,5363813259,19.345,20.0,sell,False,2022-11-08T14:57:46.582078+00:00
1231,5363803935,19.3575,166.6,sell,False,2022-11-08T14:57:12.204783+00:00
1232,5363803506,19.355,215.2,sell,False,2022-11-08T14:57:10.608460+00:00
1233,5363791613,19.3475,5.0,buy,False,2022-11-08T14:56:22.224910+00:00
1234,5363788635,19.325,213.3,sell,False,2022-11-08T14:56:14.112702+00:00
1235,5363786604,19.325,203.2,sell,False,2022-11-08T14:56:07.090966+00:00
1236,5363785390,19.315,254.8,buy,False,2022-11-08T14:56:01.976495+00:00
1237,5363784040,19.3175,203.4,sell,False,2022-11-08T14:55:56.533725+00:00
1238,5363781149,19.3275,136.8,sell,False,2022-11-08T14:55:47.864112+00:00
1239,5363766916,19.325,117.9,sell,False,2022-11-08T14:54:59.976267+00:00
1240,5363759576,19.315,132.9,buy,False,2022-11-08T14:54:32.637749+00:00
1241,5363759382,19.315,276.8,buy,False,2022-11-08T14:54:32.099719+00:00
1242,5363757177,19.315,268.6,buy,False,2022-11-08T14:54:25.787717+00:00
1243,5363755170,19.315,252.8,buy,False,2022-11-08T14:54:20.099765+00:00
1244,5363753736,19.315,249.5,buy,False,2022-11-08T14:54:14.375716+00:00
1245,5363753251,19.315,261.8,buy,False,2022-11-08T14:54:12.209122+00:00
1246,5363753191,19.3275,194.7,sell,False,2022-11-08T14:54:11.913041+00:00
1247,5363745552,19.32,237.6,buy,False,2022-11-08T14:53:47.982366+00:00
1248,5363744038,19.32,222.8,buy,False,2022-11-08T14:53:43.739728+00:00
1249,5363743817,19.32,249.1,buy,False,2022-11-08T14:53:43.132388+00:00
1250,5363743625,19.32,241.3,buy,False,2022-11-08T14:53:42.594306+00:00
1251,5363714998,19.285,152.4,buy,False,2022-11-08T14:52:29.988737+00:00
1252,5363704011,19.285,797.3,buy,False,2022-11-08T14:52:09.891774+00:00
1253,5363703799,19.285,816.9,buy,False,2022-11-08T14:52:09.288998+00:00
1254,5363700293,19.285,322.8,buy,False,2022-11-08T14:52:02.902698+00:00
1255,5363699825,19.285,275.4,buy,False,2022-11-08T14:52:02.350018+00:00
1256,5363699447,19.285,225.8,sell,False,2022-11-08T14:52:01.806554+00:00
1257,5363650504,19.29,113.0,buy,False,2022-11-08T14:50:04.489155+00:00
1258,5363648185,19.29,225.1,buy,False,2022-11-08T14:49:59.081904+00:00
1259,5363646466,19.29,237.9,buy,False,2022-11-08T14:49:53.688311+00:00
1260,5363644398,19.29,249.8,buy,False,2022-11-08T14:49:49.256928+00:00
1261,5363644158,19.29,234.2,buy,False,2022-11-08T14:49:48.558180+00:00
1262,5363643985,19.29,236.0,buy,False,2022-11-08T14:49:47.888512+00:00
1263,5363620891,19.295,15.6,buy,False,2022-11-08T14:48:55.238542+00:00
1264,5363579387,19.2575,154.8,sell,False,2022-11-08T14:46:25.538238+00:00
1265,5363567361,19.285,16.2,buy,False,2022-11-08T14:45:41.187286+00:00
1266,5363545186,19.265,154.5,sell,False,2022-11-08T14:44:41.767840+00:00
1267,5363541294,19.2575,16.4,buy,False,2022-11-08T14:44:32.323980+00:00
1268,5363523824,19.225,31.4,buy,False,2022-11-08T14:43:34.821357+00:00
1269,5363521451,19.225,238.4,buy,False,2022-11-08T14:43:29.445021+00:00
1270,5363519731,19.225,276.0,buy,False,2022-11-08T14:43:24.870792+00:00
1271,5363519717,19.2275,206.8,sell,False,2022-11-08T14:43:24.791308+00:00
1272,5363519716,19.23,127.2,sell,False,2022-11-08T14:43:24.791308+00:00
1273,5363511011,19.23,208.2,buy,False,2022-11-08T14:42:59.106592+00:00
1274,5363510859,19.235,212.0,sell,False,2022-11-08T14:42:58.752328+00:00
1275,5363508817,19.2375,119.3,sell,False,2022-11-08T14:42:50.808656+00:00
1276,5363508258,19.21,1.5,sell,False,2022-11-08T14:42:48.381675+00:00
1277,5363505754,19.2425,152.4,sell,False,2022-11-08T14:42:40.737126+00:00
1278,5363496931,19.245,211.5,sell,False,2022-11-08T14:42:20.412246+00:00
1279,5363477694,19.2425,169.1,sell,False,2022-11-08T14:41:41.950897+00:00
1280,5363475808,19.235,13.6,buy,False,2022-11-08T14:41:36.357184+00:00
1281,5363475456,19.235,244.4,buy,False,2022-11-08T14:41:35.236678+00:00
1282,5363467476,19.235,536.7,buy,False,2022-11-08T14:41:16.814245+00:00
1283,5363467263,19.235,505.0,buy,False,2022-11-08T14:41:16.270682+00:00
1284,5363451921,19.235,253.6,buy,False,2022-11-08T14:40:34.846091+00:00
1285,5363446015,19.2375,16.0,buy,False,2022-11-08T14:40:16.803845+00:00
1286,5363445841,19.235,235.4,buy,False,2022-11-08T14:40:16.252202+00:00
1287,5363422066,19.2275,207.1,sell,False,2022-11-08T14:39:16.496147+00:00
1288,5363416872,19.22,197.0,buy,False,2022-11-08T14:39:07.584572+00:00
1289,5363416589,19.22,216.3,buy,False,2022-11-08T14:39:07.053037+00:00
1290,5363401738,19.25,246.5,buy,False,2022-11-08T14:38:33.622776+00:00
1291,5363400671,19.25,243.3,buy,False,2022-11-08T14:38:29.445296+00:00
1292,5363400564,19.25,224.3,buy,False,2022-11-08T14:38:28.889616+00:00
1293,5363400530,19.25,171.3,sell,False,2022-11-08T14:38:28.790340+00:00
1294,5363389315,19.2625,134.0,sell,False,2022-11-08T14:38:00.531065+00:00
1295,5363385646,19.2575,169.4,buy,False,2022-11-08T14:37:51.024218+00:00
1296,5363382272,19.2575,236.9,buy,False,2022-11-08T14:37:45.618881+00:00
1297,5363378949,19.2575,237.5,buy,False,2022-11-08T14:37:39.915742+00:00
1298,5363378948,19.255,19.1,buy,False,2022-11-08T14:37:39.915742+00:00
1299,5363376126,19.2575,225.5,buy,False,2022-11-08T14:37:34.527302+00:00
1300,5363375262,19.2575,223.9,buy,False,2022-11-08T14:37:33.483116+00:00
1301,5363375218,19.2625,204.8,sell,False,2022-11-08T14:37:33.403208+00:00
1302,5363370718,19.2575,151.9,sell,False,2022-11-08T14:37:20.147823+00:00
1303,5363369391,19.2625,160.3,sell,False,2022-11-08T14:37:15.402034+00:00
1304,5363362599,19.265,238.1,buy,False,2022-11-08T14:36:55.514006+00:00
1305,5363357183,19.27,3.8,sell,False,2022-11-08T14:36:38.294127+00:00
1306,5363319036,19.295,264.5,buy,False,2022-11-08T14:35:16.874339+00:00
1307,5363318945,19.2925,16.1,buy,False,2022-11-08T14:35:16.338762+00:00
1308,5363253328,19.1525,5.0,buy,False,2022-11-08T14:30:42.063697+00:00
1309,5363223465,19.0875,234.7,buy,False,2022-11-08T14:29:00.298007+00:00
1310,5363003974,19.0425,406.4,sell,False,2022-11-08T14:15:04.000360+00:00
1311,5363003973,19.0475,16.0,sell,False,2022-11-08T14:15:04.000360+00:00
1312,5363003972,19.05,6.9,sell,False,2022-11-08T14:15:04.000360+00:00
1313,5363003971,19.055,182.6,sell,False,2022-11-08T14:15:04.000360+00:00
1314,5363001834,19.0875,0.2,buy,False,2022-11-08T14:14:49.069556+00:00
1315,5362999624,19.0875,37.3,buy,False,2022-11-08T14:14:36.500290+00:00
1316,5362980279,19.065,49.2,sell,False,2022-11-08T14:12:56.801636+00:00
1317,5362970863,19.045,12.2,sell,False,2022-11-08T14:11:58.528657+00:00
1318,5362970862,19.0575,16.0,sell,False,2022-11-08T14:11:58.528657+00:00
1319,5362324573,19.03,236.6,buy,False,2022-11-08T13:11:09.857804+00:00
1320,5362324081,19.03,212.3,buy,False,2022-11-08T13:11:04.747583+00:00
1321,5362323701,19.03,214.5,buy,False,2022-11-08T13:11:01.803656+00:00
1322,5362323652,19.03,227.0,buy,False,2022-11-08T13:11:01.264767+00:00
1323,5362323628,19.03,210.4,buy,False,2022-11-08T13:11:00.728990+00:00
1324,5362319094,19.0275,3.9,sell,False,2022-11-08T13:10:25.972052+00:00
1325,5362313280,19.03,217.3,buy,False,2022-11-08T13:09:33.880795+00:00
1326,5362312659,19.03,231.9,buy,False,2022-11-08T13:09:27.839827+00:00
1327,5362312145,19.03,226.6,buy,False,2022-11-08T13:09:23.663846+00:00
1328,5362312099,19.03,241.3,buy,False,2022-11-08T13:09:23.131744+00:00
1329,5362312047,19.03,252.5,buy,False,2022-11-08T13:09:22.597348+00:00
1330,5362302270,19.0325,214.2,sell,False,2022-11-08T13:07:48.255709+00:00
1331,5362264593,19.035,104.6,buy,False,2022-11-08T13:02:57.690600+00:00
1332,5362256075,19.035,229.8,buy,False,2022-11-08T13:01:39.732951+00:00
1333,5362255308,19.035,273.3,buy,False,2022-11-08T13:01:33.454308+00:00
1334,5362254719,19.035,227.6,buy,False,2022-11-08T13:01:29.235225+00:00
1335,5362254658,19.035,236.5,buy,False,2022-11-08T13:01:28.706135+00:00
1336,5362253477,19.035,519.2,buy,False,2022-11-08T13:01:19.989784+00:00
1337,5362253379,19.035,1557.6,buy,False,2022-11-08T13:01:19.174084+00:00
1338,5362252928,19.035,242.8,buy,False,2022-11-08T13:01:15.035913+00:00
1339,5362252883,19.035,226.4,buy,False,2022-11-08T13:01:14.494021+00:00
1340,5362249227,19.035,271.3,buy,False,2022-11-08T13:00:53.830858+00:00
1341,5362248295,19.035,280.7,buy,False,2022-11-08T13:00:47.336850+00:00
1342,5362248294,19.0325,19.1,buy,False,2022-11-08T13:00:47.336850+00:00
1343,5362247593,19.035,251.2,buy,False,2022-11-08T13:00:43.134574+00:00
1344,5362247525,19.035,227.6,buy,False,2022-11-08T13:00:42.527889+00:00
1345,5362247460,19.035,229.3,buy,False,2022-11-08T13:00:41.988971+00:00
1346,5361331792,18.9925,85.7,sell,False,2022-11-08T11:09:13.258780+00:00
1347,5361057625,18.96,91.6,sell,False,2022-11-08T10:44:31.317249+00:00
1348,5361057624,18.985,172.4,sell,False,2022-11-08T10:44:31.317249+00:00
1349,5361057623,19.0025,16.0,sell,False,2022-11-08T10:44:31.317249+00:00
1350,5360471582,19.0,11.0,buy,False,2022-11-08T09:38:59.892517+00:00
1351,5360186639,18.865,25.0,sell,False,2022-11-08T09:09:41.760342+00:00
1352,5360172842,18.89,10.0,sell,False,2022-11-08T09:08:21.940890+00:00
1353,5360105885,18.8575,15.0,sell,False,2022-11-08T09:01:47.124806+00:00
1354,5359532582,18.9575,26.3,sell,False,2022-11-08T08:08:42.940552+00:00
1355,5359244219,18.93,5.3,sell,False,2022-11-08T07:45:33.635370+00:00
1356,5358597583,18.9925,0.3,sell,False,2022-11-08T06:50:37.925243+00:00
1357,5358386801,18.9475,11.3,sell,False,2022-11-08T06:38:18.937183+00:00
1358,5358125595,18.9,34.1,sell,False,2022-11-08T06:22:50.492761+00:00
1359,5358125594,18.9575,16.1,sell,False,2022-11-08T06:22:50.492761+00:00
1360,5356881218,18.835,56.0,sell,False,2022-11-08T05:19:23.695224+00:00
1361,5356848899,18.8175,12.4,sell,False,2022-11-08T05:17:47.362984+00:00
1362,5356848898,18.835,92.9,sell,False,2022-11-08T05:17:47.362984+00:00
1363,5356839162,18.835,30.1,sell,False,2022-11-08T05:17:19.673766+00:00
1364,5356832887,18.82,103.4,sell,False,2022-11-08T05:17:04.387058+00:00
1365,5356832886,18.8375,3.2,sell,False,2022-11-08T05:17:04.387058+00:00
1366,5356830716,18.8375,106.6,sell,False,2022-11-08T05:16:57.116362+00:00
1367,5356826279,18.8375,106.6,sell,False,2022-11-08T05:16:45.102276+00:00
1368,5356821061,18.84,106.6,sell,False,2022-11-08T05:16:28.900241+00:00
1369,5356812489,18.81,10.6,sell,False,2022-11-08T05:16:05.922663+00:00
1370,5356812488,18.8375,96.0,sell,False,2022-11-08T05:16:05.922663+00:00
1371,5356809432,18.8375,105.2,sell,False,2022-11-08T05:15:57.014852+00:00
1372,5356809431,18.85,1.4,sell,False,2022-11-08T05:15:57.014852+00:00
1373,5355418290,19.0,1.1,sell,True,2022-11-08T04:13:12.368671+00:00
1374,5353965688,18.9975,331.8,buy,False,2022-11-08T03:20:04.634968+00:00
1375,5353965138,18.9975,82.5,buy,False,2022-11-08T03:20:03.954624+00:00
1376,5353965137,18.9975,202.0,buy,False,2022-11-08T03:20:03.954624+00:00
1377,5353964900,18.9975,209.7,buy,False,2022-11-08T03:20:03.378546+00:00
1378,5353964899,18.9975,88.0,buy,False,2022-11-08T03:20:03.378546+00:00
1379,5353963445,18.9975,323.7,buy,False,2022-11-08T03:20:01.225996+00:00
1380,5353952708,18.9975,411.7,buy,False,2022-11-08T03:19:43.728086+00:00
1381,5353948010,18.9975,177.2,buy,False,2022-11-08T03:19:36.281605+00:00
1382,5353947772,18.9975,234.5,sell,False,2022-11-08T03:19:35.998307+00:00
1383,5353947617,18.9975,177.2,sell,False,2022-11-08T03:19:35.779706+00:00
1384,5353947616,19.02,19.1,sell,False,2022-11-08T03:19:35.779706+00:00
1385,5353947615,19.02,215.4,sell,False,2022-11-08T03:19:35.779706+00:00
1386,5353940902,19.0225,1.4,sell,False,2022-11-08T03:19:26.519849+00:00
1387,5353938439,19.0225,150.7,sell,False,2022-11-08T03:19:22.905525+00:00
1388,5353938438,19.0425,1.4,sell,False,2022-11-08T03:19:22.905525+00:00
1389,5352079306,19.14,200.0,sell,False,2022-11-08T00:26:10.126197+00:00
1390,5351196701,19.1175,6.0,sell,False,2022-11-07T22:51:51.881713+00:00
1391,5349184034,19.1675,16.7,sell,False,2022-11-07T19:24:58.373747+00:00
1392,5348483491,19.235,1.0,sell,False,2022-11-07T17:38:32.509385+00:00
1393,5347985645,19.245,198.8,buy,False,2022-11-07T16:35:00.504281+00:00
1394,5347985026,19.245,247.9,buy,False,2022-11-07T16:34:54.806188+00:00
1395,5347984432,19.245,273.0,buy,False,2022-11-07T16:34:49.311570+00:00
1396,5347984359,19.245,230.9,buy,False,2022-11-07T16:34:48.774746+00:00
1397,5347984292,19.245,213.7,buy,False,2022-11-07T16:34:48.230979+00:00
1398,5347982307,19.245,134.7,sell,False,2022-11-07T16:34:35.786163+00:00
1399,5347922250,19.2375,25.0,sell,False,2022-11-07T16:27:49.224446+00:00
1400,5347897439,19.2475,34.2,buy,False,2022-11-07T16:24:57.547788+00:00
