,id,price,size,side,liquidation,time
0,5399651525,3.4,17.0,sell,False,2022-11-10T06:26:04.998698+00:00
1,5399651524,3.40025,29.6,sell,False,2022-11-10T06:26:04.998698+00:00
2,5398804767,4.2,0.3,buy,False,2022-11-10T04:22:52.595510+00:00
3,5397362195,3.5,0.3,sell,True,2022-11-10T01:00:24.950407+00:00
4,5396578434,4.2,0.3,buy,False,2022-11-09T23:45:31.414012+00:00
5,5396578433,4.15,0.3,buy,False,2022-11-09T23:45:31.414012+00:00
6,5396578432,4.1,0.3,buy,False,2022-11-09T23:45:31.414012+00:00
7,5396578431,4.05,0.3,buy,False,2022-11-09T23:45:31.414012+00:00
8,5396578430,4.0,0.3,buy,False,2022-11-09T23:45:31.414012+00:00
9,5396578429,3.98,4.5,buy,False,2022-11-09T23:45:31.414012+00:00
10,5396569195,3.98,1503.8,buy,False,2022-11-09T23:44:43.704137+00:00
11,5396557234,3.98,987.7,buy,False,2022-11-09T23:43:36.668277+00:00
12,5396557233,3.95,0.3,buy,False,2022-11-09T23:43:36.668277+00:00
13,5396557232,3.9,0.3,buy,False,2022-11-09T23:43:36.668277+00:00
14,5396557231,3.85,0.3,buy,False,2022-11-09T23:43:36.668277+00:00
15,5396557230,3.8,7.5,buy,False,2022-11-09T23:43:36.668277+00:00
16,5396557229,3.8,0.3,buy,False,2022-11-09T23:43:36.668277+00:00
17,5396557228,3.8,0.2,buy,False,2022-11-09T23:43:36.668277+00:00
18,5396557227,3.78,0.2,buy,False,2022-11-09T23:43:36.668277+00:00
19,5396557226,3.7625,0.2,buy,False,2022-11-09T23:43:36.668277+00:00
20,5396557225,3.75,0.3,buy,False,2022-11-09T23:43:36.668277+00:00
21,5396557224,3.7425,0.2,buy,False,2022-11-09T23:43:36.668277+00:00
22,5396557223,3.725,0.2,buy,False,2022-11-09T23:43:36.668277+00:00
23,5396557222,3.7075,0.2,buy,False,2022-11-09T23:43:36.668277+00:00
24,5396557221,3.7,0.3,buy,False,2022-11-09T23:43:36.668277+00:00
25,5396557220,3.6875,0.2,buy,False,2022-11-09T23:43:36.668277+00:00
26,5396557219,3.67,0.2,buy,False,2022-11-09T23:43:36.668277+00:00
27,5396557218,3.6525,0.2,buy,False,2022-11-09T23:43:36.668277+00:00
28,5396557217,3.65,0.3,buy,False,2022-11-09T23:43:36.668277+00:00
29,5396557216,3.6325,0.2,buy,False,2022-11-09T23:43:36.668277+00:00
30,5396557215,3.615,0.2,buy,False,2022-11-09T23:43:36.668277+00:00
31,5396557214,3.6,0.3,buy,False,2022-11-09T23:43:36.668277+00:00
32,5396557213,3.5975,0.2,buy,False,2022-11-09T23:43:36.668277+00:00
33,5396409025,3.5775,0.2,buy,False,2022-11-09T23:30:26.378845+00:00
34,5396396500,3.56,0.2,buy,False,2022-11-09T23:29:24.769307+00:00
35,5395541091,3.55,0.3,buy,False,2022-11-09T22:20:15.145720+00:00
36,5395541090,3.55,92.0,buy,False,2022-11-09T22:20:15.145720+00:00
37,5395540339,3.55,0.6,buy,False,2022-11-09T22:20:11.196024+00:00
38,5395540338,3.54975,0.4,buy,False,2022-11-09T22:20:11.196024+00:00
39,5395540188,3.54975,1.0,buy,False,2022-11-09T22:20:10.259433+00:00
40,5395540038,3.54975,1.0,buy,False,2022-11-09T22:20:09.244921+00:00
41,5395539833,3.54975,1.0,buy,False,2022-11-09T22:20:07.664953+00:00
42,5395539681,3.54975,1.0,buy,False,2022-11-09T22:20:06.447267+00:00
43,5395532891,3.5,0.3,buy,False,2022-11-09T22:19:28.626209+00:00
44,5395532890,3.45,0.3,buy,False,2022-11-09T22:19:28.626209+00:00
45,5395532889,3.4,0.3,buy,False,2022-11-09T22:19:28.626209+00:00
46,5395532888,3.35,0.3,buy,False,2022-11-09T22:19:28.626209+00:00
47,5395532887,3.3,0.3,buy,False,2022-11-09T22:19:28.626209+00:00
48,5395430716,2.9,0.3,sell,False,2022-11-09T22:11:30.140084+00:00
49,5395430715,2.95,0.3,sell,False,2022-11-09T22:11:30.140084+00:00
50,5395294025,2.95,0.3,sell,False,2022-11-09T22:02:32.741816+00:00
51,5395294024,3.0,0.3,sell,False,2022-11-09T22:02:32.741816+00:00
52,5395294023,3.05,0.3,sell,False,2022-11-09T22:02:32.741816+00:00
53,5395117914,2.9,0.2,sell,False,2022-11-09T21:52:06.759367+00:00
54,5395117913,2.9175,0.2,sell,False,2022-11-09T21:52:06.759367+00:00
55,5395117912,2.935,0.2,sell,False,2022-11-09T21:52:06.759367+00:00
56,5395117911,2.955,0.2,sell,False,2022-11-09T21:52:06.759367+00:00
57,5395117910,2.9725,0.2,sell,False,2022-11-09T21:52:06.759367+00:00
58,5395117909,2.99,0.2,sell,False,2022-11-09T21:52:06.759367+00:00
59,5395117908,3.0,0.3,sell,False,2022-11-09T21:52:06.759367+00:00
60,5395117907,3.01,0.2,sell,False,2022-11-09T21:52:06.759367+00:00
61,5395117906,3.0275,0.2,sell,False,2022-11-09T21:52:06.759367+00:00
62,5389020819,3.55,0.3,buy,False,2022-11-09T14:56:11.750239+00:00
63,5389018596,3.5425,0.2,buy,False,2022-11-09T14:56:01.637266+00:00
64,5389017259,3.5225,0.2,buy,False,2022-11-09T14:55:54.215701+00:00
65,5389016233,3.52,2.1,buy,False,2022-11-09T14:55:47.286542+00:00
66,5389016171,3.52,5.4,buy,False,2022-11-09T14:55:46.750794+00:00
67,5388992780,3.505,0.2,buy,False,2022-11-09T14:53:50.152911+00:00
68,5388992387,3.5,0.3,buy,False,2022-11-09T14:53:46.868497+00:00
69,5388989590,3.4875,0.2,buy,False,2022-11-09T14:53:31.992858+00:00
70,5388962332,3.4675,0.2,buy,False,2022-11-09T14:51:25.841218+00:00
71,5388958081,3.45,0.3,buy,False,2022-11-09T14:51:11.814949+00:00
72,5388958080,3.45,0.2,buy,False,2022-11-09T14:51:11.814949+00:00
73,5388954991,3.4325,0.2,buy,False,2022-11-09T14:50:58.740553+00:00
74,5388951576,3.4125,0.2,buy,False,2022-11-09T14:50:41.885157+00:00
75,5388931143,3.4,0.3,buy,False,2022-11-09T14:49:30.448782+00:00
76,5388924754,3.395,0.2,buy,False,2022-11-09T14:49:04.939100+00:00
77,5388921272,3.3775,0.2,buy,False,2022-11-09T14:48:52.998217+00:00
78,5388918419,3.3575,0.2,buy,False,2022-11-09T14:48:45.968807+00:00
79,5388918026,3.35,0.3,buy,False,2022-11-09T14:48:44.911756+00:00
80,5388916980,3.34,0.2,buy,False,2022-11-09T14:48:41.228907+00:00
81,5388876759,3.32,0.2,buy,False,2022-11-09T14:46:28.864938+00:00
82,5388865206,3.3025,0.2,buy,False,2022-11-09T14:46:04.436536+00:00
83,5388855940,3.285,0.2,buy,False,2022-11-09T14:45:45.630895+00:00
84,5388849993,3.265,0.2,buy,False,2022-11-09T14:45:32.995192+00:00
85,5388847636,3.2475,0.2,buy,False,2022-11-09T14:45:27.233646+00:00
86,5388844836,3.23,0.2,buy,False,2022-11-09T14:45:17.073989+00:00
87,5388653747,3.045,0.2,sell,False,2022-11-09T14:32:25.671739+00:00
88,5388653084,3.05,0.3,sell,False,2022-11-09T14:32:23.926577+00:00
89,5388631540,3.065,0.2,sell,False,2022-11-09T14:31:00.137234+00:00
90,5388628798,3.0825,0.2,sell,False,2022-11-09T14:30:47.126522+00:00
91,5388622447,3.1,0.2,sell,False,2022-11-09T14:30:17.054440+00:00
92,5384783407,3.12,0.2,sell,False,2022-11-09T10:02:17.612683+00:00
93,5384783406,3.1375,0.2,sell,False,2022-11-09T10:02:17.612683+00:00
94,5384783405,3.155,0.2,sell,False,2022-11-09T10:02:17.612683+00:00
95,5384783404,3.175,0.2,sell,False,2022-11-09T10:02:17.612683+00:00
96,5384783403,3.1925,0.2,sell,False,2022-11-09T10:02:17.612683+00:00
97,5377369849,3.21,0.2,buy,False,2022-11-08T23:58:11.089683+00:00
98,5376649266,3.1925,0.2,buy,False,2022-11-08T23:06:22.194800+00:00
99,5376642721,3.175,0.2,buy,False,2022-11-08T23:05:58.829856+00:00
100,5376424095,3.155,0.2,buy,False,2022-11-08T22:51:28.089298+00:00
101,5375675737,3.13725,0.2,sell,False,2022-11-08T21:53:48.381924+00:00
102,5375675519,3.1375,0.2,buy,False,2022-11-08T21:53:47.577707+00:00
103,5372562966,3.1,0.3,sell,True,2022-11-08T19:35:59.661417+00:00
104,5372562965,3.1,0.2,sell,True,2022-11-08T19:35:59.661417+00:00
105,5372043729,3.12,0.2,sell,False,2022-11-08T19:28:39.237197+00:00
106,5371975806,3.1375,0.2,sell,False,2022-11-08T19:27:27.777555+00:00
107,5371353296,3.155,0.2,sell,False,2022-11-08T19:11:41.558593+00:00
108,5371261412,3.175,0.2,sell,False,2022-11-08T19:08:48.167714+00:00
109,5371196416,3.1925,0.2,sell,False,2022-11-08T19:06:12.388211+00:00
110,5371164227,3.21,0.2,sell,False,2022-11-08T19:05:04.313537+00:00
111,5371164226,3.23,0.2,sell,False,2022-11-08T19:05:04.313537+00:00
112,5369587917,3.24175,1.9,sell,False,2022-11-08T18:20:17.096733+00:00
113,5369587916,3.2475,0.2,sell,False,2022-11-08T18:20:17.096733+00:00
114,5369587915,3.265,0.2,sell,False,2022-11-08T18:20:17.096733+00:00
115,5369238618,3.28075,2.3,sell,False,2022-11-08T18:12:17.692678+00:00
116,5369238617,3.285,0.2,sell,False,2022-11-08T18:12:17.692678+00:00
117,5369238616,3.3025,0.2,sell,False,2022-11-08T18:12:17.692678+00:00
118,5369238615,3.32,0.4,sell,False,2022-11-08T18:12:17.692678+00:00
119,5369238614,3.32,0.2,sell,False,2022-11-08T18:12:17.692678+00:00
120,5369055778,3.34,51.1,buy,False,2022-11-08T18:08:55.684227+00:00
121,5369052115,3.34,53.3,buy,False,2022-11-08T18:08:52.385838+00:00
122,5369048186,3.34,52.5,buy,False,2022-11-08T18:08:49.123765+00:00
123,5369045017,3.34,52.7,buy,False,2022-11-08T18:08:45.783918+00:00
124,5369042750,3.34,48.0,buy,False,2022-11-08T18:08:42.805856+00:00
125,5369040356,3.34,54.0,buy,False,2022-11-08T18:08:39.605558+00:00
126,5369039042,3.34,51.7,buy,False,2022-11-08T18:08:37.919148+00:00
127,5369035723,3.34,49.6,buy,False,2022-11-08T18:08:32.577394+00:00
128,5369033208,3.34,51.7,buy,False,2022-11-08T18:08:29.432727+00:00
129,5369030738,3.34,45.3,buy,False,2022-11-08T18:08:26.575400+00:00
130,5369028095,3.34,50.8,buy,False,2022-11-08T18:08:23.290242+00:00
131,5369025237,3.34,47.8,buy,False,2022-11-08T18:08:20.290818+00:00
132,5369022750,3.34,45.5,buy,False,2022-11-08T18:08:17.578793+00:00
133,5369019704,3.34,45.5,buy,False,2022-11-08T18:08:14.572746+00:00
134,5369016509,3.34,52.7,buy,False,2022-11-08T18:08:11.510600+00:00
135,5369015967,3.34,51.0,buy,False,2022-11-08T18:08:10.973925+00:00
136,5369015452,3.34,52.6,buy,False,2022-11-08T18:08:10.438658+00:00
137,5369014724,3.34,42.2,buy,False,2022-11-08T18:08:09.901326+00:00
138,5369014605,3.34,4.7,buy,False,2022-11-08T18:08:09.852075+00:00
139,5369013505,3.34,5.3,buy,False,2022-11-08T18:08:09.275373+00:00
140,5369012409,3.34,5.7,buy,False,2022-11-08T18:08:08.738028+00:00
141,5369011831,3.34,5.3,buy,False,2022-11-08T18:08:08.160052+00:00
142,5369011277,3.34,4.7,buy,False,2022-11-08T18:08:07.627763+00:00
143,5369010401,3.34,5.4,buy,False,2022-11-08T18:08:07.021139+00:00
144,5369009748,3.34,5.0,buy,False,2022-11-08T18:08:06.488961+00:00
145,5369009226,3.34,5.5,buy,False,2022-11-08T18:08:05.952651+00:00
146,5369008616,3.34,5.0,buy,False,2022-11-08T18:08:05.386700+00:00
147,5369008053,3.34,4.8,buy,False,2022-11-08T18:08:04.749121+00:00
148,5369007365,3.34,5.7,buy,False,2022-11-08T18:08:04.214395+00:00
149,5369006628,3.34,5.0,buy,False,2022-11-08T18:08:03.682411+00:00
150,5369006128,3.34,5.4,buy,False,2022-11-08T18:08:03.138030+00:00
151,5369005467,3.34,5.3,buy,False,2022-11-08T18:08:02.549987+00:00
152,5369004718,3.34,4.7,buy,False,2022-11-08T18:08:02.017956+00:00
153,5369003963,3.34,5.3,buy,False,2022-11-08T18:08:01.483846+00:00
154,5369002879,3.34,5.1,buy,False,2022-11-08T18:08:00.953082+00:00
155,5369002230,3.34,5.5,buy,False,2022-11-08T18:08:00.421772+00:00
156,5369001638,3.34,4.8,buy,False,2022-11-08T18:07:59.862351+00:00
157,5369001111,3.34,5.5,buy,False,2022-11-08T18:07:59.327787+00:00
158,5369000469,3.34,4.8,buy,False,2022-11-08T18:07:58.797770+00:00
159,5368999853,3.34,5.2,buy,False,2022-11-08T18:07:58.253171+00:00
160,5368886947,3.34,0.2,sell,False,2022-11-08T18:06:34.087472+00:00
161,5368498580,3.355,12.0,buy,False,2022-11-08T17:56:56.279742+00:00
162,5368497535,3.355,24.6,buy,False,2022-11-08T17:56:54.779843+00:00
163,5368496321,3.355,28.2,buy,False,2022-11-08T17:56:52.839849+00:00
164,5368495532,3.355,27.0,buy,False,2022-11-08T17:56:50.891743+00:00
165,5368494485,3.355,27.2,buy,False,2022-11-08T17:56:49.077999+00:00
166,5368493596,3.355,24.6,buy,False,2022-11-08T17:56:47.296256+00:00
167,5368491686,3.355,26.1,buy,False,2022-11-08T17:56:44.227776+00:00
168,5368491431,3.355,26.9,buy,False,2022-11-08T17:56:43.692878+00:00
169,5368490317,3.355,28.9,buy,False,2022-11-08T17:56:42.022314+00:00
170,5368488998,3.355,28.5,buy,False,2022-11-08T17:56:39.817912+00:00
171,5368488245,3.355,25.2,buy,False,2022-11-08T17:56:37.990946+00:00
172,5368487168,3.355,27.5,buy,False,2022-11-08T17:56:36.208575+00:00
173,5368485786,3.355,28.2,buy,False,2022-11-08T17:56:34.386374+00:00
174,5368484498,3.355,24.9,buy,False,2022-11-08T17:56:32.581832+00:00
175,5368483506,3.355,26.7,buy,False,2022-11-08T17:56:30.804334+00:00
176,5368482368,3.355,28.6,buy,False,2022-11-08T17:56:28.688955+00:00
177,5368480867,3.355,26.2,buy,False,2022-11-08T17:56:26.882066+00:00
178,5368479593,3.355,27.2,buy,False,2022-11-08T17:56:25.117054+00:00
179,5368478740,3.355,27.4,buy,False,2022-11-08T17:56:23.331116+00:00
180,5368477582,3.355,27.5,buy,False,2022-11-08T17:56:21.184802+00:00
181,5368476433,3.355,25.6,buy,False,2022-11-08T17:56:19.387511+00:00
182,5368475525,3.355,28.1,buy,False,2022-11-08T17:56:17.602064+00:00
183,5368474293,3.355,25.3,buy,False,2022-11-08T17:56:15.800344+00:00
184,5368472913,3.355,28.6,buy,False,2022-11-08T17:56:14.094027+00:00
185,5368471035,3.355,25.9,buy,False,2022-11-08T17:56:12.176190+00:00
186,5368469235,3.355,27.5,buy,False,2022-11-08T17:56:10.089016+00:00
187,5368467960,3.355,28.2,buy,False,2022-11-08T17:56:08.290030+00:00
188,5368466799,3.355,24.7,buy,False,2022-11-08T17:56:06.628052+00:00
189,5368464829,3.355,27.4,buy,False,2022-11-08T17:56:04.693901+00:00
190,5368463527,3.355,24.9,buy,False,2022-11-08T17:56:02.892961+00:00
191,5368462449,3.355,25.7,buy,False,2022-11-08T17:56:01.311630+00:00
192,5368460312,3.355,26.4,buy,False,2022-11-08T17:55:59.271330+00:00
193,5368459001,3.355,26.8,buy,False,2022-11-08T17:55:57.481930+00:00
194,5368457951,3.355,30.1,buy,False,2022-11-08T17:55:55.382584+00:00
195,5368457023,3.355,24.9,buy,False,2022-11-08T17:55:53.626341+00:00
196,5368456111,3.355,25.2,buy,False,2022-11-08T17:55:52.077089+00:00
197,5368454608,3.355,28.3,buy,False,2022-11-08T17:55:49.978782+00:00
198,5368453364,3.355,27.7,buy,False,2022-11-08T17:55:48.206053+00:00
199,5368452008,3.355,27.7,buy,False,2022-11-08T17:55:46.076827+00:00
200,5368450921,3.355,28.9,buy,False,2022-11-08T17:55:44.274971+00:00
201,5368449512,3.355,28.9,buy,False,2022-11-08T17:55:42.181682+00:00
202,5368448444,3.355,30.1,buy,False,2022-11-08T17:55:40.071170+00:00
203,5368446383,3.355,28.4,buy,False,2022-11-08T17:55:37.128758+00:00
204,5368445932,3.355,28.0,buy,False,2022-11-08T17:55:36.523013+00:00
205,5368444603,3.355,30.3,buy,False,2022-11-08T17:55:34.521622+00:00
206,5368443397,3.355,25.8,buy,False,2022-11-08T17:55:32.572745+00:00
207,5368442336,3.355,27.3,buy,False,2022-11-08T17:55:30.776362+00:00
208,5368441016,3.355,30.3,buy,False,2022-11-08T17:55:28.757286+00:00
209,5368439523,3.355,27.8,buy,False,2022-11-08T17:55:26.595619+00:00
210,5368437448,3.355,26.9,buy,False,2022-11-08T17:55:24.874058+00:00
211,5368436024,3.355,29.7,buy,False,2022-11-08T17:55:22.676730+00:00
212,5368435020,3.355,26.3,buy,False,2022-11-08T17:55:20.895984+00:00
213,5368433697,3.355,28.6,buy,False,2022-11-08T17:55:19.075777+00:00
214,5368431966,3.355,28.0,buy,False,2022-11-08T17:55:16.981158+00:00
215,5368430714,3.355,25.4,buy,False,2022-11-08T17:55:15.476203+00:00
216,5368428969,3.355,23.8,buy,False,2022-11-08T17:55:13.662811+00:00
217,5368427169,3.355,29.2,buy,False,2022-11-08T17:55:11.618398+00:00
218,5368425633,3.355,29.6,buy,False,2022-11-08T17:55:09.767896+00:00
219,5368423890,3.355,29.9,buy,False,2022-11-08T17:55:07.662091+00:00
220,5368422536,3.355,27.1,buy,False,2022-11-08T17:55:05.882016+00:00
221,5368421266,3.355,29.4,buy,False,2022-11-08T17:55:03.780479+00:00
222,5368418947,3.355,28.6,buy,False,2022-11-08T17:55:01.670227+00:00
223,5368417473,3.355,26.5,buy,False,2022-11-08T17:54:59.871381+00:00
224,5368415590,3.355,25.7,buy,False,2022-11-08T17:54:58.093192+00:00
225,5368414204,3.355,27.6,buy,False,2022-11-08T17:54:56.269456+00:00
226,5368412485,3.355,27.0,buy,False,2022-11-08T17:54:54.486617+00:00
227,5368411326,3.355,27.4,buy,False,2022-11-08T17:54:52.687589+00:00
228,5368410062,3.355,25.6,buy,False,2022-11-08T17:54:50.874433+00:00
229,5368408537,3.355,29.0,buy,False,2022-11-08T17:54:48.780687+00:00
230,5368406863,3.355,27.8,buy,False,2022-11-08T17:54:47.028692+00:00
231,5368404752,3.355,30.1,buy,False,2022-11-08T17:54:44.880771+00:00
232,5368402695,3.355,27.4,buy,False,2022-11-08T17:54:42.784612+00:00
233,5368401099,3.355,28.4,buy,False,2022-11-08T17:54:40.987243+00:00
234,5368399240,3.355,29.4,buy,False,2022-11-08T17:54:38.880852+00:00
235,5368397576,3.355,26.0,buy,False,2022-11-08T17:54:37.081972+00:00
236,5368395779,3.355,27.9,buy,False,2022-11-08T17:54:35.258493+00:00
237,5368393921,3.355,30.3,buy,False,2022-11-08T17:54:33.173368+00:00
238,5368391790,3.355,30.3,buy,False,2022-11-08T17:54:31.095260+00:00
239,5368389955,3.355,29.4,buy,False,2022-11-08T17:54:29.030697+00:00
240,5368387964,3.355,28.8,buy,False,2022-11-08T17:54:27.182217+00:00
241,5368385011,3.355,30.4,buy,False,2022-11-08T17:54:25.118623+00:00
242,5368382798,3.355,26.5,buy,False,2022-11-08T17:54:23.277005+00:00
243,5368379220,3.355,27.2,buy,False,2022-11-08T17:54:21.201661+00:00
244,5368376422,3.355,27.7,buy,False,2022-11-08T17:54:19.363774+00:00
245,5368374709,3.355,26.6,buy,False,2022-11-08T17:54:17.587637+00:00
246,5368373054,3.355,27.3,buy,False,2022-11-08T17:54:15.783207+00:00
247,5368371159,3.355,27.3,buy,False,2022-11-08T17:54:13.687075+00:00
248,5368368610,3.355,27.0,buy,False,2022-11-08T17:54:10.622672+00:00
249,5368368171,3.355,30.6,buy,False,2022-11-08T17:54:10.078284+00:00
250,5368365513,3.355,28.9,buy,False,2022-11-08T17:54:07.980566+00:00
251,5368362703,3.355,28.8,buy,False,2022-11-08T17:54:05.928678+00:00
252,5368360986,3.355,28.8,buy,False,2022-11-08T17:54:04.161652+00:00
253,5368359182,3.355,27.2,buy,False,2022-11-08T17:54:02.430237+00:00
254,5368355606,3.355,25.7,buy,False,2022-11-08T17:53:58.891944+00:00
255,5368354849,3.355,30.2,buy,False,2022-11-08T17:53:58.363958+00:00
256,5368352550,3.355,26.7,buy,False,2022-11-08T17:53:56.576036+00:00
257,5368350012,3.355,28.5,buy,False,2022-11-08T17:53:54.871497+00:00
258,5368346622,3.355,27.9,buy,False,2022-11-08T17:53:52.816780+00:00
259,5368344053,3.355,28.0,buy,False,2022-11-08T17:53:50.879617+00:00
260,5368341953,3.355,29.6,buy,False,2022-11-08T17:53:48.823238+00:00
261,5368339570,3.355,29.9,buy,False,2022-11-08T17:53:46.737715+00:00
262,5368337293,3.355,25.6,buy,False,2022-11-08T17:53:44.863183+00:00
263,5368335317,3.355,27.8,buy,False,2022-11-08T17:53:43.231203+00:00
264,5368333457,3.355,31.0,buy,False,2022-11-08T17:53:40.973757+00:00
265,5368331953,3.355,28.8,buy,False,2022-11-08T17:53:38.880669+00:00
266,5368330391,3.355,29.1,buy,False,2022-11-08T17:53:37.068568+00:00
267,5368328844,3.355,27.6,buy,False,2022-11-08T17:53:34.971762+00:00
268,5368327899,3.355,25.6,buy,False,2022-11-08T17:53:33.278059+00:00
269,5368326898,3.355,27.0,buy,False,2022-11-08T17:53:31.380176+00:00
270,5368325543,3.355,26.0,buy,False,2022-11-08T17:53:29.574053+00:00
271,5368324206,3.355,27.4,buy,False,2022-11-08T17:53:27.783821+00:00
272,5368322658,3.355,26.6,buy,False,2022-11-08T17:53:26.000762+00:00
273,5368320122,3.355,27.5,buy,False,2022-11-08T17:53:22.966297+00:00
274,5368319659,3.355,26.4,buy,False,2022-11-08T17:53:22.370565+00:00
275,5368316957,3.355,31.2,buy,False,2022-11-08T17:53:20.276150+00:00
276,5368315191,3.355,30.8,buy,False,2022-11-08T17:53:18.175967+00:00
277,5368313785,3.355,27.4,buy,False,2022-11-08T17:53:16.071705+00:00
278,5368312330,3.355,29.0,buy,False,2022-11-08T17:53:14.286864+00:00
279,5368310706,3.355,29.7,buy,False,2022-11-08T17:53:12.192386+00:00
280,5368309723,3.355,26.5,buy,False,2022-11-08T17:53:10.369112+00:00
281,5368308393,3.355,28.0,buy,False,2022-11-08T17:53:08.275384+00:00
282,5368307270,3.355,30.0,buy,False,2022-11-08T17:53:06.477659+00:00
283,5368305404,3.355,28.1,buy,False,2022-11-08T17:53:04.398242+00:00
284,5368303210,3.355,26.5,buy,False,2022-11-08T17:53:02.625313+00:00
285,5368300970,3.355,31.5,buy,False,2022-11-08T17:53:00.478768+00:00
286,5368298934,3.355,30.7,buy,False,2022-11-08T17:52:58.373547+00:00
287,5368297345,3.355,27.5,buy,False,2022-11-08T17:52:56.580052+00:00
288,5368295015,3.355,28.2,buy,False,2022-11-08T17:52:54.475087+00:00
289,5368294061,3.355,30.2,buy,False,2022-11-08T17:52:52.476186+00:00
290,5368291215,3.355,26.3,buy,False,2022-11-08T17:52:49.665879+00:00
291,5368290026,3.355,26.4,buy,False,2022-11-08T17:52:49.051215+00:00
292,5368287142,3.355,29.1,buy,False,2022-11-08T17:52:46.977376+00:00
293,5368285994,3.355,29.3,buy,False,2022-11-08T17:52:44.880636+00:00
294,5368283756,3.355,26.2,buy,False,2022-11-08T17:52:43.078354+00:00
295,5368281946,3.355,27.2,buy,False,2022-11-08T17:52:41.277480+00:00
296,5368281016,3.355,31.6,buy,False,2022-11-08T17:52:39.313022+00:00
297,5368279788,3.355,29.5,buy,False,2022-11-08T17:52:37.069035+00:00
298,5368278378,3.355,30.1,buy,False,2022-11-08T17:52:35.024676+00:00
299,5368277232,3.355,30.2,buy,False,2022-11-08T17:52:32.879166+00:00
300,5368275870,3.355,28.8,buy,False,2022-11-08T17:52:30.778792+00:00
301,5368274844,3.355,29.6,buy,False,2022-11-08T17:52:28.973664+00:00
302,5368273566,3.355,28.5,buy,False,2022-11-08T17:52:26.884732+00:00
303,5368271723,3.355,28.1,buy,False,2022-11-08T17:52:25.075380+00:00
304,5368270007,3.355,28.7,buy,False,2022-11-08T17:52:22.984381+00:00
305,5368256715,3.355,30.1,buy,False,2022-11-08T17:52:01.348074+00:00
306,5368256551,3.355,863.0,sell,False,2022-11-08T17:52:01.173843+00:00
307,5368256550,3.3575,0.2,sell,False,2022-11-08T17:52:01.173843+00:00
308,5367694584,3.365,159.0,sell,False,2022-11-08T17:28:11.340287+00:00
309,5367365908,3.375,18.9,sell,False,2022-11-08T17:18:34.041017+00:00
310,5367365907,3.3775,0.2,sell,False,2022-11-08T17:18:34.041017+00:00
311,5367106762,3.395,0.2,buy,False,2022-11-08T17:07:31.502444+00:00
312,5367013376,3.3775,0.2,buy,False,2022-11-08T17:04:21.630284+00:00
313,5366637464,3.3575,0.2,buy,False,2022-11-08T16:48:49.144382+00:00
314,5366574144,3.34,0.2,sell,False,2022-11-08T16:46:36.291743+00:00
315,5366424280,3.3575,0.2,buy,False,2022-11-08T16:40:39.897021+00:00
316,5366049052,3.34,0.2,buy,False,2022-11-08T16:30:10.408339+00:00
317,5365431762,3.32,0.2,buy,False,2022-11-08T16:13:02.991380+00:00
318,5365260049,3.3025,0.2,buy,False,2022-11-08T16:10:07.202268+00:00
319,5364876435,3.285,0.2,buy,False,2022-11-08T16:03:55.435808+00:00
320,5364586004,3.265,0.2,buy,False,2022-11-08T15:49:29.419554+00:00
321,5364354066,3.2475,0.2,buy,False,2022-11-08T15:31:59.019753+00:00
322,5363732497,3.23,0.2,buy,False,2022-11-08T14:53:13.043321+00:00
323,5363641350,3.21,0.2,buy,False,2022-11-08T14:49:39.032329+00:00
324,5363566334,3.1925,0.2,sell,False,2022-11-08T14:45:36.795147+00:00
325,5363449956,3.21,0.2,sell,False,2022-11-08T14:40:29.387719+00:00
326,5363275955,3.23,0.2,buy,False,2022-11-08T14:32:22.615515+00:00
327,5362997372,3.21675,3.3,buy,False,2022-11-08T14:14:22.569188+00:00
328,5361795212,3.21,0.2,buy,False,2022-11-08T12:01:54.731656+00:00
329,5361792795,3.2085,3.5,buy,False,2022-11-08T12:01:35.187557+00:00
330,5361792760,3.2085,4.2,buy,False,2022-11-08T12:01:34.642708+00:00
331,5355819218,3.18475,3.4,buy,False,2022-11-08T04:25:45.542097+00:00
332,5355819217,3.18475,2.3,buy,False,2022-11-08T04:25:45.542097+00:00
333,5355818642,3.18475,25.6,buy,False,2022-11-08T04:25:43.703364+00:00
334,5355818641,3.18,174.1,buy,False,2022-11-08T04:25:43.703364+00:00
335,5355814813,3.18,203.8,buy,False,2022-11-08T04:25:33.769062+00:00
336,5355811580,3.18,227.8,buy,False,2022-11-08T04:25:22.976506+00:00
337,5355808769,3.18,211.3,buy,False,2022-11-08T04:25:13.540695+00:00
338,5355808418,3.1845,100.8,sell,False,2022-11-08T04:25:12.490266+00:00
339,5355808417,3.18475,3.4,sell,False,2022-11-08T04:25:12.490266+00:00
340,5355808416,3.1985,96.8,sell,False,2022-11-08T04:25:12.490266+00:00
341,5351824797,3.1925,0.2,sell,False,2022-11-08T00:00:28.640862+00:00
342,5351742879,3.21,0.2,sell,False,2022-11-07T23:51:14.943900+00:00
343,5349884324,3.23,0.2,sell,False,2022-11-07T20:56:00.110002+00:00
344,5349201919,3.2595,27.5,sell,False,2022-11-07T19:27:12.667180+00:00
345,5349201918,3.2595,0.4,sell,False,2022-11-07T19:27:12.667180+00:00
346,5349201917,3.2605,25.3,sell,False,2022-11-07T19:27:12.667180+00:00
347,5349201606,3.2605,54.0,sell,False,2022-11-07T19:27:09.379280+00:00
348,5349201136,3.2605,56.2,sell,False,2022-11-07T19:27:05.778382+00:00
349,5349200713,3.2605,61.0,sell,False,2022-11-07T19:27:02.173352+00:00
350,5349200391,3.2605,61.4,sell,False,2022-11-07T19:26:58.280655+00:00
351,5349200212,3.2605,61.3,sell,False,2022-11-07T19:26:54.677377+00:00
352,5349199946,3.2605,55.4,sell,False,2022-11-07T19:26:51.069475+00:00
353,5349199534,3.2605,55.7,sell,False,2022-11-07T19:26:47.779222+00:00
354,5349195876,3.2605,62.6,sell,False,2022-11-07T19:26:14.593689+00:00
355,5349195869,3.2605,1090.9,buy,False,2022-11-07T19:26:14.523863+00:00
356,5349195868,3.25975,881.4,buy,False,2022-11-07T19:26:14.523863+00:00
357,5349195867,3.2595,30.8,buy,False,2022-11-07T19:26:14.523863+00:00
358,5349161704,3.2475,0.2,buy,False,2022-11-07T19:22:08.833381+00:00
359,5349084590,3.23,0.2,buy,False,2022-11-07T19:13:37.291573+00:00
360,5348989572,3.21,0.2,sell,False,2022-11-07T18:58:14.583633+00:00
361,5348551820,3.23,0.2,sell,False,2022-11-07T17:50:34.982718+00:00
362,5348378350,3.2475,0.2,buy,False,2022-11-07T17:21:16.318169+00:00
363,5348221827,3.23,0.2,sell,False,2022-11-07T17:01:57.345063+00:00
364,5348039994,3.2475,0.2,sell,False,2022-11-07T16:41:37.605026+00:00
365,5348026714,3.265,0.2,sell,False,2022-11-07T16:40:35.805720+00:00
366,5347962297,3.285,0.2,buy,False,2022-11-07T16:32:11.084850+00:00
367,5347953287,3.265,0.2,buy,False,2022-11-07T16:31:14.992057+00:00
368,5347653429,3.2475,0.2,sell,False,2022-11-07T16:03:13.250762+00:00
369,5347474710,3.265,0.2,buy,False,2022-11-07T15:51:04.983432+00:00
370,5347471833,3.2475,0.2,buy,False,2022-11-07T15:50:52.468982+00:00
371,5347466850,3.23,0.2,buy,False,2022-11-07T15:50:39.199915+00:00
372,5347317960,3.21,0.2,buy,False,2022-11-07T15:37:21.383752+00:00
373,5347172245,3.2,0.3,sell,False,2022-11-07T15:20:49.183732+00:00
374,5346864337,3.1925,0.2,sell,False,2022-11-07T14:52:23.400708+00:00
375,5346711673,3.21,0.2,sell,False,2022-11-07T14:38:03.967760+00:00
376,5346695050,3.23,0.2,sell,False,2022-11-07T14:36:52.003199+00:00
377,5346671960,3.2475,0.2,sell,False,2022-11-07T14:35:33.835546+00:00
378,5346671862,3.25,0.3,sell,False,2022-11-07T14:35:32.766671+00:00
379,5346664779,3.265,0.2,sell,False,2022-11-07T14:35:03.043301+00:00
380,5346662947,3.266,1.0,sell,False,2022-11-07T14:34:51.996133+00:00
381,5346662791,3.266,4.0,sell,False,2022-11-07T14:34:51.463647+00:00
382,5346662720,3.266,4.0,sell,False,2022-11-07T14:34:50.927041+00:00
383,5346662693,3.266,3.7,sell,False,2022-11-07T14:34:50.393828+00:00
384,5346662642,3.266,3.9,sell,False,2022-11-07T14:34:49.855410+00:00
385,5346662584,3.266,3.7,sell,False,2022-11-07T14:34:49.315638+00:00
386,5346662506,3.266,3.8,sell,False,2022-11-07T14:34:48.784290+00:00
387,5346662442,3.266,4.3,sell,False,2022-11-07T14:34:48.251446+00:00
388,5346662173,3.266,3.7,sell,False,2022-11-07T14:34:47.720217+00:00
389,5346662123,3.266,4.1,sell,False,2022-11-07T14:34:47.172852+00:00
390,5346662086,3.266,3.8,sell,False,2022-11-07T14:34:46.563082+00:00
391,5346661953,3.266,4.1,sell,False,2022-11-07T14:34:46.023070+00:00
392,5346661912,3.266,3.9,sell,False,2022-11-07T14:34:45.485866+00:00
393,5346661851,3.266,4.0,sell,False,2022-11-07T14:34:44.941290+00:00
394,5346661810,3.266,4.4,sell,False,2022-11-07T14:34:44.396613+00:00
395,5346661767,3.266,4.5,sell,False,2022-11-07T14:34:43.862925+00:00
396,5346661588,3.266,4.3,sell,False,2022-11-07T14:34:43.223124+00:00
397,5346661499,3.266,3.9,sell,False,2022-11-07T14:34:42.412910+00:00
398,5346661393,3.266,4.2,sell,False,2022-11-07T14:34:41.874833+00:00
399,5346661348,3.266,3.9,sell,False,2022-11-07T14:34:41.338997+00:00
400,5346661262,3.266,3.8,sell,False,2022-11-07T14:34:40.805208+00:00
401,5346661063,3.266,4.2,sell,False,2022-11-07T14:34:40.271832+00:00
402,5346661017,3.266,3.8,sell,False,2022-11-07T14:34:39.702388+00:00
403,5346660937,3.266,4.3,sell,False,2022-11-07T14:34:39.166029+00:00
404,5346660741,3.266,3.9,sell,False,2022-11-07T14:34:38.627076+00:00
405,5346660383,3.266,4.0,sell,False,2022-11-07T14:34:38.082259+00:00
406,5346660133,3.266,4.0,sell,False,2022-11-07T14:34:37.276474+00:00
407,5346660061,3.266,3.9,sell,False,2022-11-07T14:34:36.742833+00:00
408,5346659985,3.266,4.2,sell,False,2022-11-07T14:34:36.081093+00:00
409,5346659938,3.266,3.8,sell,False,2022-11-07T14:34:35.485986+00:00
410,5346659860,3.266,4.4,sell,False,2022-11-07T14:34:34.948977+00:00
411,5346659770,3.266,4.0,sell,False,2022-11-07T14:34:34.401897+00:00
412,5346659727,3.266,4.3,sell,False,2022-11-07T14:34:33.868506+00:00
413,5346659621,3.266,4.5,sell,False,2022-11-07T14:34:33.299926+00:00
414,5346659573,3.266,4.5,sell,False,2022-11-07T14:34:32.770769+00:00
415,5346659461,3.266,4.5,sell,False,2022-11-07T14:34:31.791314+00:00
416,5346659403,3.266,4.5,sell,False,2022-11-07T14:34:31.254111+00:00
417,5346659281,3.266,4.0,sell,False,2022-11-07T14:34:30.346278+00:00
418,5346659203,3.266,3.9,sell,False,2022-11-07T14:34:29.814830+00:00
419,5346658828,3.266,4.4,sell,False,2022-11-07T14:34:28.439833+00:00
420,5346658289,3.266,4.5,sell,False,2022-11-07T14:34:26.986053+00:00
421,5346658004,3.266,3.7,sell,False,2022-11-07T14:34:25.544785+00:00
422,5346650484,3.266,9.2,sell,False,2022-11-07T14:34:01.895357+00:00
423,5346617595,3.285,0.1,sell,False,2022-11-07T14:32:08.744399+00:00
424,5346590400,3.285,0.1,sell,False,2022-11-07T14:30:37.185088+00:00
425,5346582727,3.3025,0.2,sell,False,2022-11-07T14:30:12.792223+00:00
426,5345503007,3.32,0.2,sell,False,2022-11-07T12:11:17.314270+00:00
427,5344777297,3.3485,0.2,buy,False,2022-11-07T10:23:16.398184+00:00
428,5344777202,3.3485,0.2,buy,False,2022-11-07T10:23:15.352164+00:00
429,5344777149,3.34,0.2,sell,False,2022-11-07T10:23:14.681288+00:00
430,5344126660,3.395,0.2,buy,False,2022-11-07T09:00:25.763071+00:00
431,5344124438,3.3775,0.2,buy,False,2022-11-07T09:00:12.726965+00:00
432,5344123582,3.3575,0.2,buy,False,2022-11-07T09:00:07.851619+00:00
433,5344123144,3.34,0.2,buy,False,2022-11-07T09:00:05.364650+00:00
434,5344122729,3.32,0.2,buy,False,2022-11-07T09:00:02.884590+00:00
435,5342120164,3.3025,0.2,buy,False,2022-11-07T05:31:29.802064+00:00
436,5341819911,3.271,16.9,sell,False,2022-11-07T04:42:37.801708+00:00
437,5341774253,3.271,1.0,sell,False,2022-11-07T04:33:54.226785+00:00
438,5339050432,3.285,0.2,sell,True,2022-11-06T23:13:49.206377+00:00
439,5339050431,3.28625,1.8,sell,True,2022-11-06T23:13:49.206377+00:00
440,5338110098,3.2865,34.9,sell,False,2022-11-06T21:07:45.915174+00:00
441,5338110097,3.28675,19.1,sell,False,2022-11-06T21:07:45.915174+00:00
442,5337375684,3.2865,11.9,sell,False,2022-11-06T19:02:57.344623+00:00
443,5337375683,3.3025,0.2,sell,False,2022-11-06T19:02:57.344623+00:00
444,5337331821,3.3275,11.9,buy,False,2022-11-06T18:56:30.884712+00:00
445,5337331820,3.32,0.2,buy,False,2022-11-06T18:56:30.884712+00:00
446,5318691821,3.3025,0.2,buy,False,2022-11-04T19:59:55.679346+00:00
447,5318586048,3.28725,8.8,buy,False,2022-11-04T19:46:08.524534+00:00
448,5318585780,3.28725,3.8,buy,False,2022-11-04T19:46:08.266521+00:00
449,5318585395,3.285,0.2,buy,False,2022-11-04T19:46:07.733733+00:00
450,5318538163,3.265,0.2,buy,False,2022-11-04T19:40:17.506342+00:00
451,5318416093,3.2475,0.1,sell,False,2022-11-04T19:22:56.816830+00:00
452,5318416081,3.2475,0.1,sell,False,2022-11-04T19:22:56.582437+00:00
453,5318206114,3.265,0.2,buy,False,2022-11-04T18:56:51.095599+00:00
454,5317965005,3.2475,0.2,buy,False,2022-11-04T18:28:42.531834+00:00
455,5317892667,3.23,0.2,buy,False,2022-11-04T18:21:03.058220+00:00
456,5317736544,3.20275,3.4,sell,False,2022-11-04T17:57:14.534261+00:00
457,5317726041,3.21,0.2,sell,False,2022-11-04T17:55:17.288456+00:00
458,5317521736,3.23,0.2,sell,False,2022-11-04T17:25:43.319920+00:00
459,5317395976,3.23775,3.2,sell,False,2022-11-04T17:09:13.695944+00:00
460,5317288966,3.2475,0.2,sell,False,2022-11-04T16:57:07.226396+00:00
461,5316925593,3.265,0.2,buy,False,2022-11-04T16:17:16.818688+00:00
462,5316882088,3.2475,0.2,sell,False,2022-11-04T16:13:33.465581+00:00
463,5316882014,3.26,0.3,sell,False,2022-11-04T16:13:32.934921+00:00
464,5316881820,3.265,0.2,sell,False,2022-11-04T16:13:31.664685+00:00
465,5316692538,3.27175,3.1,sell,False,2022-11-04T16:03:21.111823+00:00
466,5316530270,3.285,0.2,sell,False,2022-11-04T15:53:07.172107+00:00
467,5316459486,3.3035,3.1,buy,False,2022-11-04T15:48:12.519538+00:00
468,5316453711,3.3025,0.2,sell,False,2022-11-04T15:47:33.566901+00:00
469,5316389904,3.32,0.2,sell,False,2022-11-04T15:43:10.598743+00:00
470,5316356617,3.34,0.2,sell,False,2022-11-04T15:41:07.800101+00:00
471,5316115749,3.3575,0.2,sell,False,2022-11-04T15:19:34.409591+00:00
472,5316093538,3.3775,0.2,buy,False,2022-11-04T15:17:17.327674+00:00
473,5315984920,3.3575,0.2,sell,False,2022-11-04T15:09:32.255139+00:00
474,5315953870,3.3775,0.2,sell,False,2022-11-04T15:07:18.818828+00:00
475,5315882780,3.395,0.2,buy,False,2022-11-04T15:00:51.002736+00:00
476,5315673566,3.3775,0.2,sell,False,2022-11-04T14:42:50.022361+00:00
477,5315544079,3.395,0.2,sell,False,2022-11-04T14:33:58.682369+00:00
478,5315509696,3.4125,0.2,sell,False,2022-11-04T14:31:43.467075+00:00
479,5315456836,3.4325,0.2,buy,False,2022-11-04T14:28:51.302309+00:00
480,5315439293,3.4125,0.2,sell,False,2022-11-04T14:27:45.548213+00:00
481,5315394908,3.4325,0.2,sell,False,2022-11-04T14:25:25.153240+00:00
482,5315235058,3.45,0.2,buy,False,2022-11-04T14:20:16.550892+00:00
483,5315233837,3.4325,0.2,buy,False,2022-11-04T14:20:09.214331+00:00
484,5315021758,3.4125,0.2,buy,False,2022-11-04T14:09:28.711277+00:00
485,5315004622,3.395,0.2,sell,False,2022-11-04T14:07:20.155367+00:00
486,5315000133,3.4125,0.2,sell,False,2022-11-04T14:06:53.875459+00:00
487,5314954157,3.4325,0.2,sell,False,2022-11-04T14:02:28.097381+00:00
488,5314936997,3.45,0.2,sell,False,2022-11-04T14:00:26.179928+00:00
489,5314925650,3.4675,0.2,sell,False,2022-11-04T13:59:15.829085+00:00
490,5314884696,3.4875,0.2,buy,False,2022-11-04T13:54:37.469593+00:00
491,5314871210,3.4675,0.2,sell,False,2022-11-04T13:53:10.811998+00:00
492,5314866339,3.4875,0.2,sell,False,2022-11-04T13:52:51.968760+00:00
493,5314809690,3.505,0.2,sell,False,2022-11-04T13:48:26.879082+00:00
494,5314791290,3.5225,0.2,buy,False,2022-11-04T13:46:17.285540+00:00
495,5314766515,3.505,0.2,sell,False,2022-11-04T13:44:39.545259+00:00
496,5314758216,3.5225,0.2,sell,False,2022-11-04T13:43:55.823060+00:00
497,5314739233,3.5425,0.2,sell,False,2022-11-04T13:42:13.904776+00:00
498,5314732226,3.56,0.2,buy,False,2022-11-04T13:41:34.616260+00:00
499,5314711783,3.5425,0.2,buy,False,2022-11-04T13:39:27.711390+00:00
500,5314677943,3.5225,0.2,sell,False,2022-11-04T13:36:10.886368+00:00
501,5314673305,3.5425,0.2,sell,False,2022-11-04T13:35:44.402326+00:00
502,5314669070,3.56,0.2,buy,False,2022-11-04T13:35:18.814649+00:00
503,5314653215,3.5425,0.2,sell,False,2022-11-04T13:33:54.156294+00:00
504,5314618800,3.56,0.2,buy,False,2022-11-04T13:31:34.289533+00:00
505,5314617450,3.5425,0.2,buy,False,2022-11-04T13:31:27.789946+00:00
506,5314607031,3.5225,0.2,sell,False,2022-11-04T13:30:47.777578+00:00
507,5314603079,3.5425,0.2,sell,False,2022-11-04T13:30:32.065826+00:00
508,5314079083,3.56,0.2,buy,False,2022-11-04T12:52:47.542290+00:00
509,5313953882,3.5425,0.2,buy,False,2022-11-04T12:42:58.272429+00:00
510,5313648004,3.5225,0.2,buy,False,2022-11-04T12:32:00.729290+00:00
511,5313451065,3.505,0.2,buy,False,2022-11-04T12:22:35.716499+00:00
512,5312169748,3.4875,0.2,buy,False,2022-11-04T09:43:42.301889+00:00
513,5311405289,3.4675,0.2,sell,False,2022-11-04T08:11:42.906370+00:00
514,5311403980,3.4875,0.2,sell,False,2022-11-04T08:11:32.180603+00:00
515,5311305382,3.505,0.2,buy,False,2022-11-04T08:01:03.089792+00:00
516,5311294643,3.4875,0.2,buy,False,2022-11-04T08:00:15.306975+00:00
517,5311293164,3.4675,0.2,buy,False,2022-11-04T08:00:09.582289+00:00
518,5306899841,3.454,2.6,buy,False,2022-11-03T22:55:25.861794+00:00
519,5305649753,3.45,0.2,sell,False,2022-11-03T19:18:51.648536+00:00
520,5305612549,3.4675,0.2,sell,False,2022-11-03T19:12:25.083639+00:00
521,5305605956,3.4875,0.2,buy,False,2022-11-03T19:11:26.512849+00:00
522,5305333995,3.4675,0.2,buy,False,2022-11-03T18:20:44.210030+00:00
523,5305160386,3.45,0.2,sell,False,2022-11-03T17:59:15.583504+00:00
524,5305131126,3.4675,0.2,buy,False,2022-11-03T17:55:56.825544+00:00
525,5304922557,3.45,0.2,sell,False,2022-11-03T17:22:49.861624+00:00
526,5304910148,3.4675,0.2,sell,False,2022-11-03T17:20:54.334465+00:00
527,5304850350,3.4875,0.2,sell,False,2022-11-03T17:11:24.630514+00:00
528,5304833640,3.505,0.2,buy,False,2022-11-03T17:08:31.934444+00:00
529,5304831870,3.4875,0.2,buy,False,2022-11-03T17:08:07.539742+00:00
530,5304778853,3.4675,0.2,buy,False,2022-11-03T17:00:42.677160+00:00
531,5304755360,3.45,0.2,buy,False,2022-11-03T16:56:29.256847+00:00
532,5304679252,3.4325,0.2,buy,False,2022-11-03T16:44:52.723437+00:00
533,5304643192,3.4125,0.2,sell,False,2022-11-03T16:39:30.362334+00:00
534,5304542039,3.4325,0.2,sell,False,2022-11-03T16:22:55.900081+00:00
535,5304503499,3.45,0.2,buy,False,2022-11-03T16:16:59.765115+00:00
536,5304493849,3.4325,0.2,buy,False,2022-11-03T16:15:53.155858+00:00
537,5304248058,3.4125,0.2,buy,False,2022-11-03T15:39:46.230649+00:00
538,5304196917,3.395,0.2,sell,False,2022-11-03T15:32:52.642539+00:00
539,5304168163,3.4125,0.2,sell,False,2022-11-03T15:29:13.768211+00:00
540,5304133631,3.4325,0.2,sell,False,2022-11-03T15:24:18.856854+00:00
541,5304065264,3.45,0.2,sell,False,2022-11-03T15:14:39.610772+00:00
542,5304045273,3.4675,0.2,buy,False,2022-11-03T15:12:06.892609+00:00
543,5304026453,3.45,0.2,sell,False,2022-11-03T15:09:24.558432+00:00
544,5304022691,3.4675,0.2,sell,False,2022-11-03T15:08:55.845744+00:00
545,5303976335,3.4875,0.2,sell,False,2022-11-03T15:03:50.688810+00:00
546,5303942774,3.505,0.2,buy,False,2022-11-03T14:59:40.482317+00:00
547,5303849337,3.4875,0.2,buy,False,2022-11-03T14:48:33.614312+00:00
548,5303797018,3.4675,0.2,buy,False,2022-11-03T14:42:29.481010+00:00
549,5303789915,3.45,0.2,buy,False,2022-11-03T14:41:43.726441+00:00
550,5303753874,3.4325,0.2,buy,False,2022-11-03T14:37:02.618288+00:00
551,5303752868,3.4125,0.2,buy,False,2022-11-03T14:36:56.266531+00:00
552,5303685176,3.395,0.2,buy,False,2022-11-03T14:28:44.155384+00:00
553,5303666273,3.3775,0.2,buy,False,2022-11-03T14:26:14.861381+00:00
554,5303646005,3.3575,0.2,buy,False,2022-11-03T14:24:32.450441+00:00
555,5303617969,3.34,0.2,sell,False,2022-11-03T14:21:21.500380+00:00
556,5303608701,3.3575,0.2,buy,False,2022-11-03T14:20:26.913318+00:00
557,5303544276,3.34,0.2,buy,False,2022-11-03T14:15:20.335265+00:00
558,5303533115,3.32,0.2,buy,False,2022-11-03T14:14:54.653052+00:00
559,5303494271,3.3025,0.2,sell,False,2022-11-03T14:10:40.948366+00:00
560,5303429268,3.32,0.2,buy,False,2022-11-03T14:03:46.850760+00:00
561,5303409253,3.3025,0.2,buy,False,2022-11-03T14:01:54.909327+00:00
562,5303405487,3.285,0.2,buy,False,2022-11-03T14:01:35.052313+00:00
563,5303287988,3.265,0.2,sell,False,2022-11-03T13:50:01.830324+00:00
564,5303266582,3.285,0.2,buy,False,2022-11-03T13:47:22.869341+00:00
565,5303241239,3.265,0.2,sell,False,2022-11-03T13:45:14.020679+00:00
566,5303226538,3.285,0.2,buy,False,2022-11-03T13:44:16.473511+00:00
567,5303223275,3.265,0.2,buy,False,2022-11-03T13:43:51.846705+00:00
568,5303216585,3.2475,0.2,buy,False,2022-11-03T13:42:51.016145+00:00
569,5303202830,3.23,0.2,buy,False,2022-11-03T13:41:31.385412+00:00
570,5303202379,3.22325,4.0,buy,False,2022-11-03T13:41:30.179732+00:00
571,5303202276,3.22325,4.7,buy,False,2022-11-03T13:41:29.648545+00:00
572,5303202052,3.22325,4.1,buy,False,2022-11-03T13:41:29.103955+00:00
573,5303153432,3.21,0.2,buy,False,2022-11-03T13:35:53.181891+00:00
574,5303150305,3.1925,0.2,buy,False,2022-11-03T13:35:35.400015+00:00
575,5303149556,3.175,0.2,buy,False,2022-11-03T13:35:30.900930+00:00
576,5303094540,3.155,0.2,sell,False,2022-11-03T13:31:10.258891+00:00
577,5303022537,3.175,0.2,buy,False,2022-11-03T13:21:07.980355+00:00
578,5302444801,3.1405,3.4,sell,False,2022-11-03T12:07:17.977079+00:00
579,5302442184,3.155,0.2,sell,False,2022-11-03T12:07:01.800768+00:00
580,5302439801,3.175,3.3,sell,False,2022-11-03T12:06:52.208492+00:00
581,5302439800,3.175,0.2,sell,False,2022-11-03T12:06:52.208492+00:00
582,5302381327,3.1925,0.2,sell,False,2022-11-03T12:01:30.854676+00:00
583,5302059713,3.20825,3.2,sell,False,2022-11-03T11:33:17.742598+00:00
584,5302059592,3.21,0.2,sell,False,2022-11-03T11:33:17.176244+00:00
585,5297107675,3.23,2.1,sell,False,2022-11-02T22:05:49.856262+00:00
586,5297107674,3.23,0.2,sell,False,2022-11-02T22:05:49.856262+00:00
587,5296215697,3.2495,0.6,buy,False,2022-11-02T20:12:56.173445+00:00
588,5296130277,3.2395,3.1,buy,False,2022-11-02T20:05:40.466764+00:00
589,5296039954,3.2475,0.2,sell,False,2022-11-02T19:57:00.727897+00:00
590,5295988223,3.265,0.2,sell,False,2022-11-02T19:52:02.740457+00:00
591,5295790352,3.285,0.2,buy,False,2022-11-02T19:34:22.118364+00:00
592,5295714612,3.265,0.2,sell,False,2022-11-02T19:30:25.520694+00:00
593,5295621011,3.285,0.2,sell,False,2022-11-02T19:27:04.021962+00:00
594,5295581739,3.3025,0.2,sell,False,2022-11-02T19:26:04.479440+00:00
595,5295452769,3.32,0.2,sell,False,2022-11-02T19:19:35.323334+00:00
596,5295384255,3.34,0.2,sell,False,2022-11-02T19:15:10.800830+00:00
597,5295342013,3.3575,0.2,sell,False,2022-11-02T19:11:45.240252+00:00
598,5295309315,3.3775,0.2,buy,False,2022-11-02T19:09:44.906760+00:00
599,5295275660,3.3575,0.2,buy,False,2022-11-02T19:08:24.321643+00:00
600,5295168339,3.34,0.2,buy,False,2022-11-02T19:02:04.075716+00:00
601,5295115296,3.32,0.2,buy,False,2022-11-02T18:58:48.775041+00:00
602,5295001291,3.3025,0.2,sell,False,2022-11-02T18:53:29.817589+00:00
603,5294892521,3.32,0.2,sell,False,2022-11-02T18:50:59.277423+00:00
604,5294872574,3.34,0.2,sell,False,2022-11-02T18:50:25.592731+00:00
605,5294806721,3.3575,0.2,sell,False,2022-11-02T18:46:44.222730+00:00
606,5294741655,3.3775,0.2,sell,False,2022-11-02T18:43:50.016164+00:00
607,5294684368,3.395,0.2,buy,False,2022-11-02T18:42:21.051301+00:00
608,5294668475,3.3775,0.2,buy,False,2022-11-02T18:42:08.225429+00:00
609,5294573784,3.3575,0.2,sell,False,2022-11-02T18:39:22.544056+00:00
610,5294476046,3.3775,0.2,sell,False,2022-11-02T18:37:47.330641+00:00
611,5294434325,3.395,0.2,sell,False,2022-11-02T18:37:00.204194+00:00
612,5294432986,3.4125,0.2,sell,False,2022-11-02T18:36:59.334427+00:00
613,5294417389,3.395,0.2,sell,False,2022-11-02T18:36:48.583018+00:00
614,5294265561,3.433,1.0,sell,False,2022-11-02T18:31:02.703349+00:00
615,5294232234,3.45,0.2,buy,False,2022-11-02T18:29:15.809805+00:00
616,5294153881,3.4325,0.2,buy,False,2022-11-02T18:24:28.739602+00:00
617,5294057761,3.4125,0.2,sell,False,2022-11-02T18:17:45.738472+00:00
618,5294020955,3.4325,0.2,sell,False,2022-11-02T18:16:38.084626+00:00
619,5293956040,3.45,0.2,buy,False,2022-11-02T18:13:04.771789+00:00
620,5293928084,3.4325,0.2,sell,False,2022-11-02T18:11:32.111942+00:00
621,5293911587,3.45,0.2,sell,False,2022-11-02T18:10:50.126950+00:00
622,5293886021,3.4675,0.2,buy,False,2022-11-02T18:10:07.471836+00:00
623,5293863264,3.45,0.2,buy,False,2022-11-02T18:09:22.431905+00:00
624,5293793495,3.4325,0.2,buy,False,2022-11-02T18:07:19.331108+00:00
625,5293577039,3.4125,0.2,buy,False,2022-11-02T18:02:11.312823+00:00
626,5293506512,3.395,0.2,buy,False,2022-11-02T18:01:21.758997+00:00
627,5293482440,3.3775,0.2,buy,False,2022-11-02T18:01:07.376034+00:00
628,5292847775,3.3575,0.2,buy,False,2022-11-02T16:47:51.053823+00:00
629,5292816290,3.34,0.2,buy,False,2022-11-02T16:43:17.993378+00:00
630,5292813662,3.32,0.2,buy,False,2022-11-02T16:42:55.281263+00:00
631,5292777998,3.3025,0.2,sell,False,2022-11-02T16:38:13.720486+00:00
632,5292667263,3.32,0.2,sell,False,2022-11-02T16:18:34.653676+00:00
633,5292602949,3.34,0.2,buy,False,2022-11-02T16:04:55.851822+00:00
634,5292525391,3.32,0.2,sell,False,2022-11-02T15:49:06.204430+00:00
635,5292519678,3.34,0.2,sell,False,2022-11-02T15:47:27.045559+00:00
636,5292517939,3.3575,0.2,sell,False,2022-11-02T15:46:53.053220+00:00
637,5292481359,3.3775,0.2,buy,False,2022-11-02T15:37:17.823304+00:00
638,5292464122,3.3575,0.2,buy,False,2022-11-02T15:32:23.233378+00:00
639,5292463412,3.34,0.2,buy,False,2022-11-02T15:32:12.433607+00:00
640,5292461626,3.32,0.2,buy,False,2022-11-02T15:31:46.105958+00:00
641,5292388209,3.3025,0.2,sell,False,2022-11-02T15:13:45.197899+00:00
642,5292383994,3.32,0.2,sell,False,2022-11-02T15:13:11.184906+00:00
643,5292376768,3.34,0.2,sell,False,2022-11-02T15:11:32.266961+00:00
644,5292361883,3.3575,0.2,sell,False,2022-11-02T15:08:22.063307+00:00
645,5292356077,3.3775,0.2,sell,False,2022-11-02T15:06:53.199493+00:00
646,5292302584,3.395,0.2,sell,False,2022-11-02T14:56:41.900877+00:00
647,5292205395,3.4125,0.2,buy,False,2022-11-02T14:38:34.209308+00:00
648,5292163122,3.395,0.2,sell,False,2022-11-02T14:31:10.306543+00:00
649,5292101831,3.4125,0.2,sell,False,2022-11-02T14:20:19.477313+00:00
650,5292029132,3.4325,0.2,sell,False,2022-11-02T14:11:23.178220+00:00
651,5292023943,3.45,0.2,buy,False,2022-11-02T14:10:19.411337+00:00
652,5292022846,3.4325,0.2,buy,False,2022-11-02T14:10:05.221039+00:00
653,5292022258,3.424,21.6,buy,False,2022-11-02T14:09:58.285977+00:00
654,5292016506,3.4125,0.2,sell,False,2022-11-02T14:08:33.716574+00:00
655,5291974096,3.4325,0.2,buy,False,2022-11-02T14:00:48.375704+00:00
656,5291960538,3.4125,0.2,sell,False,2022-11-02T13:57:26.840864+00:00
657,5291956244,3.4325,0.2,sell,False,2022-11-02T13:56:19.899080+00:00
658,5291954548,3.45,0.2,sell,False,2022-11-02T13:55:54.598903+00:00
659,5291940198,3.4675,0.2,sell,False,2022-11-02T13:52:57.821870+00:00
660,5291938600,3.4875,0.2,sell,False,2022-11-02T13:52:39.438023+00:00
661,5291935488,3.505,0.2,buy,False,2022-11-02T13:52:05.038504+00:00
662,5291930100,3.4875,0.2,sell,False,2022-11-02T13:51:15.596963+00:00
663,5291928967,3.50775,43.2,sell,False,2022-11-02T13:51:02.334484+00:00
664,5291928930,3.50775,69.5,sell,False,2022-11-02T13:51:01.654484+00:00
665,5291928843,3.50775,80.0,sell,False,2022-11-02T13:51:01.003767+00:00
666,5291928709,3.50775,61.3,sell,False,2022-11-02T13:51:00.284147+00:00
667,5291928552,3.505,0.2,sell,False,2022-11-02T13:50:58.977054+00:00
668,5291927140,3.5225,0.2,sell,False,2022-11-02T13:50:38.338740+00:00
669,5291916506,3.5425,0.2,sell,False,2022-11-02T13:48:28.708650+00:00
670,5291904283,3.56,0.2,buy,False,2022-11-02T13:46:04.381141+00:00
671,5291898682,3.5425,0.2,sell,False,2022-11-02T13:45:15.115323+00:00
672,5291897315,3.56,0.2,sell,False,2022-11-02T13:45:05.038395+00:00
673,5291893630,3.5775,0.2,buy,False,2022-11-02T13:44:22.923080+00:00
674,5291892758,3.56,0.2,buy,False,2022-11-02T13:44:08.668557+00:00
675,5291891954,3.5425,0.2,buy,False,2022-11-02T13:43:59.266545+00:00
676,5291889062,3.5225,0.2,sell,False,2022-11-02T13:43:24.758477+00:00
677,5291886547,3.5235,254.0,sell,False,2022-11-02T13:42:52.828404+00:00
678,5291886504,3.5425,0.2,sell,False,2022-11-02T13:42:52.215461+00:00
679,5291884766,3.56,0.2,sell,False,2022-11-02T13:42:27.147572+00:00
680,5291880867,3.5775,0.2,sell,False,2022-11-02T13:41:39.413365+00:00
681,5291872302,3.5975,0.2,buy,False,2022-11-02T13:40:26.521938+00:00
682,5291869528,3.5775,0.2,buy,False,2022-11-02T13:39:57.941346+00:00
683,5291869113,3.56,0.2,buy,False,2022-11-02T13:39:54.640931+00:00
684,5291868011,3.5425,0.2,buy,False,2022-11-02T13:39:44.002006+00:00
685,5291863938,3.5225,0.2,sell,False,2022-11-02T13:39:03.463276+00:00
686,5291859482,3.5425,0.2,buy,False,2022-11-02T13:38:11.287410+00:00
687,5291858463,3.5225,0.2,buy,False,2022-11-02T13:37:56.833538+00:00
688,5291856762,3.505,0.2,buy,False,2022-11-02T13:37:40.487767+00:00
689,5291855808,3.4875,0.2,buy,False,2022-11-02T13:37:28.549856+00:00
690,5291847406,3.4675,0.2,buy,False,2022-11-02T13:36:12.084889+00:00
691,5291845072,3.45375,4.0,buy,False,2022-11-02T13:36:05.069528+00:00
692,5291844189,3.45,0.2,buy,False,2022-11-02T13:36:04.161165+00:00
693,5291843764,3.4325,0.2,buy,False,2022-11-02T13:36:00.867862+00:00
694,5291840415,3.4135,4.0,buy,False,2022-11-02T13:35:34.139708+00:00
695,5291840370,3.4125,0.2,buy,False,2022-11-02T13:35:33.482801+00:00
696,5291808618,3.395,0.2,sell,False,2022-11-02T13:32:05.034255+00:00
697,5291807975,3.4,0.3,sell,False,2022-11-02T13:32:03.332787+00:00
698,5291798287,3.4125,0.2,sell,False,2022-11-02T13:31:13.783438+00:00
699,5291787842,3.4325,0.2,sell,False,2022-11-02T13:30:04.398261+00:00
700,5291595248,3.45,0.2,buy,False,2022-11-02T12:48:36.755646+00:00
701,5291594726,3.4325,0.2,buy,False,2022-11-02T12:48:24.994920+00:00
702,5291562044,3.4125,0.2,sell,False,2022-11-02T12:40:27.560935+00:00
703,5291463609,3.4325,0.2,sell,False,2022-11-02T12:21:52.463849+00:00
704,5291022831,3.45,0.2,buy,False,2022-11-02T10:57:33.336833+00:00
705,5291022686,3.414,29.8,sell,False,2022-11-02T10:57:30.169332+00:00
706,5291022685,3.4325,0.2,sell,False,2022-11-02T10:57:30.169332+00:00
707,5291017502,3.45,0.2,sell,False,2022-11-02T10:56:15.844525+00:00
708,5290958063,3.4675,0.2,sell,False,2022-11-02T10:41:32.515427+00:00
709,5290783219,3.4875,0.2,sell,False,2022-11-02T10:12:25.211342+00:00
710,5290257437,3.51075,5.0,buy,False,2022-11-02T09:25:59.434345+00:00
711,5290250708,3.51075,24.6,buy,False,2022-11-02T09:24:38.923858+00:00
712,5290250707,3.505,0.2,buy,False,2022-11-02T09:24:38.923858+00:00
713,5290250706,3.4875,0.2,buy,False,2022-11-02T09:24:38.923858+00:00
714,5289855462,3.4675,0.2,buy,False,2022-11-02T08:23:10.832088+00:00
715,5289754779,3.45,0.2,sell,False,2022-11-02T08:02:43.717227+00:00
716,5289754616,3.4615,2.6,sell,False,2022-11-02T08:02:42.298359+00:00
717,5286594658,3.4675,0.2,buy,False,2022-11-02T00:00:16.998769+00:00
718,5286546594,3.45,0.2,buy,False,2022-11-01T23:49:23.689944+00:00
719,5286534625,3.4325,0.2,buy,False,2022-11-01T23:47:05.954349+00:00
720,5285565783,3.4125,0.2,sell,False,2022-11-01T20:15:59.699658+00:00
721,5285556176,3.4325,0.2,sell,False,2022-11-01T20:14:14.130418+00:00
722,5285555975,3.45,0.3,sell,False,2022-11-01T20:14:08.760997+00:00
723,5285555974,3.45,0.2,sell,False,2022-11-01T20:14:08.760997+00:00
724,5285545574,3.4675,0.2,sell,False,2022-11-01T20:11:31.750757+00:00
725,5285407423,3.4875,0.2,sell,False,2022-11-01T19:42:17.107867+00:00
726,5285346122,3.505,0.2,sell,False,2022-11-01T19:26:55.563977+00:00
727,5285330527,3.5225,0.2,buy,False,2022-11-01T19:22:41.176641+00:00
728,5285330433,3.505,0.2,buy,False,2022-11-01T19:22:39.236558+00:00
729,5285307943,3.4875,0.2,buy,False,2022-11-01T19:17:40.526904+00:00
730,5285125540,3.4675,0.2,sell,False,2022-11-01T18:33:51.661402+00:00
731,5284807592,3.4875,0.2,sell,False,2022-11-01T17:31:33.683954+00:00
732,5284807591,3.5,0.3,sell,False,2022-11-01T17:31:33.683954+00:00
733,5284807540,3.505,0.2,sell,False,2022-11-01T17:31:32.536415+00:00
734,5284787227,3.5225,0.2,sell,False,2022-11-01T17:26:07.584583+00:00
735,5284765175,3.5425,0.2,buy,False,2022-11-01T17:21:11.992619+00:00
736,5284675748,3.5225,0.2,sell,False,2022-11-01T17:02:08.806404+00:00
737,5284670705,3.544,0.1,buy,False,2022-11-01T17:01:09.291891+00:00
738,5284670704,3.5425,0.2,buy,False,2022-11-01T17:01:09.291891+00:00
739,5284663041,3.5225,0.2,sell,False,2022-11-01T16:59:52.508592+00:00
740,5284651871,3.5425,0.2,sell,False,2022-11-01T16:56:50.641441+00:00
741,5284640187,3.56,0.2,buy,False,2022-11-01T16:54:56.345005+00:00
742,5284632677,3.5425,0.2,buy,False,2022-11-01T16:53:10.365119+00:00
743,5284596065,3.5225,0.2,buy,False,2022-11-01T16:48:22.693455+00:00
744,5284556476,3.505,0.2,sell,False,2022-11-01T16:40:18.889956+00:00
745,5284510010,3.5225,0.2,buy,False,2022-11-01T16:33:18.259717+00:00
746,5284506226,3.505,0.2,buy,False,2022-11-01T16:32:45.642393+00:00
747,5284496285,3.4875,0.2,buy,False,2022-11-01T16:31:50.608047+00:00
748,5284419758,3.4675,0.2,buy,False,2022-11-01T16:20:44.986330+00:00
749,5284385561,3.45,0.2,sell,False,2022-11-01T16:13:59.946090+00:00
750,5284327353,3.4675,0.2,buy,False,2022-11-01T16:06:00.554435+00:00
751,5284257248,3.45,0.2,sell,False,2022-11-01T15:52:35.176315+00:00
752,5284246478,3.4675,0.2,buy,False,2022-11-01T15:49:18.788330+00:00
753,5284246048,3.45,0.2,buy,False,2022-11-01T15:49:11.387485+00:00
754,5284218448,3.4325,0.2,sell,False,2022-11-01T15:43:23.894529+00:00
755,5284171953,3.4445,4.8,sell,True,2022-11-01T15:35:08.127514+00:00
756,5284163171,3.45,0.2,buy,False,2022-11-01T15:32:59.472586+00:00
757,5284123064,3.44425,2.9,buy,False,2022-11-01T15:25:18.514712+00:00
758,5284078191,3.4325,0.2,sell,False,2022-11-01T15:17:14.693867+00:00
759,5284061739,3.45,0.2,buy,False,2022-11-01T15:13:52.192061+00:00
760,5284059878,3.4325,0.2,buy,False,2022-11-01T15:13:27.299601+00:00
761,5284055046,3.4125,0.2,buy,False,2022-11-01T15:12:43.786415+00:00
762,5284041260,3.395,0.2,buy,False,2022-11-01T15:10:24.275772+00:00
763,5284038980,3.3775,0.2,buy,False,2022-11-01T15:10:01.878813+00:00
764,5284032201,3.3575,0.2,sell,False,2022-11-01T15:08:44.268580+00:00
765,5283998152,3.3775,0.2,buy,False,2022-11-01T15:02:47.747658+00:00
766,5283989504,3.3575,0.2,buy,False,2022-11-01T15:01:31.879956+00:00
767,5283953861,3.34,0.2,sell,False,2022-11-01T14:55:24.030844+00:00
768,5283906773,3.3575,0.2,buy,False,2022-11-01T14:45:52.956748+00:00
769,5283894121,3.34,0.2,sell,False,2022-11-01T14:44:17.174053+00:00
770,5283883223,3.3575,0.2,sell,False,2022-11-01T14:42:02.992517+00:00
771,5283856979,3.3775,0.2,sell,False,2022-11-01T14:38:48.386278+00:00
772,5283853768,3.395,0.2,sell,False,2022-11-01T14:38:07.227563+00:00
773,5283832143,3.4125,0.2,buy,False,2022-11-01T14:34:55.098652+00:00
774,5283831454,3.395,0.2,buy,False,2022-11-01T14:34:51.698321+00:00
775,5283764828,3.3775,0.2,sell,False,2022-11-01T14:25:08.713893+00:00
776,5283764020,3.395,0.2,sell,False,2022-11-01T14:25:02.596645+00:00
777,5283763347,3.4125,0.2,sell,False,2022-11-01T14:24:51.303391+00:00
778,5283760714,3.4325,0.2,sell,False,2022-11-01T14:24:16.020926+00:00
779,5283743950,3.45,0.2,buy,False,2022-11-01T14:21:46.193420+00:00
780,5283726138,3.4325,0.2,sell,False,2022-11-01T14:19:56.254435+00:00
781,5283713351,3.45,0.2,buy,False,2022-11-01T14:18:14.556451+00:00
782,5283708873,3.4325,0.2,buy,False,2022-11-01T14:17:41.343827+00:00
783,5283698597,3.4125,0.2,buy,False,2022-11-01T14:16:41.811514+00:00
784,5283696370,3.395,0.2,buy,False,2022-11-01T14:16:32.974508+00:00
785,5283667193,3.3775,0.2,sell,False,2022-11-01T14:13:23.254563+00:00
786,5283665222,3.395,0.2,sell,False,2022-11-01T14:13:14.208871+00:00
787,5283641931,3.4125,0.2,buy,False,2022-11-01T14:11:17.630919+00:00
788,5283622443,3.395,0.2,sell,False,2022-11-01T14:09:36.154513+00:00
789,5283620848,3.4125,0.2,sell,False,2022-11-01T14:09:24.846632+00:00
790,5283603084,3.4325,0.2,sell,False,2022-11-01T14:07:44.927146+00:00
791,5283566137,3.45,0.2,sell,False,2022-11-01T14:04:09.816459+00:00
792,5283564375,3.4675,0.2,sell,False,2022-11-01T14:04:00.630069+00:00
793,5283562638,3.4875,0.2,sell,False,2022-11-01T14:03:44.720761+00:00
794,5283560403,3.505,0.2,sell,False,2022-11-01T14:03:27.727492+00:00
795,5283560311,3.5225,0.2,sell,False,2022-11-01T14:03:26.914406+00:00
796,5283555428,3.5425,0.2,sell,False,2022-11-01T14:02:57.624419+00:00
797,5283546990,3.56,0.2,buy,False,2022-11-01T14:02:07.000210+00:00
798,5283546989,3.5425,0.2,buy,False,2022-11-01T14:02:07.000210+00:00
799,5283528472,3.5225,0.2,sell,False,2022-11-01T14:00:55.355571+00:00
800,5283523725,3.5425,0.2,sell,False,2022-11-01T14:00:35.559294+00:00
801,5283520309,3.56,0.2,sell,False,2022-11-01T14:00:24.186169+00:00
802,5283480558,3.5775,0.2,sell,False,2022-11-01T13:56:16.840689+00:00
803,5283467552,3.5975,0.2,buy,False,2022-11-01T13:54:37.793997+00:00
804,5283458351,3.5775,0.2,buy,False,2022-11-01T13:53:24.591112+00:00
805,5283442885,3.56,0.2,buy,False,2022-11-01T13:52:10.724949+00:00
806,5283441305,3.5425,0.2,buy,False,2022-11-01T13:52:01.183876+00:00
807,5283440394,3.5225,0.2,buy,False,2022-11-01T13:51:55.135547+00:00
808,5283440235,3.505,0.2,buy,False,2022-11-01T13:51:52.923579+00:00
809,5283437040,3.4875,0.2,sell,False,2022-11-01T13:51:31.879781+00:00
810,5283420521,3.505,0.2,buy,False,2022-11-01T13:50:06.482232+00:00
811,5283417144,3.4875,0.2,buy,False,2022-11-01T13:49:50.317665+00:00
812,5283371570,3.4675,0.2,buy,False,2022-11-01T13:47:28.283761+00:00
813,5283329756,3.45,0.2,sell,False,2022-11-01T13:45:47.986333+00:00
814,5283327642,3.4675,0.2,sell,False,2022-11-01T13:45:39.835380+00:00
815,5283310956,3.4875,0.2,sell,False,2022-11-01T13:45:14.527015+00:00
816,5283302906,3.505,0.2,buy,False,2022-11-01T13:44:31.026721+00:00
817,5283250547,3.4875,0.2,buy,False,2022-11-01T13:40:04.524966+00:00
818,5283241342,3.4675,0.2,buy,False,2022-11-01T13:38:48.171982+00:00
819,5283238561,3.45,0.2,sell,False,2022-11-01T13:38:24.278262+00:00
820,5283231826,3.4675,0.2,buy,False,2022-11-01T13:37:11.813819+00:00
821,5283231038,3.45,0.2,buy,False,2022-11-01T13:37:03.121017+00:00
822,5283230067,3.4325,0.2,buy,False,2022-11-01T13:36:52.124959+00:00
823,5283224651,3.4125,0.2,sell,False,2022-11-01T13:36:08.666886+00:00
824,5283223504,3.4325,0.2,sell,False,2022-11-01T13:36:02.563186+00:00
825,5283221728,3.45,0.2,sell,False,2022-11-01T13:35:53.826950+00:00
826,5283215179,3.4675,0.2,sell,False,2022-11-01T13:35:01.788847+00:00
827,5283211427,3.4875,0.2,sell,False,2022-11-01T13:34:34.498865+00:00
828,5283209602,3.505,0.2,sell,False,2022-11-01T13:34:19.634581+00:00
829,5283209183,3.5225,3.1,buy,False,2022-11-01T13:34:16.578323+00:00
830,5283209165,3.5225,0.2,sell,False,2022-11-01T13:34:16.085397+00:00
831,5283208923,3.5425,0.2,sell,False,2022-11-01T13:34:13.635422+00:00
832,5283206821,3.56,0.2,sell,False,2022-11-01T13:33:52.713290+00:00
833,5283205727,3.5775,0.2,sell,False,2022-11-01T13:33:40.864208+00:00
834,5283193461,3.5975,0.2,sell,False,2022-11-01T13:32:20.012919+00:00
835,5283180356,3.615,0.2,sell,False,2022-11-01T13:31:09.163519+00:00
836,5283179031,3.6325,0.2,sell,False,2022-11-01T13:31:03.081743+00:00
837,5283176440,3.6525,0.2,sell,False,2022-11-01T13:30:39.619688+00:00
838,5283174420,3.67,0.2,sell,False,2022-11-01T13:30:24.068465+00:00
839,5283126861,3.6875,0.2,buy,False,2022-11-01T13:22:12.518269+00:00
840,5283102839,3.67,0.2,buy,False,2022-11-01T13:16:56.775362+00:00
841,5283066990,3.6525,0.2,buy,False,2022-11-01T13:10:13.818612+00:00
842,5283034334,3.6325,0.2,buy,False,2022-11-01T13:03:50.264737+00:00
843,5283026428,3.615,0.2,buy,False,2022-11-01T13:02:28.256732+00:00
844,5282955681,3.5975,0.2,buy,False,2022-11-01T12:49:50.976024+00:00
845,5282955680,3.5775,0.2,buy,False,2022-11-01T12:49:50.976024+00:00
846,5282946370,3.56,0.2,buy,False,2022-11-01T12:48:02.460124+00:00
847,5282928404,3.5425,0.2,buy,False,2022-11-01T12:44:34.920125+00:00
848,5282924251,3.5225,0.2,sell,False,2022-11-01T12:43:23.458532+00:00
849,5282923766,3.5425,0.2,sell,False,2022-11-01T12:43:15.186322+00:00
850,5282919545,3.56,0.2,sell,False,2022-11-01T12:42:01.393715+00:00
851,5282918826,3.5775,0.2,sell,False,2022-11-01T12:41:52.770838+00:00
852,5282918597,3.5975,0.2,sell,False,2022-11-01T12:41:47.639206+00:00
853,5282918437,3.615,0.2,sell,False,2022-11-01T12:41:43.544646+00:00
854,5282917674,3.6325,0.2,sell,False,2022-11-01T12:41:33.050060+00:00
855,5282917068,3.6525,0.2,sell,False,2022-11-01T12:41:25.562621+00:00
856,5282916451,3.67,0.2,sell,False,2022-11-01T12:41:18.783550+00:00
857,5282915715,3.6875,0.2,sell,False,2022-11-01T12:41:09.510633+00:00
858,5282915391,3.7075,0.2,sell,False,2022-11-01T12:41:04.586311+00:00
859,5282915008,3.725,0.2,sell,False,2022-11-01T12:41:00.644337+00:00
860,5282911681,3.7425,0.2,sell,False,2022-11-01T12:40:20.888412+00:00
861,5282907342,3.7625,0.2,sell,False,2022-11-01T12:39:27.768025+00:00
862,5282842448,3.78,0.2,sell,False,2022-11-01T12:27:29.757443+00:00
863,5282797672,3.83675,149.4,buy,False,2022-11-01T12:20:15.412650+00:00
864,5282797671,3.836,86.9,buy,False,2022-11-01T12:20:15.412650+00:00
865,5282797670,3.83575,26.6,buy,False,2022-11-01T12:20:15.412650+00:00
866,5282797669,3.8,0.2,buy,False,2022-11-01T12:20:15.412650+00:00
867,5282782978,3.78,0.2,buy,False,2022-11-01T12:17:55.919336+00:00
868,5282385322,3.7625,0.2,sell,False,2022-11-01T11:18:21.678199+00:00
869,5281992037,3.78,0.2,sell,False,2022-11-01T10:31:14.843266+00:00
870,5281170962,3.8,0.2,buy,False,2022-11-01T08:37:14.502956+00:00
871,5281165721,3.78,0.2,buy,False,2022-11-01T08:36:02.619302+00:00
872,5281165065,3.7625,1.0,buy,False,2022-11-01T08:35:54.771455+00:00
873,5281165021,3.7625,4.0,buy,False,2022-11-01T08:35:54.244748+00:00
874,5281165020,3.7625,0.2,buy,False,2022-11-01T08:35:54.244748+00:00
875,5280405068,3.7425,0.1,buy,False,2022-11-01T06:24:14.176035+00:00
876,5280404988,3.7425,0.1,buy,False,2022-11-01T06:24:13.146330+00:00
877,5277318662,3.725,0.2,sell,False,2022-10-31T22:04:50.455515+00:00
878,5277001192,3.7425,0.2,buy,False,2022-10-31T20:59:34.790658+00:00
879,5276856929,3.725,0.2,buy,False,2022-10-31T20:30:02.437102+00:00
880,5276803377,3.70075,43.0,sell,False,2022-10-31T20:18:23.447398+00:00
881,5276803376,3.7075,0.2,sell,False,2022-10-31T20:18:23.447398+00:00
882,5276803375,3.71275,80.0,sell,False,2022-10-31T20:18:23.447398+00:00
883,5276803374,3.725,0.2,sell,False,2022-10-31T20:18:23.447398+00:00
884,5276803373,3.7275,26.6,sell,False,2022-10-31T20:18:23.447398+00:00
885,5276766956,3.7425,0.2,buy,False,2022-10-31T20:11:21.567487+00:00
886,5276690730,3.725,0.2,sell,False,2022-10-31T20:00:28.768954+00:00
887,5276653774,3.7425,0.2,sell,False,2022-10-31T19:54:19.463706+00:00
888,5276610207,3.7625,0.2,sell,False,2022-10-31T19:47:09.096387+00:00
889,5276604846,3.78,0.2,sell,False,2022-10-31T19:45:56.350106+00:00
890,5276477216,3.87,0.7,buy,False,2022-10-31T19:21:01.622137+00:00
891,5276477160,3.87,4.3,buy,False,2022-10-31T19:21:01.080280+00:00
892,5276476982,3.87,3.7,buy,False,2022-10-31T19:20:59.631029+00:00
893,5276476961,3.87,4.2,buy,False,2022-10-31T19:20:59.096514+00:00
894,5276472420,3.85,0.3,buy,False,2022-10-31T19:20:02.421520+00:00
895,5276427616,3.8,0.2,buy,False,2022-10-31T19:12:10.085864+00:00
896,5276317668,3.78,0.2,buy,False,2022-10-31T18:56:45.218267+00:00
897,5276315398,3.7625,0.2,buy,False,2022-10-31T18:56:14.706381+00:00
898,5276274566,3.7425,0.2,buy,False,2022-10-31T18:48:13.520979+00:00
899,5276224811,3.725,0.2,buy,False,2022-10-31T18:39:39.796334+00:00
900,5276166762,3.7075,0.2,sell,False,2022-10-31T18:31:44.810537+00:00
901,5276124299,3.725,0.2,sell,False,2022-10-31T18:26:48.900422+00:00
902,5276096092,3.7425,0.2,sell,False,2022-10-31T18:21:59.608531+00:00
903,5276051620,3.7625,0.2,buy,False,2022-10-31T18:13:53.415752+00:00
904,5275819449,3.7425,0.2,sell,False,2022-10-31T17:36:16.314350+00:00
905,5275813997,3.7625,0.2,sell,False,2022-10-31T17:35:23.251300+00:00
906,5275791346,3.78,0.2,sell,False,2022-10-31T17:31:06.858709+00:00
907,5275764307,3.8,0.2,buy,False,2022-10-31T17:27:09.343829+00:00
908,5275710220,3.78,0.2,sell,False,2022-10-31T17:19:01.677045+00:00
909,5275656542,3.8,74.3,buy,False,2022-10-31T17:12:47.992167+00:00
910,5275655258,3.8,227.2,buy,False,2022-10-31T17:12:35.690804+00:00
911,5275654293,3.8,140.2,buy,False,2022-10-31T17:12:27.000036+00:00
912,5275653752,3.8,124.1,buy,False,2022-10-31T17:12:19.199547+00:00
913,5275653311,3.8,104.1,buy,False,2022-10-31T17:12:12.304323+00:00
914,5275652409,3.8,108.5,buy,False,2022-10-31T17:12:05.104005+00:00
915,5275651917,3.8,101.6,buy,False,2022-10-31T17:11:58.206301+00:00
916,5275651349,3.8,103.7,buy,False,2022-10-31T17:11:51.290337+00:00
917,5275650327,3.8,219.9,buy,False,2022-10-31T17:11:39.293341+00:00
918,5275649507,3.8,104.5,buy,False,2022-10-31T17:11:32.397541+00:00
919,5275649016,3.8,80.4,buy,False,2022-10-31T17:11:26.681741+00:00
920,5275648359,3.8,81.9,buy,False,2022-10-31T17:11:20.991608+00:00
921,5275647765,3.8,52.2,buy,False,2022-10-31T17:11:17.099758+00:00
922,5275647591,3.8,61.1,buy,False,2022-10-31T17:11:15.100119+00:00
923,5275647536,3.8,66.3,buy,False,2022-10-31T17:11:14.421927+00:00
924,5275645950,3.8,14.6,buy,False,2022-10-31T17:11:01.119097+00:00
925,5275645907,3.8,14.4,buy,False,2022-10-31T17:11:00.593072+00:00
926,5275645588,3.8,17.9,buy,False,2022-10-31T17:10:59.088832+00:00
927,5275645485,3.8,15.9,buy,False,2022-10-31T17:10:57.894343+00:00
928,5275645231,3.8,21.0,buy,False,2022-10-31T17:10:56.084963+00:00
929,5275645117,3.8,19.6,buy,False,2022-10-31T17:10:54.583257+00:00
930,5275645049,3.8,14.6,buy,False,2022-10-31T17:10:53.492448+00:00
931,5275644578,3.8,75.9,buy,False,2022-10-31T17:10:50.604967+00:00
932,5275644544,3.8,17.6,buy,False,2022-10-31T17:10:50.076595+00:00
933,5275644504,3.8,20.6,buy,False,2022-10-31T17:10:49.447810+00:00
934,5275644483,3.8,14.0,buy,False,2022-10-31T17:10:48.924753+00:00
935,5275644438,3.8,7.5,buy,False,2022-10-31T17:10:48.396673+00:00
936,5275644385,3.8,5.6,buy,False,2022-10-31T17:10:47.862150+00:00
937,5275644354,3.8,6.2,buy,False,2022-10-31T17:10:47.226595+00:00
938,5275644318,3.8,6.7,buy,False,2022-10-31T17:10:46.637677+00:00
939,5275644269,3.8,5.4,buy,False,2022-10-31T17:10:46.105883+00:00
940,5275644240,3.8,7.2,buy,False,2022-10-31T17:10:45.574625+00:00
941,5275644196,3.8,7.4,buy,False,2022-10-31T17:10:45.044695+00:00
942,5275644156,3.8,5.3,buy,False,2022-10-31T17:10:44.520398+00:00
943,5275644106,3.8,5.2,buy,False,2022-10-31T17:10:43.993142+00:00
944,5275643989,3.8,5.1,buy,False,2022-10-31T17:10:43.461307+00:00
945,5275643942,3.8,5.9,buy,False,2022-10-31T17:10:42.931396+00:00
946,5275643929,3.8,4.8,buy,False,2022-10-31T17:10:42.389951+00:00
947,5275643898,3.8,4.8,buy,False,2022-10-31T17:10:41.860538+00:00
948,5275643867,3.8,5.1,buy,False,2022-10-31T17:10:41.323842+00:00
949,5275643812,3.8,4.5,buy,False,2022-10-31T17:10:40.795581+00:00
950,5275643707,3.8,4.9,buy,False,2022-10-31T17:10:40.268672+00:00
951,5275643636,3.8,4.3,buy,False,2022-10-31T17:10:39.728018+00:00
952,5275643550,3.8,3.9,buy,False,2022-10-31T17:10:39.199107+00:00
953,5275643491,3.8,3.8,buy,False,2022-10-31T17:10:38.594499+00:00
954,5275643449,3.8,4.0,buy,False,2022-10-31T17:10:38.063481+00:00
955,5275643248,3.8,4.1,buy,False,2022-10-31T17:10:35.382875+00:00
956,5275643201,3.8,4.3,buy,False,2022-10-31T17:10:34.845402+00:00
957,5275640525,3.8,12.1,buy,False,2022-10-31T17:10:08.089280+00:00
958,5275640441,3.8,15.0,buy,False,2022-10-31T17:10:06.885862+00:00
959,5275640403,3.8,14.0,buy,False,2022-10-31T17:10:05.988997+00:00
960,5275640199,3.8,16.3,buy,False,2022-10-31T17:10:04.498574+00:00
961,5275639876,3.8,16.4,buy,False,2022-10-31T17:10:03.283988+00:00
962,5275639709,3.8,15.7,buy,False,2022-10-31T17:10:01.793953+00:00
963,5275639641,3.8,11.8,buy,False,2022-10-31T17:10:00.901483+00:00
964,5275639583,3.8,9.1,buy,False,2022-10-31T17:10:00.287352+00:00
965,5275639355,3.8,8.3,buy,False,2022-10-31T17:09:59.410616+00:00
966,5275639223,3.8,7.6,buy,False,2022-10-31T17:09:58.803475+00:00
967,5275638591,3.8,20.3,buy,False,2022-10-31T17:09:57.302173+00:00
968,5275638501,3.8,12.7,buy,False,2022-10-31T17:09:56.089563+00:00
969,5275638404,3.8,11.3,buy,False,2022-10-31T17:09:55.190988+00:00
970,5275638319,3.8,13.2,buy,False,2022-10-31T17:09:54.298906+00:00
971,5275638210,3.8,13.6,buy,False,2022-10-31T17:09:53.128393+00:00
972,5275638131,3.8,13.7,buy,False,2022-10-31T17:09:51.913691+00:00
973,5275637952,3.8,13.1,buy,False,2022-10-31T17:09:50.990434+00:00
974,5275637852,3.8,14.1,buy,False,2022-10-31T17:09:49.792775+00:00
975,5275637759,3.8,9.9,buy,False,2022-10-31T17:09:48.899359+00:00
976,5275637269,3.8,78.3,buy,False,2022-10-31T17:09:44.704828+00:00
977,5275637229,3.8,82.0,buy,False,2022-10-31T17:09:44.177355+00:00
978,5275637188,3.8,75.5,buy,False,2022-10-31T17:09:43.643864+00:00
979,5275637187,3.8,0.3,buy,False,2022-10-31T17:09:43.643864+00:00
980,5275637186,3.8,0.2,buy,False,2022-10-31T17:09:43.643864+00:00
981,5275635124,3.78,0.2,buy,False,2022-10-31T17:09:23.493757+00:00
982,5275620955,3.7625,0.2,buy,False,2022-10-31T17:07:09.658613+00:00
983,5275615803,3.7425,0.2,buy,False,2022-10-31T17:06:23.502388+00:00
984,5275604477,3.725,0.2,sell,False,2022-10-31T17:05:07.973262+00:00
985,5275594664,3.7425,0.2,sell,False,2022-10-31T17:03:50.114978+00:00
986,5275577401,3.7625,0.2,buy,False,2022-10-31T17:02:05.886682+00:00
987,5275567481,3.75,0.3,buy,False,2022-10-31T17:00:59.036640+00:00
988,5275567030,3.7425,0.2,buy,False,2022-10-31T17:00:54.041097+00:00
989,5275564122,3.725,0.2,buy,False,2022-10-31T17:00:33.421102+00:00
990,5275560586,3.7075,0.2,buy,False,2022-10-31T17:00:07.708104+00:00
991,5275535806,3.6875,0.2,buy,False,2022-10-31T16:56:15.887423+00:00
992,5275532851,3.67,0.2,buy,False,2022-10-31T16:55:44.137789+00:00
993,5275489875,3.6525,0.2,buy,False,2022-10-31T16:49:16.893085+00:00
994,5275484592,3.6325,0.2,buy,False,2022-10-31T16:48:30.739043+00:00
995,5275471720,3.615,0.2,buy,False,2022-10-31T16:46:41.118761+00:00
996,5275424295,3.5975,0.2,sell,False,2022-10-31T16:41:51.467505+00:00
997,5275395690,3.615,0.2,sell,False,2022-10-31T16:37:54.442542+00:00
998,5275268464,3.6325,0.2,sell,False,2022-10-31T16:25:52.698890+00:00
999,5275215905,3.6525,0.2,buy,False,2022-10-31T16:20:34.867604+00:00
1000,5275197516,3.6325,0.2,buy,False,2022-10-31T16:19:00.542437+00:00
1001,5275186309,3.615,0.2,buy,False,2022-10-31T16:18:12.947345+00:00
1002,5275178949,3.5975,0.2,buy,False,2022-10-31T16:17:41.042928+00:00
1003,5275132144,3.5775,0.2,buy,False,2022-10-31T16:15:24.403628+00:00
1004,5275115613,3.56,0.2,buy,False,2022-10-31T16:13:33.019706+00:00
1005,5275067555,3.5425,0.2,sell,False,2022-10-31T16:09:04.531307+00:00
1006,5275040249,3.56,0.2,sell,False,2022-10-31T16:06:33.316979+00:00
1007,5275022905,3.5775,0.2,sell,False,2022-10-31T16:05:00.698408+00:00
1008,5275014673,3.5975,0.2,sell,False,2022-10-31T16:04:05.842961+00:00
1009,5275005203,3.615,0.2,buy,False,2022-10-31T16:03:06.639951+00:00
1010,5274994613,3.5975,0.2,buy,False,2022-10-31T16:02:02.211041+00:00
1011,5274943891,3.57275,7.2,buy,False,2022-10-31T15:58:24.140264+00:00
1012,5274942617,3.5775,0.2,sell,False,2022-10-31T15:58:19.570622+00:00
1013,5274940168,3.5975,0.2,sell,False,2022-10-31T15:58:10.517102+00:00
1014,5274926788,3.615,0.2,sell,False,2022-10-31T15:56:54.075766+00:00
1015,5274926608,3.6325,0.2,sell,False,2022-10-31T15:56:51.973727+00:00
1016,5274853843,3.6525,0.2,sell,False,2022-10-31T15:51:40.380423+00:00
1017,5274831509,3.67,0.2,buy,False,2022-10-31T15:48:56.438469+00:00
1018,5274805422,3.6525,0.2,buy,False,2022-10-31T15:44:57.238746+00:00
1019,5274803268,3.6325,0.2,sell,False,2022-10-31T15:44:34.493743+00:00
1020,5274802702,3.6525,0.2,sell,False,2022-10-31T15:44:27.821728+00:00
1021,5274798068,3.67,0.2,sell,False,2022-10-31T15:43:36.242544+00:00
1022,5274792897,3.7,0.3,buy,False,2022-10-31T15:42:47.862997+00:00
1023,5274789636,3.6875,0.2,buy,False,2022-10-31T15:42:14.065205+00:00
1024,5274782619,3.67,0.2,buy,False,2022-10-31T15:41:06.711859+00:00
1025,5274772316,3.6525,0.2,buy,False,2022-10-31T15:39:45.909071+00:00
1026,5274769216,3.6325,0.2,buy,False,2022-10-31T15:39:20.066595+00:00
1027,5274753058,3.615,0.2,buy,False,2022-10-31T15:36:55.612155+00:00
1028,5274748157,3.5975,0.2,sell,False,2022-10-31T15:36:07.305040+00:00
1029,5274736215,3.615,0.2,sell,False,2022-10-31T15:34:16.635685+00:00
1030,5274736100,3.6325,0.2,sell,False,2022-10-31T15:34:14.995100+00:00
1031,5274735522,3.6525,0.2,sell,False,2022-10-31T15:34:07.941899+00:00
1032,5274734026,3.67,0.2,sell,False,2022-10-31T15:33:55.897057+00:00
1033,5274732255,3.6875,0.2,buy,False,2022-10-31T15:33:39.635411+00:00
1034,5274726704,3.67,0.2,buy,False,2022-10-31T15:32:48.165442+00:00
1035,5274722075,3.6525,0.2,buy,False,2022-10-31T15:32:03.167630+00:00
1036,5274713587,3.6325,0.2,buy,False,2022-10-31T15:30:49.776999+00:00
1037,5274712555,3.615,0.2,buy,False,2022-10-31T15:30:42.310951+00:00
1038,5274708971,3.5975,0.2,sell,False,2022-10-31T15:30:17.960393+00:00
1039,5274706037,3.615,0.2,sell,False,2022-10-31T15:29:58.886965+00:00
1040,5274703473,3.6325,0.2,buy,False,2022-10-31T15:29:36.187230+00:00
1041,5274702138,3.615,0.2,sell,False,2022-10-31T15:29:23.641558+00:00
1042,5274700651,3.6325,0.2,sell,False,2022-10-31T15:29:13.765527+00:00
1043,5274696785,3.6525,0.2,sell,False,2022-10-31T15:28:43.029474+00:00
1044,5274693615,3.67,0.2,buy,False,2022-10-31T15:28:23.318914+00:00
1045,5274688971,3.6525,0.2,buy,False,2022-10-31T15:28:02.069807+00:00
1046,5274688636,3.65,0.3,buy,False,2022-10-31T15:27:58.948968+00:00
1047,5274681400,3.6325,0.2,buy,False,2022-10-31T15:26:56.935535+00:00
1048,5274680376,3.615,0.2,buy,False,2022-10-31T15:26:49.235229+00:00
1049,5274679454,3.6,0.3,buy,False,2022-10-31T15:26:38.926044+00:00
1050,5274679453,3.5975,0.2,buy,False,2022-10-31T15:26:38.926044+00:00
1051,5274678625,3.5775,0.2,buy,False,2022-10-31T15:26:32.961595+00:00
1052,5274674331,3.56,0.2,buy,False,2022-10-31T15:25:56.673937+00:00
1053,5274672718,3.5425,0.2,sell,False,2022-10-31T15:25:40.956541+00:00
1054,5274670222,3.56,0.2,buy,False,2022-10-31T15:25:20.909714+00:00
1055,5274669942,3.55,0.3,buy,False,2022-10-31T15:25:18.003946+00:00
1056,5274669853,3.5425,0.2,buy,False,2022-10-31T15:25:17.050366+00:00
1057,5274663360,3.5225,0.2,buy,False,2022-10-31T15:24:27.610435+00:00
1058,5274662547,3.505,0.2,buy,False,2022-10-31T15:24:19.767705+00:00
1059,5274661419,3.5,0.3,buy,False,2022-10-31T15:24:11.759407+00:00
1060,5274659291,3.4875,0.2,buy,False,2022-10-31T15:23:50.614578+00:00
1061,5274658709,3.4675,0.2,buy,False,2022-10-31T15:23:47.449181+00:00
1062,5274657038,3.45,0.2,buy,False,2022-10-31T15:23:29.655120+00:00
1063,5274656698,3.4325,0.2,buy,False,2022-10-31T15:23:25.593986+00:00
1064,5274651920,3.4125,0.2,sell,False,2022-10-31T15:22:47.778763+00:00
1065,5274650928,3.4325,0.2,sell,False,2022-10-31T15:22:40.100918+00:00
1066,5274648234,3.45,0.3,buy,False,2022-10-31T15:22:18.328196+00:00
1067,5274648233,3.45,0.2,buy,False,2022-10-31T15:22:18.328196+00:00
1068,5274646763,3.4325,0.2,buy,False,2022-10-31T15:22:09.540621+00:00
1069,5274645803,3.4125,0.2,buy,False,2022-10-31T15:22:03.361016+00:00
1070,5274645179,3.4,0.3,buy,False,2022-10-31T15:21:59.206059+00:00
1071,5274645120,3.395,0.2,buy,False,2022-10-31T15:21:58.541298+00:00
1072,5274642460,3.3775,0.2,buy,False,2022-10-31T15:21:36.884981+00:00
1073,5274639346,3.3575,0.2,buy,False,2022-10-31T15:21:16.707178+00:00
1074,5274638096,3.34,0.2,sell,False,2022-10-31T15:21:10.634443+00:00
1075,5274636132,3.3575,0.2,sell,False,2022-10-31T15:20:56.454436+00:00
1076,5274631942,3.3775,0.2,buy,False,2022-10-31T15:20:28.157240+00:00
1077,5274631179,3.3575,0.2,buy,False,2022-10-31T15:20:21.863813+00:00
1078,5274629379,3.35,0.3,buy,False,2022-10-31T15:20:13.350829+00:00
1079,5274629134,3.34,0.2,buy,False,2022-10-31T15:20:10.983677+00:00
1080,5274626870,3.32,0.2,buy,False,2022-10-31T15:19:48.535619+00:00
1081,5274621792,3.3025,0.2,buy,False,2022-10-31T15:19:07.812813+00:00
1082,5274620774,3.3,0.3,buy,False,2022-10-31T15:18:57.857858+00:00
1083,5274610048,3.285,0.2,buy,False,2022-10-31T15:17:27.487659+00:00
1084,5274606710,3.265,0.2,buy,False,2022-10-31T15:17:00.695620+00:00
1085,5274549195,3.25,0.3,buy,False,2022-10-31T15:10:51.518923+00:00
1086,5274548775,3.2475,0.2,buy,False,2022-10-31T15:10:47.928437+00:00
1087,5274350252,3.23,0.2,buy,False,2022-10-31T14:53:08.726532+00:00
1088,5274339095,3.21,0.2,buy,False,2022-10-31T14:52:12.462981+00:00
1089,5274229216,3.1925,0.2,buy,False,2022-10-31T14:42:21.358142+00:00
1090,5274090742,3.175,0.2,sell,False,2022-10-31T14:35:01.401685+00:00
1091,5274031278,3.1925,0.2,buy,False,2022-10-31T14:30:38.623524+00:00
1092,5273926585,3.175,0.2,sell,False,2022-10-31T14:21:45.365776+00:00
1093,5273857434,3.1925,0.2,buy,False,2022-10-31T14:16:52.961678+00:00
1094,5273849635,3.175,0.2,buy,False,2022-10-31T14:16:14.835568+00:00
1095,5273731986,3.155,0.2,buy,False,2022-10-31T14:09:05.943116+00:00
1096,5273726856,3.1375,0.2,buy,False,2022-10-31T14:08:46.132307+00:00
1097,5273687900,3.12,0.2,sell,False,2022-10-31T14:06:25.368638+00:00
1098,5273559347,3.1375,0.2,buy,False,2022-10-31T14:00:36.979431+00:00
1099,5273215995,3.12,0.2,sell,False,2022-10-31T13:47:32.803550+00:00
1100,5273207286,3.1375,0.2,sell,False,2022-10-31T13:46:42.583715+00:00
1101,5273202589,3.155,0.2,sell,False,2022-10-31T13:46:21.982641+00:00
1102,5273194109,3.175,0.2,sell,False,2022-10-31T13:45:38.254678+00:00
1103,5273159717,3.2,0.3,buy,False,2022-10-31T13:42:07.556154+00:00
1104,5273147297,3.1925,0.2,buy,False,2022-10-31T13:41:02.980117+00:00
1105,5273135330,3.175,0.2,buy,False,2022-10-31T13:40:02.266660+00:00
1106,5273113462,3.155,0.2,buy,False,2022-10-31T13:37:59.427677+00:00
1107,5273097729,3.1375,0.2,sell,False,2022-10-31T13:36:19.036639+00:00
1108,5273084553,3.155,0.2,buy,False,2022-10-31T13:35:14.312238+00:00
1109,5273082594,3.1375,0.2,buy,False,2022-10-31T13:35:06.572859+00:00
1110,5272464811,3.12,0.2,sell,False,2022-10-31T12:15:21.332809+00:00
1111,5272321396,3.1375,0.2,sell,False,2022-10-31T11:59:40.352320+00:00
1112,5271763882,3.155,1.6,buy,False,2022-10-31T10:41:02.166857+00:00
1113,5271763804,3.155,3.8,buy,False,2022-10-31T10:41:01.634348+00:00
1114,5271763803,3.155,0.2,buy,False,2022-10-31T10:41:01.634348+00:00
1115,5270570588,3.1375,0.2,sell,False,2022-10-31T08:05:55.148094+00:00
1116,5267947762,3.15,2.1,sell,False,2022-10-31T00:36:00.902807+00:00
1117,5267947723,3.15,3.9,sell,False,2022-10-31T00:36:00.355832+00:00
1118,5267943984,3.15,4.5,sell,False,2022-10-31T00:35:33.757891+00:00
1119,5267943927,3.15,4.4,sell,False,2022-10-31T00:35:32.754029+00:00
1120,5267943881,3.15,4.1,sell,False,2022-10-31T00:35:31.924614+00:00
1121,5266944517,3.155,0.2,sell,False,2022-10-30T22:01:17.515394+00:00
1122,5266944516,3.155,3.4,sell,False,2022-10-30T22:01:17.515394+00:00
1123,5266944141,3.155,4.0,sell,False,2022-10-30T22:01:16.346405+00:00
1124,5266943837,3.155,4.1,sell,False,2022-10-30T22:01:15.627021+00:00
1125,5266943558,3.155,4.4,sell,False,2022-10-30T22:01:14.857253+00:00
1126,5262758913,3.1805,0.1,buy,False,2022-10-30T10:06:51.860559+00:00
1127,5259792617,3.18125,0.1,buy,False,2022-10-30T02:54:45.155517+00:00
1128,5259792616,3.175,0.1,buy,False,2022-10-30T02:54:45.155517+00:00
1129,5257366689,3.175,0.1,buy,False,2022-10-29T19:42:37.334625+00:00
1130,5256091009,3.155,0.2,sell,True,2022-10-29T17:41:57.095716+00:00
1131,5255244001,3.175,0.2,sell,False,2022-10-29T16:17:10.274233+00:00
1132,5255240999,3.19475,57.9,buy,False,2022-10-29T16:17:00.218698+00:00
1133,5255240998,3.1925,0.2,buy,False,2022-10-29T16:17:00.218698+00:00
1134,5255240997,3.18075,98.4,buy,False,2022-10-29T16:17:00.218698+00:00
1135,5255240996,3.175,0.2,buy,False,2022-10-29T16:17:00.218698+00:00
1136,5255240995,3.155,2.2,buy,False,2022-10-29T16:17:00.218698+00:00
1137,5255240994,3.155,0.1,buy,False,2022-10-29T16:17:00.218698+00:00
1138,5253325367,3.155,0.1,buy,False,2022-10-29T12:30:32.404470+00:00
1139,5247467575,3.1375,0.2,buy,False,2022-10-28T19:44:55.061791+00:00
1140,5247115626,3.12,0.2,sell,False,2022-10-28T18:28:27.271030+00:00
1141,5247103573,3.14225,0.1,buy,False,2022-10-28T18:25:43.338903+00:00
1142,5246631243,3.15,0.3,buy,False,2022-10-28T17:12:45.401862+00:00
1143,5246597011,3.1375,0.2,buy,False,2022-10-28T17:08:27.824701+00:00
1144,5246591361,3.12,0.2,buy,False,2022-10-28T17:07:33.751241+00:00
1145,5246148809,3.1,0.2,buy,False,2022-10-28T16:26:36.349211+00:00
1146,5246093700,3.0825,0.2,buy,False,2022-10-28T16:24:37.950392+00:00
1147,5246059093,3.065,0.2,buy,False,2022-10-28T16:21:22.192465+00:00
1148,5245795842,3.045,0.2,buy,False,2022-10-28T15:52:22.195564+00:00
1149,5245619823,3.0275,0.2,sell,False,2022-10-28T15:22:32.003753+00:00
1150,5245384102,3.045,0.2,buy,False,2022-10-28T14:49:49.313669+00:00
1151,5245280791,3.0275,0.2,sell,False,2022-10-28T14:34:23.096098+00:00
1152,5245257032,3.045,0.2,buy,False,2022-10-28T14:30:58.289639+00:00
1153,5245174732,3.0275,0.2,sell,False,2022-10-28T14:20:07.838085+00:00
1154,5245099894,3.045,0.2,sell,False,2022-10-28T14:12:18.094210+00:00
1155,5245012963,3.065,0.2,buy,False,2022-10-28T14:05:10.727927+00:00
1156,5244985655,3.045,0.2,sell,False,2022-10-28T14:03:10.741302+00:00
1157,5244972231,3.065,0.2,sell,False,2022-10-28T14:02:13.523131+00:00
1158,5244957489,3.0825,0.2,buy,False,2022-10-28T14:00:48.984400+00:00
1159,5244952689,3.065,0.2,buy,False,2022-10-28T14:00:28.775190+00:00
1160,5244884276,3.045,0.2,buy,False,2022-10-28T13:51:41.033354+00:00
1161,5244881860,3.0275,0.2,buy,False,2022-10-28T13:51:21.994303+00:00
1162,5244878443,3.01,0.2,sell,False,2022-10-28T13:50:56.904588+00:00
1163,5244863137,3.0275,0.2,sell,False,2022-10-28T13:49:04.568827+00:00
1164,5244839214,3.045,0.2,sell,False,2022-10-28T13:46:45.862974+00:00
1165,5244835246,3.065,0.2,sell,False,2022-10-28T13:46:31.523883+00:00
1166,5244807907,3.0825,0.2,buy,False,2022-10-28T13:44:06.151126+00:00
1167,5244804933,3.065,0.2,buy,False,2022-10-28T13:43:41.977701+00:00
1168,5244766859,3.045,0.2,buy,False,2022-10-28T13:40:16.468190+00:00
1169,5244762550,3.0275,0.2,buy,False,2022-10-28T13:39:50.038600+00:00
1170,5244753583,3.01175,3.4,buy,False,2022-10-28T13:38:53.089757+00:00
1171,5244753519,3.01,0.2,buy,False,2022-10-28T13:38:52.381033+00:00
1172,5244722884,2.99,0.2,buy,False,2022-10-28T13:36:16.725316+00:00
1173,5244711442,2.9725,0.2,buy,False,2022-10-28T13:35:20.170328+00:00
1174,5244618094,2.955,0.2,sell,False,2022-10-28T13:30:10.914504+00:00
1175,5244618093,2.9725,3.7,sell,False,2022-10-28T13:30:10.914504+00:00
1176,5244618092,2.9725,0.2,sell,False,2022-10-28T13:30:10.914504+00:00
1177,5243997207,2.99,0.2,buy,False,2022-10-28T12:30:38.127599+00:00
1178,5243687506,2.9725,0.1,buy,False,2022-10-28T11:46:39.706307+00:00
1179,5243532539,2.9725,0.1,buy,False,2022-10-28T11:13:46.613525+00:00
1180,5243452475,2.955,0.2,sell,False,2022-10-28T11:00:40.746524+00:00
1181,5242980630,2.9735,0.2,buy,False,2022-10-28T09:23:39.585819+00:00
1182,5242980552,2.9735,0.2,buy,False,2022-10-28T09:23:39.079880+00:00
1183,5242980454,2.9735,0.2,buy,False,2022-10-28T09:23:38.199178+00:00
1184,5242980398,2.9725,0.2,sell,False,2022-10-28T09:23:37.876514+00:00
1185,5242411794,3.045,0.2,buy,False,2022-10-28T08:00:15.819571+00:00
1186,5242411058,3.0275,0.2,buy,False,2022-10-28T08:00:11.439354+00:00
1187,5242410697,3.01,0.2,buy,False,2022-10-28T08:00:08.911743+00:00
1188,5242410324,2.99,0.2,buy,False,2022-10-28T08:00:06.963135+00:00
1189,5242409913,2.9725,0.1,buy,False,2022-10-28T08:00:05.319858+00:00
1190,5241224181,2.9725,0.1,buy,False,2022-10-28T04:01:46.938737+00:00
1191,5240182516,2.9555,0.2,sell,False,2022-10-28T00:53:44.731566+00:00
1192,5240182468,2.9555,0.2,sell,False,2022-10-28T00:53:44.239960+00:00
1193,5240182443,2.9555,0.2,sell,False,2022-10-28T00:53:43.795420+00:00
1194,5239878008,2.88925,3.4,sell,False,2022-10-28T00:16:07.622417+00:00
1195,5239878007,2.9,0.3,sell,False,2022-10-28T00:16:07.622417+00:00
1196,5239878006,2.9,0.2,sell,False,2022-10-28T00:16:07.622417+00:00
1197,5239878005,2.9175,0.2,sell,False,2022-10-28T00:16:07.622417+00:00
1198,5239878004,2.935,0.2,sell,False,2022-10-28T00:16:07.622417+00:00
1199,5239877596,2.955,0.1,sell,False,2022-10-28T00:16:02.440290+00:00
1200,5239877493,2.955,0.1,sell,False,2022-10-28T00:16:01.449963+00:00
1201,5239877343,2.9725,0.1,sell,False,2022-10-28T00:16:00.434286+00:00
1202,5239877301,2.9725,0.1,sell,False,2022-10-28T00:15:59.946058+00:00
1203,5239877206,2.99,0.1,sell,False,2022-10-28T00:15:58.907291+00:00
1204,5239877147,2.99,0.1,sell,False,2022-10-28T00:15:58.258350+00:00
1205,5239876925,3.01,0.1,sell,False,2022-10-28T00:15:57.532299+00:00
1206,5239876842,3.01,0.1,sell,False,2022-10-28T00:15:57.087522+00:00
1207,5239737380,3.0275,0.2,sell,False,2022-10-27T23:56:29.080875+00:00
1208,5239704907,3.045,0.2,buy,False,2022-10-27T23:47:08.554734+00:00
1209,5239234186,3.0275,0.2,buy,False,2022-10-27T22:31:12.068454+00:00
1210,5239224567,3.01,0.2,buy,False,2022-10-27T22:29:01.321953+00:00
1211,5239219728,2.99,0.2,buy,False,2022-10-27T22:27:58.397524+00:00
1212,5239188182,2.9725,0.2,buy,False,2022-10-27T22:20:24.745634+00:00
1213,5238755953,2.96875,0.1,buy,False,2022-10-27T20:49:48.375053+00:00
1214,5238674833,2.95,0.3,sell,False,2022-10-27T20:38:24.577018+00:00
1215,5238674832,2.95,1.6,sell,False,2022-10-27T20:38:24.577018+00:00
1216,5238588833,2.955,0.2,sell,False,2022-10-27T20:32:49.164498+00:00
1217,5238079909,2.9725,0.2,sell,False,2022-10-27T20:06:34.195702+00:00
1218,5237824374,2.99,0.2,sell,False,2022-10-27T19:36:26.358911+00:00
1219,5237690377,3.0,0.3,sell,False,2022-10-27T19:14:56.057188+00:00
1220,5237687825,3.01,0.2,sell,False,2022-10-27T19:14:30.436875+00:00
1221,5237668702,3.0275,0.2,sell,False,2022-10-27T19:10:53.261260+00:00
1222,5237649202,3.045,0.2,sell,False,2022-10-27T19:07:18.498092+00:00
1223,5237575704,3.065,0.2,sell,False,2022-10-27T18:54:03.287505+00:00
1224,5237566533,3.0825,0.2,sell,False,2022-10-27T18:52:00.690501+00:00
1225,5237440264,3.1035,1.8,buy,False,2022-10-27T18:24:57.799903+00:00
1226,5237440221,3.1035,4.8,buy,False,2022-10-27T18:24:57.268434+00:00
1227,5237440193,3.1035,4.9,buy,False,2022-10-27T18:24:56.739329+00:00
1228,5237440168,3.1035,5.7,buy,False,2022-10-27T18:24:56.208403+00:00
1229,5237440118,3.1035,5.9,buy,False,2022-10-27T18:24:55.587714+00:00
1230,5237440065,3.1035,5.6,buy,False,2022-10-27T18:24:55.020543+00:00
1231,5237439828,3.1035,5.5,buy,False,2022-10-27T18:24:54.478785+00:00
1232,5237439774,3.1035,5.8,buy,False,2022-10-27T18:24:53.952398+00:00
1233,5237439732,3.1035,5.3,buy,False,2022-10-27T18:24:53.427261+00:00
1234,5237439686,3.1035,6.3,buy,False,2022-10-27T18:24:52.890411+00:00
1235,5237439652,3.1035,5.7,buy,False,2022-10-27T18:24:52.361272+00:00
1236,5237439571,3.1035,5.8,buy,False,2022-10-27T18:24:51.831107+00:00
1237,5237439492,3.1035,6.0,buy,False,2022-10-27T18:24:51.296277+00:00
1238,5237439459,3.1035,6.1,buy,False,2022-10-27T18:24:50.759733+00:00
1239,5237439395,3.1035,6.3,buy,False,2022-10-27T18:24:50.229818+00:00
1240,5237439365,3.1035,6.1,buy,False,2022-10-27T18:24:49.697906+00:00
1241,5237439351,3.1035,5.7,buy,False,2022-10-27T18:24:49.167878+00:00
1242,5237439320,3.1035,5.5,buy,False,2022-10-27T18:24:48.635844+00:00
1243,5237439298,3.1035,5.6,buy,False,2022-10-27T18:24:48.098562+00:00
1244,5237439275,3.1035,5.8,buy,False,2022-10-27T18:24:47.556817+00:00
1245,5237439237,3.1035,5.7,buy,False,2022-10-27T18:24:47.024856+00:00
1246,5237439187,3.1035,5.6,buy,False,2022-10-27T18:24:46.477342+00:00
1247,5237439142,3.1035,5.5,buy,False,2022-10-27T18:24:45.945422+00:00
1248,5237439115,3.1035,6.3,buy,False,2022-10-27T18:24:45.419358+00:00
1249,5237439080,3.1035,3.8,buy,False,2022-10-27T18:24:44.815418+00:00
1250,5237438863,3.1035,4.0,buy,False,2022-10-27T18:24:41.665519+00:00
1251,5237120758,3.1,0.2,buy,False,2022-10-27T17:20:13.508749+00:00
1252,5237111866,3.0825,0.2,buy,False,2022-10-27T17:18:10.194828+00:00
1253,5237110877,3.065,0.2,buy,False,2022-10-27T17:17:55.798454+00:00
1254,5236938830,3.045,0.2,sell,False,2022-10-27T16:50:12.788163+00:00
1255,5236902350,3.065,0.2,sell,False,2022-10-27T16:45:18.738030+00:00
1256,5236774676,3.0825,0.2,sell,False,2022-10-27T16:28:40.503905+00:00
1257,5236228268,3.1,0.2,sell,False,2022-10-27T15:16:38.326571+00:00
1258,5236206426,3.12,0.2,sell,False,2022-10-27T15:13:34.531311+00:00
1259,5236174293,3.1375,0.2,buy,False,2022-10-27T15:09:07.204556+00:00
1260,5236134888,3.12,0.2,buy,False,2022-10-27T15:03:27.244195+00:00
1261,5236116544,3.1,0.2,buy,False,2022-10-27T15:01:33.196344+00:00
1262,5236106682,3.0825,0.2,sell,False,2022-10-27T15:00:33.371720+00:00
1263,5236046061,3.1,0.2,buy,False,2022-10-27T14:52:35.353048+00:00
1264,5236033908,3.0825,0.2,buy,False,2022-10-27T14:50:45.075614+00:00
1265,5236007898,3.065,0.2,buy,False,2022-10-27T14:46:50.320765+00:00
1266,5235982519,3.045,0.2,sell,False,2022-10-27T14:43:22.797860+00:00
1267,5235965154,3.065,0.2,sell,False,2022-10-27T14:41:31.786196+00:00
1268,5235943643,3.09225,3.0,buy,False,2022-10-27T14:40:17.675360+00:00
1269,5235923060,3.0825,0.2,sell,False,2022-10-27T14:37:32.257411+00:00
1270,5235909080,3.1,0.2,sell,False,2022-10-27T14:36:27.310064+00:00
1271,5235774979,3.12,0.2,sell,False,2022-10-27T14:18:26.969903+00:00
1272,5235723036,3.1375,0.2,buy,False,2022-10-27T14:13:27.313855+00:00
1273,5235699752,3.12,0.2,buy,False,2022-10-27T14:12:40.804046+00:00
1274,5235696900,3.1,0.2,buy,False,2022-10-27T14:12:26.790228+00:00
1275,5235677900,3.0825,0.2,buy,False,2022-10-27T14:09:43.815282+00:00
1276,5235644742,3.065,0.2,buy,False,2022-10-27T14:05:35.877907+00:00
1277,5235515916,3.045,0.2,sell,False,2022-10-27T13:56:10.024179+00:00
1278,5235493202,3.065,0.2,sell,False,2022-10-27T13:55:04.739510+00:00
1279,5235463649,3.0825,0.2,buy,False,2022-10-27T13:52:52.168114+00:00
1280,5235439792,3.065,0.2,sell,False,2022-10-27T13:51:43.713971+00:00
1281,5235432467,3.0825,0.2,sell,False,2022-10-27T13:51:20.225532+00:00
1282,5235407108,3.1,0.2,sell,False,2022-10-27T13:49:30.523174+00:00
1283,5235399757,3.12,0.2,sell,False,2022-10-27T13:48:57.539356+00:00
1284,5235394360,3.1375,0.2,sell,False,2022-10-27T13:48:21.324169+00:00
1285,5235387795,3.155,0.2,sell,False,2022-10-27T13:47:58.273764+00:00
1286,5235371399,3.175,0.2,buy,False,2022-10-27T13:45:41.761385+00:00
1287,5235370612,3.155,0.2,buy,False,2022-10-27T13:45:35.874838+00:00
1288,5235366667,3.1375,0.2,buy,False,2022-10-27T13:45:04.181356+00:00
1289,5235342026,3.12,0.2,buy,False,2022-10-27T13:41:51.262558+00:00
1290,5235334368,3.1,0.2,sell,False,2022-10-27T13:41:07.572986+00:00
1291,5235332934,3.12,0.2,sell,False,2022-10-27T13:41:02.602644+00:00
1292,5235331631,3.1375,0.2,sell,False,2022-10-27T13:40:53.296561+00:00
1293,5235311508,3.155,0.2,sell,False,2022-10-27T13:38:36.296454+00:00
1294,5235305799,3.175,0.1,buy,False,2022-10-27T13:37:54.499343+00:00
1295,5235303682,3.175,0.1,buy,False,2022-10-27T13:37:39.248104+00:00
1296,5235302449,3.155,0.2,buy,False,2022-10-27T13:37:28.479932+00:00
1297,5235300746,3.1375,0.2,buy,False,2022-10-27T13:37:16.313391+00:00
1298,5235294355,3.12,0.2,buy,False,2022-10-27T13:36:43.885013+00:00
1299,5235289041,3.1,0.2,buy,False,2022-10-27T13:36:17.952317+00:00
1300,5235284537,3.0825,0.2,buy,False,2022-10-27T13:35:37.963433+00:00
1301,5235277796,3.065,0.2,sell,False,2022-10-27T13:35:02.077358+00:00
1302,5235250880,3.0825,0.2,sell,False,2022-10-27T13:31:57.524670+00:00
1303,5235248938,3.1,0.2,sell,False,2022-10-27T13:31:44.597240+00:00
1304,5235234962,3.12,0.2,buy,False,2022-10-27T13:30:27.131783+00:00
1305,5235125064,3.1,0.2,sell,False,2022-10-27T13:15:39.158943+00:00
1306,5235083757,3.12,0.2,sell,False,2022-10-27T13:11:06.098912+00:00
1307,5235082574,3.1375,0.2,sell,False,2022-10-27T13:10:57.862589+00:00
1308,5235072858,3.155,0.2,buy,False,2022-10-27T13:09:41.483484+00:00
1309,5235072160,3.1375,0.2,buy,False,2022-10-27T13:09:36.720853+00:00
1310,5235071813,3.12,0.2,buy,False,2022-10-27T13:09:33.520569+00:00
1311,5235071318,3.1,0.2,buy,False,2022-10-27T13:09:31.313363+00:00
1312,5235071191,3.0825,0.2,buy,False,2022-10-27T13:09:29.677289+00:00
1313,5235071126,3.065,0.2,buy,False,2022-10-27T13:09:28.384864+00:00
1314,5235045406,3.045,0.2,buy,False,2022-10-27T13:06:50.176581+00:00
1315,5234836563,3.0275,0.2,buy,False,2022-10-27T12:45:02.506954+00:00
1316,5234834821,3.01,0.2,buy,False,2022-10-27T12:44:54.552030+00:00
1317,5234747913,2.99,0.2,sell,False,2022-10-27T12:36:10.661009+00:00
1318,5234730602,3.01,0.2,sell,False,2022-10-27T12:34:52.794477+00:00
1319,5234685928,3.0275,0.2,buy,False,2022-10-27T12:32:10.866996+00:00
1320,5234683696,3.01,0.2,buy,False,2022-10-27T12:32:04.338620+00:00
1321,5234582793,2.99,0.2,buy,False,2022-10-27T12:30:35.588395+00:00
1322,5234468145,2.9725,0.2,sell,False,2022-10-27T12:21:41.056146+00:00
1323,5234429031,2.99,0.2,sell,False,2022-10-27T12:16:55.970428+00:00
1324,5234371885,3.01,0.2,sell,False,2022-10-27T12:09:29.019851+00:00
1325,5234371847,3.0275,0.2,sell,False,2022-10-27T12:09:28.488667+00:00
1326,5234357956,3.045,0.2,sell,False,2022-10-27T12:06:16.692722+00:00
1327,5234337732,3.065,0.2,sell,False,2022-10-27T12:01:45.014668+00:00
1328,5234314312,3.0825,0.2,buy,False,2022-10-27T11:56:56.785352+00:00
1329,5234313058,3.065,0.2,buy,False,2022-10-27T11:56:39.017424+00:00
1330,5234219415,3.045,0.2,buy,False,2022-10-27T11:37:25.267567+00:00
1331,5234200032,3.0275,0.2,buy,False,2022-10-27T11:33:40.757201+00:00
1332,5234190433,3.01,0.2,sell,False,2022-10-27T11:31:15.664613+00:00
1333,5234177653,3.0275,0.2,sell,False,2022-10-27T11:27:52.843486+00:00
1334,5234047960,3.045,0.2,buy,False,2022-10-27T11:05:03.704997+00:00
1335,5234020194,3.0275,0.2,sell,False,2022-10-27T11:00:32.920509+00:00
1336,5233997405,3.045,0.2,buy,False,2022-10-27T10:55:26.015115+00:00
1337,5233994227,3.0275,0.2,sell,False,2022-10-27T10:54:37.259748+00:00
1338,5233966159,3.045,0.2,buy,False,2022-10-27T10:48:13.545614+00:00
1339,5233965661,3.0275,0.2,buy,False,2022-10-27T10:48:05.951739+00:00
1340,5233965483,3.01,0.2,buy,False,2022-10-27T10:48:02.202755+00:00
1341,5233955234,2.99,0.2,sell,False,2022-10-27T10:46:14.445355+00:00
1342,5233953994,3.0,0.3,sell,False,2022-10-27T10:46:09.110384+00:00
1343,5233951812,3.01,0.2,sell,False,2022-10-27T10:45:55.117266+00:00
1344,5233951171,3.0275,0.2,sell,False,2022-10-27T10:45:47.145108+00:00
1345,5233950868,3.045,0.2,sell,False,2022-10-27T10:45:43.778018+00:00
1346,5233664960,3.065,0.2,sell,False,2022-10-27T09:59:57.700714+00:00
1347,5233481473,3.0825,0.2,buy,False,2022-10-27T09:27:49.418530+00:00
1348,5233479350,3.065,0.2,sell,False,2022-10-27T09:27:17.362761+00:00
1349,5233471681,3.0825,0.1,sell,False,2022-10-27T09:25:40.424604+00:00
1350,5233471680,3.0825,0.1,sell,False,2022-10-27T09:25:40.422273+00:00
1351,5233256519,3.1,0.2,buy,False,2022-10-27T08:53:08.704517+00:00
1352,5233255975,3.0825,0.2,buy,False,2022-10-27T08:53:02.852015+00:00
1353,5233194041,3.065,0.2,sell,False,2022-10-27T08:41:55.122009+00:00
1354,5233186793,3.0825,0.2,sell,False,2022-10-27T08:41:13.423869+00:00
1355,5233160456,3.1,0.2,sell,False,2022-10-27T08:34:38.941427+00:00
1356,5233159743,3.12,0.2,sell,False,2022-10-27T08:34:30.098709+00:00
1357,5233060669,3.1375,0.2,sell,False,2022-10-27T08:15:00.991368+00:00
1358,5232998642,3.155,0.2,buy,False,2022-10-27T08:04:31.845748+00:00
1359,5232997512,3.1375,0.2,buy,False,2022-10-27T08:04:26.367702+00:00
1360,5232997353,3.12,0.2,buy,False,2022-10-27T08:04:22.949293+00:00
1361,5232997194,3.1,0.2,buy,False,2022-10-27T08:04:20.573165+00:00
1362,5232995210,3.0825,0.2,buy,False,2022-10-27T08:04:00.828904+00:00
1363,5232990020,3.065,0.2,buy,False,2022-10-27T08:03:13.265126+00:00
1364,5232967886,3.045,0.2,buy,False,2022-10-27T08:00:02.243251+00:00
1365,5232967824,3.0275,0.2,buy,False,2022-10-27T08:00:01.708331+00:00
1366,5232967823,3.01,0.2,buy,False,2022-10-27T08:00:01.708331+00:00
1367,5229638904,2.989,4.5,sell,False,2022-10-26T23:09:27.131622+00:00
1368,5229392541,2.99,0.2,buy,False,2022-10-26T22:25:49.125920+00:00
1369,5229317635,2.9725,0.2,buy,False,2022-10-26T22:15:20.255904+00:00
1370,5229206714,2.955,0.2,sell,False,2022-10-26T22:02:12.077032+00:00
1371,5229204976,2.9725,0.2,sell,False,2022-10-26T22:01:46.865611+00:00
1372,5229200032,2.99,0.2,sell,False,2022-10-26T22:00:41.742913+00:00
1373,5229084958,3.01,0.2,sell,False,2022-10-26T21:32:12.795053+00:00
1374,5229076186,3.0275,0.2,sell,False,2022-10-26T21:29:53.619326+00:00
1375,5229075016,3.045,0.2,sell,False,2022-10-26T21:29:30.302450+00:00
1376,5229055933,3.065,0.2,sell,False,2022-10-26T21:23:15.976303+00:00
1377,5229054847,3.0825,0.2,sell,False,2022-10-26T21:22:54.384079+00:00
1378,5229046148,3.1,0.2,sell,False,2022-10-26T21:20:28.543977+00:00
1379,5229034960,3.12,0.2,buy,False,2022-10-26T21:17:28.159969+00:00
1380,5228740865,3.1,0.2,sell,False,2022-10-26T20:24:09.139965+00:00
1381,5228740131,3.12,0.2,sell,False,2022-10-26T20:24:00.660483+00:00
1382,5228738970,3.1375,0.2,sell,False,2022-10-26T20:23:42.768583+00:00
1383,5228390889,3.155,0.2,buy,False,2022-10-26T19:37:37.670370+00:00
1384,5228340055,3.1375,0.2,buy,False,2022-10-26T19:29:16.096209+00:00
1385,5228194869,3.12,0.2,sell,False,2022-10-26T19:03:56.658723+00:00
1386,5228156461,3.1375,0.2,buy,False,2022-10-26T18:58:09.084045+00:00
1387,5228128788,3.12,0.2,buy,False,2022-10-26T18:53:37.489429+00:00
1388,5228072468,3.1,0.2,buy,False,2022-10-26T18:44:32.826861+00:00
1389,5228015889,3.0825,0.2,buy,False,2022-10-26T18:34:59.891239+00:00
1390,5227946660,3.065,0.2,sell,False,2022-10-26T18:22:04.007845+00:00
1391,5227906301,3.0825,0.2,sell,False,2022-10-26T18:15:23.378997+00:00
1392,5227854500,3.1,0.2,buy,False,2022-10-26T18:06:32.413942+00:00
1393,5227785172,3.0825,0.2,buy,False,2022-10-26T17:58:37.706209+00:00
1394,5227769312,3.065,0.2,buy,False,2022-10-26T17:55:43.445887+00:00
1395,5227741683,3.045,0.2,buy,False,2022-10-26T17:52:27.398444+00:00
1396,5227690555,3.0275,0.2,sell,False,2022-10-26T17:43:57.987646+00:00
1397,5227689032,3.045,0.2,sell,False,2022-10-26T17:43:42.846563+00:00
1398,5227641596,3.065,0.2,sell,False,2022-10-26T17:35:58.639856+00:00
1399,5227638216,3.0825,0.2,sell,False,2022-10-26T17:35:23.761057+00:00
1400,5227586794,3.1,0.2,sell,False,2022-10-26T17:27:41.791757+00:00
1401,5227574254,3.12,0.2,sell,False,2022-10-26T17:25:30.439108+00:00
1402,5227557681,3.1375,0.2,sell,False,2022-10-26T17:23:18.395338+00:00
1403,5227334265,3.155,0.2,sell,False,2022-10-26T16:57:00.078690+00:00
1404,5227282883,3.175,0.2,sell,False,2022-10-26T16:50:17.102679+00:00
1405,5227275973,3.1925,0.2,sell,False,2022-10-26T16:49:44.377726+00:00
1406,5227217184,3.21,0.2,sell,False,2022-10-26T16:44:21.219599+00:00
1407,5227196423,3.23,0.2,sell,False,2022-10-26T16:41:44.696728+00:00
1408,5227170946,3.2475,0.2,sell,False,2022-10-26T16:38:27.588799+00:00
1409,5227161937,3.265,0.2,sell,False,2022-10-26T16:37:12.501627+00:00
1410,5227128092,3.285,0.2,buy,False,2022-10-26T16:32:58.561406+00:00
1411,5226891328,3.265,0.2,buy,False,2022-10-26T16:04:52.939018+00:00
1412,5226866445,3.2475,0.2,buy,False,2022-10-26T16:02:07.196253+00:00
1413,5226856741,3.23,0.2,buy,False,2022-10-26T16:01:04.079815+00:00
1414,5226765549,3.21,0.2,sell,False,2022-10-26T15:51:40.313187+00:00
1415,5226762477,3.23,0.2,sell,False,2022-10-26T15:51:20.920363+00:00
1416,5226712633,3.2475,0.2,sell,False,2022-10-26T15:46:11.233403+00:00
1417,5226664913,3.265,0.2,sell,False,2022-10-26T15:40:31.890244+00:00
1418,5226642086,3.285,0.2,sell,False,2022-10-26T15:37:35.464897+00:00
1419,5226638930,3.3025,0.2,sell,False,2022-10-26T15:37:09.354644+00:00
1420,5226616785,3.32,0.2,buy,False,2022-10-26T15:34:27.604659+00:00
1421,5226558939,3.313,2.4,buy,False,2022-10-26T15:28:05.373696+00:00
1422,5226544902,3.3025,0.2,buy,False,2022-10-26T15:25:47.387316+00:00
1423,5226541772,3.3,0.3,buy,False,2022-10-26T15:25:20.387536+00:00
1424,5226519562,3.285,0.2,buy,False,2022-10-26T15:22:37.259381+00:00
1425,5226502242,3.265,0.2,buy,False,2022-10-26T15:20:02.919504+00:00
1426,5226420027,3.25,0.3,buy,False,2022-10-26T15:09:39.422600+00:00
1427,5226420026,3.2475,0.2,buy,False,2022-10-26T15:09:39.422600+00:00
1428,5226356181,3.23,0.2,buy,False,2022-10-26T15:03:20.119183+00:00
1429,5226338761,3.21,0.2,buy,False,2022-10-26T15:02:03.112811+00:00
1430,5226326986,3.1925,0.2,buy,False,2022-10-26T15:01:02.452877+00:00
