,id,price,size,side,liquidation,time
0,5399667559,361.6,0.06,buy,False,2022-11-10T06:27:44.749935+00:00
1,5398683971,713.31,0.08,sell,False,2022-11-10T03:58:42.360884+00:00
2,5398682968,761.395,0.07,sell,False,2022-11-10T03:58:34.247729+00:00
3,5398682575,806.335,0.06,sell,False,2022-11-10T03:58:29.815096+00:00
4,5398682094,848.33,0.06,sell,False,2022-11-10T03:58:23.390791+00:00
5,5398680882,887.585,0.05,sell,False,2022-11-10T03:58:06.330431+00:00
6,5398680657,924.265,0.05,sell,False,2022-11-10T03:58:03.525664+00:00
7,5398679921,958.55,0.04,sell,False,2022-11-10T03:57:52.388361+00:00
8,5398679459,990.59,0.04,sell,False,2022-11-10T03:57:45.508709+00:00
9,5398679262,1020.53,0.04,sell,False,2022-11-10T03:57:41.986046+00:00
10,5398679021,1048.52,0.04,sell,False,2022-11-10T03:57:38.636833+00:00
11,5398678316,1074.67,0.03,sell,False,2022-11-10T03:57:29.256758+00:00
12,5398677599,1099.115,0.03,sell,False,2022-11-10T03:57:19.889639+00:00
13,5398677246,1121.96,0.03,sell,False,2022-11-10T03:57:16.473677+00:00
14,5398675630,1143.31,0.03,sell,False,2022-11-10T03:56:59.308213+00:00
15,5398674413,1163.26,0.03,sell,False,2022-11-10T03:56:46.315513+00:00
16,5398674010,1181.91,0.02,sell,False,2022-11-10T03:56:42.452894+00:00
17,5398673546,1199.335,0.02,sell,False,2022-11-10T03:56:37.419904+00:00
18,5398672977,1215.625,0.02,sell,False,2022-11-10T03:56:32.922049+00:00
19,5398671275,1230.845,0.02,sell,False,2022-11-10T03:56:15.445765+00:00
20,5398670896,1245.075,0.02,sell,False,2022-11-10T03:56:12.455086+00:00
21,5398670381,1258.37,0.02,sell,False,2022-11-10T03:56:09.557593+00:00
22,5398669603,1270.795,0.02,sell,False,2022-11-10T03:56:06.794882+00:00
23,5398667991,1282.405,0.02,sell,False,2022-11-10T03:55:52.236472+00:00
24,5398667643,1293.26,0.02,sell,False,2022-11-10T03:55:48.486669+00:00
25,5398667407,1303.405,0.02,sell,False,2022-11-10T03:55:45.793016+00:00
26,5398666448,1312.885,0.01,sell,False,2022-11-10T03:55:33.473565+00:00
27,5398665121,1321.74,0.01,sell,False,2022-11-10T03:55:20.267276+00:00
28,5398653120,1330.02,0.01,sell,False,2022-11-10T03:53:19.003558+00:00
29,5398647545,1337.76,0.01,sell,False,2022-11-10T03:52:23.987811+00:00
30,5398642721,1344.99,0.01,sell,False,2022-11-10T03:51:30.301860+00:00
31,5398625958,1350.855,0.01,buy,False,2022-11-10T03:49:05.049788+00:00
32,5398625940,1350.855,0.01,buy,False,2022-11-10T03:49:04.865473+00:00
33,5398599556,587.37,0.01,buy,False,2022-11-10T03:45:37.054729+00:00
34,5398598230,578.3,0.01,sell,False,2022-11-10T03:45:30.584263+00:00
35,5398482281,112.085,0.05,buy,False,2022-11-10T03:30:44.934718+00:00
36,5398482280,108.88,0.05,buy,False,2022-11-10T03:30:44.934718+00:00
37,5398482279,108.0,0.01,buy,False,2022-11-10T03:30:44.934718+00:00
38,5398482278,107.3,0.2,buy,False,2022-11-10T03:30:44.934718+00:00
39,5398482277,107.0,0.31,buy,False,2022-11-10T03:30:44.934718+00:00
40,5398482276,106.66,2.97,buy,False,2022-11-10T03:30:44.934718+00:00
41,5398482275,106.655,0.13,buy,False,2022-11-10T03:30:44.934718+00:00
42,5398393012,106.655,0.15,buy,False,2022-11-10T03:20:23.046028+00:00
43,5398126755,93.765,0.22,sell,False,2022-11-10T02:40:20.118470+00:00
44,5398126753,93.765,0.06,sell,False,2022-11-10T02:40:20.104617+00:00
45,5398126752,105.375,0.1,sell,False,2022-11-10T02:40:20.104617+00:00
46,5398125080,106.66,0.03,buy,False,2022-11-10T02:40:02.516279+00:00
47,5398120522,106.0,0.01,buy,False,2022-11-10T02:39:23.848119+00:00
48,5398117964,105.68,0.05,buy,False,2022-11-10T02:38:46.440995+00:00
49,5398114771,104.0,0.01,buy,False,2022-11-10T02:38:03.398659+00:00
50,5398112200,103.66,3.0,buy,True,2022-11-10T02:37:34.004372+00:00
51,5398111837,102.475,0.05,buy,True,2022-11-10T02:37:30.665711+00:00
52,5398111535,102.305,0.1,buy,True,2022-11-10T02:37:28.567588+00:00
53,5398107709,102.0,0.01,buy,True,2022-11-10T02:36:54.233778+00:00
54,5398107508,100.66,0.42,buy,True,2022-11-10T02:36:52.755117+00:00
55,5398104502,100.66,0.1,buy,False,2022-11-10T02:36:23.189309+00:00
56,5398102402,100.66,2.48,buy,False,2022-11-10T02:36:05.967570+00:00
57,5398100066,100.0,0.01,buy,True,2022-11-10T02:35:41.278928+00:00
58,5398100065,100.0,0.23,buy,True,2022-11-10T02:35:41.278928+00:00
59,5398100064,100.0,1.0,buy,True,2022-11-10T02:35:41.278928+00:00
60,5398095620,99.89,0.09,buy,True,2022-11-10T02:34:59.221448+00:00
61,5398095556,99.275,0.06,buy,True,2022-11-10T02:34:58.194636+00:00
62,5398095555,99.255,0.11,buy,True,2022-11-10T02:34:58.194636+00:00
63,5398095464,98.0,0.01,buy,True,2022-11-10T02:34:57.160043+00:00
64,5398095391,97.66,0.01,buy,True,2022-11-10T02:34:56.227180+00:00
65,5397847495,97.66,0.11,buy,False,2022-11-10T01:56:03.261529+00:00
66,5397840363,97.66,2.88,buy,False,2022-11-10T01:55:17.701606+00:00
67,5397840362,96.07,0.06,buy,False,2022-11-10T01:55:17.701606+00:00
68,5397840361,96.0,0.01,buy,False,2022-11-10T01:55:17.701606+00:00
69,5397840360,95.0,0.01,buy,False,2022-11-10T01:55:17.701606+00:00
70,5397840359,94.875,0.41,buy,False,2022-11-10T01:55:17.701606+00:00
71,5397840358,94.65,0.63,buy,False,2022-11-10T01:55:17.701606+00:00
72,5397762633,94.65,6.0,buy,False,2022-11-10T01:46:24.394191+00:00
73,5397754048,94.65,46.29,buy,False,2022-11-10T01:45:23.467841+00:00
74,5397754047,94.645,0.11,buy,False,2022-11-10T01:45:23.467841+00:00
75,5397754046,94.645,3.6,buy,False,2022-11-10T01:45:23.467841+00:00
76,5397348550,94.645,0.14,buy,False,2022-11-10T00:58:42.144975+00:00
77,5397346047,94.645,0.22,buy,False,2022-11-10T00:58:20.992008+00:00
78,5397343862,94.0,0.01,buy,False,2022-11-10T00:58:03.860390+00:00
79,5397337678,93.0,0.01,buy,False,2022-11-10T00:57:21.016040+00:00
80,5396967093,92.565,0.01,sell,False,2022-11-10T00:18:32.594754+00:00
81,5396966404,92.565,0.01,sell,False,2022-11-10T00:18:27.463345+00:00
82,5396965727,92.565,0.01,sell,False,2022-11-10T00:18:23.663775+00:00
83,5396964956,92.565,0.01,sell,False,2022-11-10T00:18:17.970931+00:00
84,5396964393,92.565,0.01,sell,False,2022-11-10T00:18:14.403857+00:00
85,5396963772,92.565,0.01,sell,False,2022-11-10T00:18:10.188240+00:00
86,5396962568,92.565,0.01,sell,False,2022-11-10T00:18:03.192369+00:00
87,5396821602,77.68,0.11,sell,False,2022-11-10T00:06:25.091644+00:00
88,5396821601,93.105,0.12,sell,False,2022-11-10T00:06:25.091644+00:00
89,5396816218,77.68,3.96,sell,False,2022-11-10T00:05:47.704309+00:00
90,5396816217,79.0,0.01,sell,False,2022-11-10T00:05:47.704309+00:00
91,5396816216,80.0,0.01,sell,False,2022-11-10T00:05:47.704309+00:00
92,5396816215,82.0,0.01,sell,False,2022-11-10T00:05:47.704309+00:00
93,5396816214,83.0,0.01,sell,False,2022-11-10T00:05:47.704309+00:00
94,5396816213,84.0,0.01,sell,False,2022-11-10T00:05:47.704309+00:00
95,5396816212,85.0,0.02,sell,False,2022-11-10T00:05:47.704309+00:00
96,5396816211,86.0,0.02,sell,False,2022-11-10T00:05:47.704309+00:00
97,5396816210,93.61,0.11,sell,False,2022-11-10T00:05:47.704309+00:00
98,5396298421,94.66,2.3,buy,False,2022-11-09T23:21:36.503665+00:00
99,5396298420,94.02,6.83,buy,False,2022-11-09T23:21:36.503665+00:00
100,5396298419,94.0,23.59,buy,False,2022-11-09T23:21:36.503665+00:00
101,5396127444,94.02,0.11,buy,False,2022-11-09T23:10:03.388349+00:00
102,5396109719,94.02,883.06,buy,False,2022-11-09T23:09:20.701385+00:00
103,5396109718,94.0,0.01,buy,False,2022-11-09T23:09:20.701385+00:00
104,5396109717,93.0,0.01,buy,False,2022-11-09T23:09:20.701385+00:00
105,5396109716,92.87,0.06,buy,False,2022-11-09T23:09:20.701385+00:00
106,5396109715,92.0,0.01,buy,False,2022-11-09T23:09:20.701385+00:00
107,5396109714,91.0,0.01,buy,False,2022-11-09T23:09:20.701385+00:00
108,5396109713,90.0,0.01,buy,False,2022-11-09T23:09:20.701385+00:00
109,5396109712,89.67,0.06,buy,False,2022-11-09T23:09:20.701385+00:00
110,5396109711,89.145,3.18,buy,False,2022-11-09T23:09:20.701385+00:00
111,5396109710,89.14,3.59,buy,False,2022-11-09T23:09:20.701385+00:00
112,5395907404,89.14,0.15,buy,False,2022-11-09T22:52:24.180234+00:00
113,5395901481,89.0,0.01,buy,False,2022-11-09T22:51:43.207812+00:00
114,5395895217,88.0,0.01,buy,False,2022-11-09T22:51:03.398344+00:00
115,5395888444,86.465,0.06,buy,False,2022-11-09T22:50:18.353908+00:00
116,5395874459,83.265,0.07,buy,False,2022-11-09T22:49:06.233182+00:00
117,5395654422,80.11,0.06,sell,False,2022-11-09T22:30:22.469033+00:00
118,5395650428,69.115,1.52,sell,False,2022-11-09T22:30:01.230400+00:00
119,5395650427,73.26,0.06,sell,False,2022-11-09T22:30:01.230400+00:00
120,5395650426,80.0,0.01,sell,False,2022-11-09T22:30:01.230400+00:00
121,5395650425,81.0,0.01,sell,False,2022-11-09T22:30:01.230400+00:00
122,5395650424,81.51,0.24,sell,False,2022-11-09T22:30:01.230400+00:00
123,5395650423,82.0,0.01,sell,False,2022-11-09T22:30:01.230400+00:00
124,5395650422,83.0,0.01,sell,False,2022-11-09T22:30:01.230400+00:00
125,5395587019,81.51,0.06,sell,False,2022-11-09T22:24:15.594012+00:00
126,5395585562,70.275,0.51,sell,False,2022-11-09T22:24:06.796516+00:00
127,5395585561,76.59,0.32,sell,False,2022-11-09T22:24:06.796516+00:00
128,5395585560,82.815,0.28,sell,False,2022-11-09T22:24:06.796516+00:00
129,5395585559,85.0,0.01,sell,False,2022-11-09T22:24:06.796516+00:00
130,5395585558,86.0,0.01,sell,False,2022-11-09T22:24:06.796516+00:00
131,5395585557,86.5,0.01,sell,False,2022-11-09T22:24:06.796516+00:00
132,5395192701,84.04,0.26,sell,False,2022-11-09T21:56:09.721772+00:00
133,5394603001,85.0,0.01,sell,False,2022-11-09T21:23:40.344750+00:00
134,5394603000,85.005,0.01,sell,False,2022-11-09T21:23:40.344750+00:00
135,5394576731,85.0,10.48,sell,False,2022-11-09T21:22:25.906853+00:00
136,5394576730,85.005,3.73,sell,False,2022-11-09T21:22:25.906853+00:00
137,5394575908,85.18,0.24,sell,False,2022-11-09T21:22:22.659055+00:00
138,5394567982,86.245,0.23,sell,False,2022-11-09T21:21:52.837702+00:00
139,5394510855,87.245,0.21,sell,False,2022-11-09T21:18:24.199845+00:00
140,5394504101,88.175,0.2,sell,False,2022-11-09T21:18:06.439144+00:00
141,5394476187,89.045,0.18,sell,False,2022-11-09T21:16:41.015012+00:00
142,5394464324,89.86,0.17,sell,False,2022-11-09T21:15:55.074005+00:00
143,5394457312,90.62,0.16,sell,False,2022-11-09T21:15:27.556178+00:00
144,5394451352,91.33,0.15,sell,False,2022-11-09T21:15:03.945798+00:00
145,5394430556,91.995,0.14,sell,False,2022-11-09T21:13:35.811335+00:00
146,5394421373,92.615,0.13,sell,False,2022-11-09T21:13:11.540018+00:00
147,5394412791,93.195,0.13,sell,False,2022-11-09T21:12:44.958972+00:00
148,5394407241,93.74,0.12,sell,False,2022-11-09T21:12:22.368331+00:00
149,5394401892,94.245,0.11,sell,False,2022-11-09T21:12:05.659298+00:00
150,5394388619,94.66,0.11,buy,False,2022-11-09T21:11:19.690273+00:00
151,5394386188,94.66,0.59,buy,False,2022-11-09T21:11:06.843705+00:00
152,5394386187,94.44,0.75,buy,False,2022-11-09T21:11:06.843705+00:00
153,5394386186,94.0,0.01,buy,False,2022-11-09T21:11:06.843705+00:00
154,5394386185,94.0,0.01,buy,False,2022-11-09T21:11:06.843705+00:00
155,5394386184,92.15,0.59,buy,False,2022-11-09T21:11:06.843705+00:00
156,5394386183,92.145,0.01,buy,False,2022-11-09T21:11:06.843705+00:00
157,5394386182,92.0,0.01,buy,False,2022-11-09T21:11:06.843705+00:00
158,5394386181,92.0,0.01,buy,False,2022-11-09T21:11:06.843705+00:00
159,5394386180,91.785,0.06,buy,False,2022-11-09T21:11:06.843705+00:00
160,5394386179,91.66,3.0,buy,False,2022-11-09T21:11:06.843705+00:00
161,5394386178,90.0,0.01,buy,False,2022-11-09T21:11:06.843705+00:00
162,5394386177,90.0,0.01,buy,False,2022-11-09T21:11:06.843705+00:00
163,5394386176,89.15,0.22,buy,False,2022-11-09T21:11:06.843705+00:00
164,5394386175,88.66,3.0,buy,False,2022-11-09T21:11:06.843705+00:00
165,5394386174,88.62,0.06,buy,False,2022-11-09T21:11:06.843705+00:00
166,5394386173,88.0,0.01,buy,False,2022-11-09T21:11:06.843705+00:00
167,5394386172,88.0,0.01,buy,False,2022-11-09T21:11:06.843705+00:00
168,5394386171,87.35,0.3,buy,False,2022-11-09T21:11:06.843705+00:00
169,5394386170,86.73,0.01,buy,False,2022-11-09T21:11:06.843705+00:00
170,5394386169,86.0,0.01,buy,False,2022-11-09T21:11:06.843705+00:00
171,5394386168,86.0,0.01,buy,False,2022-11-09T21:11:06.843705+00:00
172,5394386167,85.995,0.01,buy,False,2022-11-09T21:11:06.843705+00:00
173,5394386166,85.66,3.0,buy,False,2022-11-09T21:11:06.843705+00:00
174,5394386165,85.455,0.06,buy,False,2022-11-09T21:11:06.843705+00:00
175,5394380530,85.0,59.54,buy,False,2022-11-09T21:10:40.452987+00:00
176,5394380529,84.7,872.0,buy,False,2022-11-09T21:10:40.452987+00:00
177,5394380528,84.0,1.0,buy,False,2022-11-09T21:10:40.452987+00:00
178,5394380527,83.33,1.78,buy,False,2022-11-09T21:10:40.452987+00:00
179,5394380526,82.29,0.07,buy,False,2022-11-09T21:10:40.452987+00:00
180,5394380525,79.04,19.02,buy,False,2022-11-09T21:10:40.452987+00:00
181,5394380524,79.035,4.02,buy,False,2022-11-09T21:10:40.452987+00:00
182,5394364836,79.175,0.15,sell,False,2022-11-09T21:09:23.909278+00:00
183,5394359629,79.175,0.07,sell,False,2022-11-09T21:09:04.378600+00:00
184,5394356323,70.275,0.05,sell,False,2022-11-09T21:08:48.757941+00:00
185,5394356160,70.275,0.05,sell,False,2022-11-09T21:08:47.935054+00:00
186,5394356105,70.275,0.05,sell,False,2022-11-09T21:08:47.451231+00:00
187,5394356003,70.275,0.05,sell,False,2022-11-09T21:08:47.040681+00:00
188,5394355877,70.275,0.05,sell,False,2022-11-09T21:08:46.599333+00:00
189,5394355710,70.275,0.05,sell,False,2022-11-09T21:08:46.004341+00:00
190,5394355551,70.275,0.05,sell,False,2022-11-09T21:08:45.400632+00:00
191,5394355396,70.275,0.05,sell,False,2022-11-09T21:08:44.732980+00:00
192,5394355330,70.275,0.05,sell,False,2022-11-09T21:08:44.243589+00:00
193,5394355159,70.275,0.05,sell,False,2022-11-09T21:08:43.678671+00:00
194,5394355118,70.275,0.2,sell,False,2022-11-09T21:08:43.292734+00:00
195,5394355115,70.275,0.05,sell,False,2022-11-09T21:08:43.262712+00:00
196,5394354960,79.96,0.05,sell,False,2022-11-09T21:08:42.625936+00:00
197,5394354724,79.96,0.05,sell,False,2022-11-09T21:08:42.020188+00:00
198,5394354525,79.96,0.05,sell,False,2022-11-09T21:08:41.310338+00:00
199,5394354300,79.96,0.05,sell,False,2022-11-09T21:08:40.856047+00:00
200,5394349991,64.575,0.05,sell,False,2022-11-09T21:08:24.665048+00:00
201,5394349990,64.735,0.05,sell,False,2022-11-09T21:08:24.665048+00:00
202,5394349989,64.895,0.05,sell,False,2022-11-09T21:08:24.665048+00:00
203,5394349988,65.06,0.05,sell,False,2022-11-09T21:08:24.665048+00:00
204,5394349987,65.22,0.05,sell,False,2022-11-09T21:08:24.665048+00:00
205,5394349986,65.38,0.05,sell,False,2022-11-09T21:08:24.665048+00:00
206,5394349985,65.545,0.05,sell,False,2022-11-09T21:08:24.665048+00:00
207,5394349984,65.705,0.05,sell,False,2022-11-09T21:08:24.665048+00:00
208,5394349983,65.805,0.66,sell,False,2022-11-09T21:08:24.665048+00:00
209,5394349982,65.865,0.05,sell,False,2022-11-09T21:08:24.665048+00:00
210,5394349981,66.03,0.05,sell,False,2022-11-09T21:08:24.665048+00:00
211,5394349980,66.19,0.05,sell,False,2022-11-09T21:08:24.665048+00:00
212,5394349979,66.35,0.05,sell,False,2022-11-09T21:08:24.665048+00:00
213,5394349978,66.515,0.05,sell,False,2022-11-09T21:08:24.665048+00:00
214,5394349977,66.675,0.05,sell,False,2022-11-09T21:08:24.665048+00:00
215,5394349976,66.835,0.05,sell,False,2022-11-09T21:08:24.665048+00:00
216,5394349975,68.605,6.0,sell,False,2022-11-09T21:08:24.665048+00:00
217,5394349974,70.675,0.12,sell,False,2022-11-09T21:08:24.665048+00:00
218,5394349973,71.0,0.01,sell,False,2022-11-09T21:08:24.665048+00:00
219,5394349972,71.43,0.59,sell,False,2022-11-09T21:08:24.665048+00:00
220,5394349971,71.435,2.65,sell,False,2022-11-09T21:08:24.665048+00:00
221,5394349970,80.69,0.19,sell,False,2022-11-09T21:08:24.665048+00:00
222,5394297422,81.37,0.18,sell,False,2022-11-09T21:05:21.747979+00:00
223,5394281628,82.01,0.17,sell,False,2022-11-09T21:04:27.028973+00:00
224,5394231750,82.605,0.16,sell,False,2022-11-09T21:01:39.418746+00:00
225,5394220593,83.165,0.15,sell,False,2022-11-09T21:00:52.534224+00:00
226,5394002920,71.435,0.36,sell,False,2022-11-09T20:47:19.223192+00:00
227,5394002919,83.685,0.14,sell,False,2022-11-09T20:47:19.223192+00:00
228,5393697285,71.435,0.53,sell,False,2022-11-09T20:26:23.354093+00:00
229,5393697284,84.17,0.13,sell,False,2022-11-09T20:26:23.354093+00:00
230,5393687457,71.435,0.48,sell,False,2022-11-09T20:25:23.144001+00:00
231,5393687456,84.625,0.12,sell,False,2022-11-09T20:25:23.144001+00:00
232,5393492243,85.0,0.12,buy,False,2022-11-09T20:04:25.287810+00:00
233,5393485275,85.0,98.34,buy,False,2022-11-09T20:03:46.828141+00:00
234,5393485274,85.0,7.17,buy,False,2022-11-09T20:03:46.828141+00:00
235,5393485273,84.62,0.12,buy,False,2022-11-09T20:03:46.828141+00:00
236,5393485272,84.0,0.01,buy,False,2022-11-09T20:03:46.828141+00:00
237,5393485271,83.875,0.06,buy,False,2022-11-09T20:03:46.828141+00:00
238,5393485270,83.85,0.57,buy,False,2022-11-09T20:03:46.828141+00:00
239,5393485269,83.285,3.44,buy,False,2022-11-09T20:03:46.828141+00:00
240,5393478084,83.285,0.11,buy,False,2022-11-09T20:03:03.866632+00:00
241,5393472971,83.725,0.03,buy,False,2022-11-09T20:02:36.089181+00:00
242,5393472970,83.58,0.01,buy,False,2022-11-09T20:02:36.089181+00:00
243,5393470503,83.0,0.01,buy,False,2022-11-09T20:02:25.876186+00:00
244,5393463955,82.86,0.15,sell,False,2022-11-09T20:01:58.454256+00:00
245,5393463868,82.86,0.15,sell,False,2022-11-09T20:01:57.872503+00:00
246,5393463093,82.86,1.62,sell,False,2022-11-09T20:01:54.013853+00:00
247,5393462321,82.84,3.62,buy,False,2022-11-09T20:01:50.824803+00:00
248,5393462320,82.66,3.0,buy,False,2022-11-09T20:01:50.824803+00:00
249,5393462319,82.15,0.43,buy,False,2022-11-09T20:01:50.824803+00:00
250,5393462318,82.0,0.01,buy,False,2022-11-09T20:01:50.824803+00:00
251,5393462317,81.33,0.07,buy,False,2022-11-09T20:01:50.824803+00:00
252,5393462316,81.0,0.01,buy,False,2022-11-09T20:01:50.824803+00:00
253,5393462315,80.5,0.01,buy,False,2022-11-09T20:01:50.824803+00:00
254,5393462314,80.0,0.01,buy,False,2022-11-09T20:01:50.824803+00:00
255,5393462313,79.99,15.0,buy,False,2022-11-09T20:01:50.824803+00:00
256,5393462312,79.66,3.0,buy,False,2022-11-09T20:01:50.824803+00:00
257,5393462311,79.5,0.01,buy,False,2022-11-09T20:01:50.824803+00:00
258,5393462310,79.0,0.01,buy,False,2022-11-09T20:01:50.824803+00:00
259,5393462309,78.79,0.07,buy,False,2022-11-09T20:01:50.824803+00:00
260,5393462308,78.5,0.01,buy,False,2022-11-09T20:01:50.824803+00:00
261,5393462307,78.14,0.35,buy,False,2022-11-09T20:01:50.824803+00:00
262,5393462306,78.0,1.0,buy,False,2022-11-09T20:01:50.824803+00:00
263,5393462305,78.0,0.01,buy,False,2022-11-09T20:01:50.824803+00:00
264,5393462304,77.6,0.01,buy,False,2022-11-09T20:01:50.824803+00:00
265,5393462303,77.2,0.01,buy,False,2022-11-09T20:01:50.824803+00:00
266,5393462302,77.17,0.14,buy,False,2022-11-09T20:01:50.824803+00:00
267,5393462301,76.99,15.0,buy,False,2022-11-09T20:01:50.824803+00:00
268,5393462300,76.8,0.01,buy,False,2022-11-09T20:01:50.824803+00:00
269,5393462299,76.4,0.01,buy,False,2022-11-09T20:01:50.824803+00:00
270,5393457109,75.33,5.01,sell,False,2022-11-09T20:01:28.510219+00:00
271,5393457108,76.0,0.12,sell,False,2022-11-09T20:01:28.510219+00:00
272,5393456288,76.0,0.01,buy,False,2022-11-09T20:01:24.249712+00:00
273,5393446630,75.6,0.01,buy,False,2022-11-09T20:00:44.944791+00:00
274,5393435023,75.2,0.01,buy,False,2022-11-09T20:00:00.176487+00:00
275,5393435022,74.905,1.33,buy,False,2022-11-09T20:00:00.176487+00:00
276,5393435021,74.58,1.0,buy,False,2022-11-09T20:00:00.176487+00:00
277,5393435020,74.575,3.85,buy,False,2022-11-09T20:00:00.176487+00:00
278,5391961342,71.82,0.02,sell,True,2022-11-09T18:11:28.267362+00:00
279,5391750586,72.155,0.07,sell,False,2022-11-09T17:59:48.002288+00:00
280,5391566963,72.2,0.5,buy,False,2022-11-09T17:47:56.230038+00:00
281,5391547792,72.12,1.0,buy,False,2022-11-09T17:46:15.844663+00:00
282,5391175681,71.76,2.21,buy,False,2022-11-09T17:18:11.787861+00:00
283,5391175598,71.76,2.75,buy,False,2022-11-09T17:18:11.256553+00:00
284,5391175556,71.76,3.05,buy,False,2022-11-09T17:18:10.654192+00:00
285,5391175519,71.76,2.79,buy,False,2022-11-09T17:18:10.116087+00:00
286,5391175481,71.76,3.17,buy,False,2022-11-09T17:18:09.580911+00:00
287,5391175389,71.76,2.94,buy,False,2022-11-09T17:18:09.036336+00:00
288,5391175328,71.76,2.72,buy,False,2022-11-09T17:18:08.494852+00:00
289,5391175272,71.76,3.0,buy,False,2022-11-09T17:18:07.958762+00:00
290,5391175204,71.76,3.09,buy,False,2022-11-09T17:18:07.420087+00:00
291,5391175140,71.76,2.72,buy,False,2022-11-09T17:18:06.889288+00:00
292,5391175048,71.76,3.04,buy,False,2022-11-09T17:18:06.352846+00:00
293,5391174964,71.76,2.65,buy,False,2022-11-09T17:18:05.809787+00:00
294,5391174853,71.76,3.07,buy,False,2022-11-09T17:18:05.279538+00:00
295,5391174761,71.76,2.84,buy,False,2022-11-09T17:18:04.751630+00:00
296,5391174696,71.76,3.1,buy,False,2022-11-09T17:18:04.221051+00:00
297,5391174646,71.76,2.74,buy,False,2022-11-09T17:18:03.682226+00:00
298,5391174590,71.76,3.05,buy,False,2022-11-09T17:18:03.147577+00:00
299,5391174543,71.76,2.76,buy,False,2022-11-09T17:18:02.620080+00:00
300,5391174505,71.76,2.72,buy,False,2022-11-09T17:18:02.081993+00:00
301,5391174410,71.76,2.86,buy,False,2022-11-09T17:18:01.543802+00:00
302,5391174300,71.76,2.97,buy,False,2022-11-09T17:18:01.002461+00:00
303,5391174214,71.76,3.29,buy,False,2022-11-09T17:18:00.456319+00:00
304,5391174177,71.76,3.28,buy,False,2022-11-09T17:17:59.926296+00:00
305,5391174098,71.76,3.17,buy,False,2022-11-09T17:17:59.361879+00:00
306,5391174053,71.76,2.94,buy,False,2022-11-09T17:17:58.832245+00:00
307,5391173976,71.76,3.28,buy,False,2022-11-09T17:17:58.285552+00:00
308,5391173856,71.76,2.94,buy,False,2022-11-09T17:17:57.733635+00:00
309,5391173733,71.76,2.64,buy,False,2022-11-09T17:17:57.192900+00:00
310,5391173672,71.76,3.26,buy,False,2022-11-09T17:17:56.653002+00:00
311,5391173603,71.76,2.92,buy,False,2022-11-09T17:17:56.087385+00:00
312,5391173541,71.76,2.99,buy,False,2022-11-09T17:17:55.547394+00:00
313,5391173487,71.76,3.25,buy,False,2022-11-09T17:17:55.018136+00:00
314,5391173456,71.76,2.48,buy,False,2022-11-09T17:17:54.481087+00:00
315,5391173387,71.76,2.58,buy,False,2022-11-09T17:17:53.947316+00:00
316,5391173306,71.76,3.12,buy,False,2022-11-09T17:17:53.412288+00:00
317,5391173230,71.76,2.6,buy,False,2022-11-09T17:17:52.843048+00:00
318,5391173088,71.76,2.47,buy,False,2022-11-09T17:17:52.302267+00:00
319,5391172968,71.76,2.77,buy,False,2022-11-09T17:17:51.764907+00:00
320,5391172825,71.76,2.93,buy,False,2022-11-09T17:17:51.233473+00:00
321,5391172734,71.76,3.0,buy,False,2022-11-09T17:17:50.694890+00:00
322,5391172643,71.76,3.07,buy,False,2022-11-09T17:17:50.162079+00:00
323,5391172498,71.76,3.01,buy,False,2022-11-09T17:17:49.542345+00:00
324,5391172365,71.76,2.62,buy,False,2022-11-09T17:17:48.997657+00:00
325,5391172257,71.76,2.28,buy,False,2022-11-09T17:17:48.463212+00:00
326,5391172137,71.76,2.67,buy,False,2022-11-09T17:17:47.932391+00:00
327,5391172079,71.76,2.85,buy,False,2022-11-09T17:17:47.401717+00:00
328,5391172037,71.76,3.03,buy,False,2022-11-09T17:17:46.872308+00:00
329,5391171997,71.76,2.98,buy,False,2022-11-09T17:17:46.335817+00:00
330,5391171888,71.76,2.52,buy,False,2022-11-09T17:17:45.780729+00:00
331,5391171831,71.76,2.64,buy,False,2022-11-09T17:17:45.241028+00:00
332,5391171662,71.76,2.3,buy,False,2022-11-09T17:17:44.703217+00:00
333,5391171568,71.76,2.37,buy,False,2022-11-09T17:17:44.171089+00:00
334,5391171520,71.76,2.39,buy,False,2022-11-09T17:17:43.635967+00:00
335,5391171481,71.76,2.57,buy,False,2022-11-09T17:17:43.098847+00:00
336,5391171414,71.76,2.33,buy,False,2022-11-09T17:17:42.497063+00:00
337,5391171366,71.76,2.68,buy,False,2022-11-09T17:17:41.958943+00:00
338,5391166393,71.76,119.46,buy,False,2022-11-09T17:17:08.106449+00:00
339,5391166389,71.76,319.31,sell,False,2022-11-09T17:17:08.041011+00:00
340,5391166388,71.8,204.75,sell,False,2022-11-09T17:17:08.041011+00:00
341,5391166387,71.945,2.58,sell,False,2022-11-09T17:17:08.041011+00:00
342,5391166386,72.0,1.0,sell,False,2022-11-09T17:17:08.041011+00:00
343,5391166385,72.005,189.6,sell,False,2022-11-09T17:17:08.041011+00:00
344,5391166384,72.17,4.83,sell,False,2022-11-09T17:17:08.041011+00:00
345,5391166383,72.4,0.01,sell,False,2022-11-09T17:17:08.041011+00:00
346,5390497856,72.305,0.06,sell,False,2022-11-09T16:27:12.567893+00:00
347,5390495125,72.45,1.38,sell,False,2022-11-09T16:27:02.300452+00:00
348,5390493138,72.305,2.42,sell,False,2022-11-09T16:26:53.505268+00:00
349,5390492427,72.445,2.42,sell,False,2022-11-09T16:26:49.723663+00:00
350,5390491683,72.305,2.42,sell,False,2022-11-09T16:26:47.524782+00:00
351,5390489855,72.205,2.42,sell,False,2022-11-09T16:26:39.211246+00:00
352,5390150324,72.07,0.36,sell,True,2022-11-09T16:05:21.371312+00:00
353,5390141556,72.065,1.43,sell,False,2022-11-09T16:04:47.322213+00:00
354,5390097775,72.565,0.28,sell,False,2022-11-09T16:02:37.360969+00:00
355,5389454028,73.0,0.01,sell,False,2022-11-09T15:34:31.363192+00:00
356,5389354039,73.4,6.65,sell,False,2022-11-09T15:27:29.263930+00:00
357,5389353178,73.4,11.58,sell,False,2022-11-09T15:27:25.763848+00:00
358,5389352465,73.4,9.08,sell,False,2022-11-09T15:27:22.678799+00:00
359,5389351911,73.4,12.08,sell,False,2022-11-09T15:27:19.196453+00:00
360,5389350973,73.4,9.65,sell,False,2022-11-09T15:27:16.098223+00:00
361,5389350610,73.4,8.77,sell,False,2022-11-09T15:27:13.395785+00:00
362,5389350053,73.4,10.84,sell,False,2022-11-09T15:27:10.057698+00:00
363,5389349375,73.4,10.01,sell,False,2022-11-09T15:27:07.056561+00:00
364,5389348875,73.4,10.07,sell,False,2022-11-09T15:27:03.756557+00:00
365,5389348472,73.4,8.22,sell,False,2022-11-09T15:27:01.365059+00:00
366,5389348095,73.4,7.58,sell,False,2022-11-09T15:26:59.026778+00:00
367,5389347057,73.4,6.82,sell,False,2022-11-09T15:26:56.554565+00:00
368,5389346709,73.4,6.8,sell,False,2022-11-09T15:26:54.480810+00:00
369,5389346178,73.4,9.07,sell,False,2022-11-09T15:26:51.758378+00:00
370,5389345503,73.4,7.59,sell,False,2022-11-09T15:26:49.558553+00:00
371,5389345426,73.4,8.04,sell,False,2022-11-09T15:26:49.019725+00:00
372,5389345287,73.4,7.51,sell,False,2022-11-09T15:26:48.474891+00:00
373,5389345183,73.4,7.7,sell,False,2022-11-09T15:26:47.936713+00:00
374,5389345090,73.4,8.07,sell,False,2022-11-09T15:26:47.406780+00:00
375,5389344951,73.4,8.01,sell,False,2022-11-09T15:26:46.879888+00:00
376,5389344817,73.4,7.99,sell,False,2022-11-09T15:26:46.343207+00:00
377,5389344652,73.4,7.84,sell,False,2022-11-09T15:26:45.803258+00:00
378,5389344345,73.4,6.82,sell,False,2022-11-09T15:26:45.188697+00:00
379,5389344253,73.4,8.85,sell,False,2022-11-09T15:26:44.656292+00:00
380,5389344105,73.4,7.08,sell,False,2022-11-09T15:26:44.124520+00:00
381,5389343925,73.4,8.0,sell,False,2022-11-09T15:26:43.591067+00:00
382,5389343858,73.4,7.61,sell,False,2022-11-09T15:26:43.058346+00:00
383,5389343727,73.4,7.84,sell,False,2022-11-09T15:26:42.522386+00:00
384,5389343653,73.4,8.01,sell,False,2022-11-09T15:26:41.977752+00:00
385,5389343581,73.4,7.12,sell,False,2022-11-09T15:26:41.441512+00:00
386,5389343481,73.4,7.79,sell,False,2022-11-09T15:26:40.846557+00:00
387,5389343356,73.4,8.0,sell,False,2022-11-09T15:26:40.205635+00:00
388,5389343297,73.4,5.49,sell,False,2022-11-09T15:26:39.638843+00:00
389,5389343218,73.4,5.47,sell,False,2022-11-09T15:26:39.077466+00:00
390,5389343148,73.4,6.17,sell,False,2022-11-09T15:26:38.549921+00:00
391,5389342807,73.4,5.72,sell,False,2022-11-09T15:26:36.014937+00:00
392,5389342728,73.4,5.6,sell,False,2022-11-09T15:26:35.477984+00:00
393,5389342659,73.4,6.32,sell,False,2022-11-09T15:26:34.949100+00:00
394,5389341963,73.4,6.1,sell,False,2022-11-09T15:26:31.884142+00:00
395,5389341864,73.4,5.25,sell,False,2022-11-09T15:26:31.354756+00:00
396,5389341323,73.4,6.02,sell,False,2022-11-09T15:26:29.275489+00:00
397,5389340829,73.4,4.97,sell,False,2022-11-09T15:26:26.793696+00:00
398,5389340774,73.4,4.99,sell,False,2022-11-09T15:26:26.258771+00:00
399,5389340613,73.4,5.09,sell,False,2022-11-09T15:26:24.763834+00:00
400,5389340246,73.4,6.28,sell,False,2022-11-09T15:26:22.650924+00:00
401,5389340079,73.4,5.57,sell,False,2022-11-09T15:26:20.967613+00:00
402,5389339882,73.4,6.08,sell,False,2022-11-09T15:26:18.774956+00:00
403,5389339623,73.4,6.58,sell,False,2022-11-09T15:26:16.661191+00:00
404,5389339385,73.4,6.31,sell,False,2022-11-09T15:26:14.864336+00:00
405,5389339189,73.4,7.08,sell,False,2022-11-09T15:26:12.458842+00:00
406,5389338907,73.4,7.86,sell,False,2022-11-09T15:26:10.079853+00:00
407,5389338393,73.4,7.15,sell,False,2022-11-09T15:26:07.734311+00:00
408,5389337989,73.4,7.33,sell,False,2022-11-09T15:26:05.331644+00:00
409,5389337696,73.4,6.08,sell,False,2022-11-09T15:26:03.508840+00:00
410,5389337269,73.4,6.3,sell,False,2022-11-09T15:26:01.477435+00:00
411,5389336906,73.4,8.43,sell,False,2022-11-09T15:25:58.690749+00:00
412,5389336526,73.4,9.45,sell,False,2022-11-09T15:25:56.064543+00:00
413,5389335890,73.4,11.72,sell,False,2022-11-09T15:25:52.364999+00:00
414,5389334622,73.4,13.47,sell,False,2022-11-09T15:25:48.151786+00:00
415,5389334218,73.4,11.08,sell,False,2022-11-09T15:25:44.854742+00:00
416,5389333534,73.4,13.42,sell,False,2022-11-09T15:25:40.989009+00:00
417,5389332981,73.4,12.43,sell,False,2022-11-09T15:25:37.058722+00:00
418,5389331585,73.4,30.6,sell,False,2022-11-09T15:25:29.312025+00:00
419,5389331178,73.4,2.43,sell,False,2022-11-09T15:25:26.939444+00:00
420,5389330853,73.4,2.49,sell,False,2022-11-09T15:25:25.435109+00:00
421,5389330631,73.4,2.56,sell,False,2022-11-09T15:25:24.791749+00:00
422,5389330438,73.4,2.65,sell,False,2022-11-09T15:25:23.960908+00:00
423,5389330371,73.4,2.34,sell,False,2022-11-09T15:25:23.424721+00:00
424,5389330252,73.4,2.7,sell,False,2022-11-09T15:25:22.874051+00:00
425,5389330186,73.4,2.45,sell,False,2022-11-09T15:25:22.265135+00:00
426,5389330132,73.4,2.36,sell,False,2022-11-09T15:25:21.453588+00:00
427,5389330037,73.4,2.38,sell,False,2022-11-09T15:25:20.888709+00:00
428,5389329779,73.4,2.34,sell,False,2022-11-09T15:25:19.348529+00:00
429,5389329712,73.4,2.59,sell,False,2022-11-09T15:25:18.743268+00:00
430,5389329622,73.4,2.61,sell,False,2022-11-09T15:25:18.190772+00:00
431,5389329560,73.4,3.01,sell,False,2022-11-09T15:25:17.661273+00:00
432,5389329531,73.4,2.51,sell,False,2022-11-09T15:25:17.124851+00:00
433,5389329455,73.4,2.56,sell,False,2022-11-09T15:25:16.491796+00:00
434,5389329379,73.4,2.61,sell,False,2022-11-09T15:25:15.927247+00:00
435,5389329293,73.4,2.66,sell,False,2022-11-09T15:25:15.174148+00:00
436,5389329203,73.4,2.56,sell,False,2022-11-09T15:25:14.540633+00:00
437,5389329067,73.4,2.29,sell,False,2022-11-09T15:25:13.352127+00:00
438,5389329019,73.4,2.53,sell,False,2022-11-09T15:25:12.753757+00:00
439,5389328905,73.4,2.64,sell,False,2022-11-09T15:25:11.849518+00:00
440,5389328778,73.4,2.46,sell,False,2022-11-09T15:25:11.257051+00:00
441,5389328633,73.4,2.63,sell,False,2022-11-09T15:25:10.577264+00:00
442,5389328481,73.4,2.28,sell,False,2022-11-09T15:25:10.039671+00:00
443,5389328393,73.4,2.27,sell,False,2022-11-09T15:25:09.414714+00:00
444,5389328226,73.4,2.29,sell,False,2022-11-09T15:25:07.955269+00:00
445,5389328087,73.4,2.55,sell,False,2022-11-09T15:25:07.028674+00:00
446,5389328026,73.4,2.29,sell,False,2022-11-09T15:25:06.488846+00:00
447,5389327948,73.4,2.48,sell,False,2022-11-09T15:25:05.731770+00:00
448,5389327881,73.4,2.74,sell,False,2022-11-09T15:25:05.196879+00:00
449,5389327791,73.4,2.73,sell,False,2022-11-09T15:25:04.667875+00:00
450,5389327691,73.4,2.29,sell,False,2022-11-09T15:25:04.054564+00:00
451,5389327540,73.4,2.68,sell,False,2022-11-09T15:25:03.341442+00:00
452,5389327386,73.4,2.59,sell,False,2022-11-09T15:25:02.263149+00:00
453,5389327243,73.4,2.73,sell,False,2022-11-09T15:25:01.432922+00:00
454,5389327162,73.4,2.4,sell,False,2022-11-09T15:25:00.753672+00:00
455,5389327071,73.4,2.3,sell,False,2022-11-09T15:25:00.108276+00:00
456,5389327031,73.4,2.31,sell,False,2022-11-09T15:24:59.559675+00:00
457,5389326977,73.4,2.34,sell,False,2022-11-09T15:24:59.001623+00:00
458,5389326943,73.4,2.64,sell,False,2022-11-09T15:24:58.469620+00:00
459,5389326890,73.4,2.61,sell,False,2022-11-09T15:24:57.806146+00:00
460,5389326766,73.4,2.41,sell,False,2022-11-09T15:24:56.853796+00:00
461,5389326692,73.4,2.43,sell,False,2022-11-09T15:24:56.263593+00:00
462,5389326582,73.4,2.47,sell,False,2022-11-09T15:24:55.661832+00:00
463,5389326271,73.4,2.72,sell,False,2022-11-09T15:24:54.468750+00:00
464,5389326146,73.4,2.46,sell,False,2022-11-09T15:24:53.932844+00:00
465,5389325932,73.4,2.47,sell,False,2022-11-09T15:24:52.969766+00:00
466,5389325513,73.4,2.53,sell,False,2022-11-09T15:24:51.797764+00:00
467,5389325449,73.4,2.41,sell,False,2022-11-09T15:24:51.254732+00:00
468,5389325328,73.4,2.26,sell,False,2022-11-09T15:24:50.382622+00:00
469,5389325218,73.4,2.69,sell,False,2022-11-09T15:24:49.846376+00:00
470,5389325098,73.4,2.58,sell,False,2022-11-09T15:24:49.293269+00:00
471,5389325034,73.4,2.41,sell,False,2022-11-09T15:24:48.751762+00:00
472,5389324806,73.4,2.51,sell,False,2022-11-09T15:24:47.859217+00:00
473,5389324671,73.4,2.45,sell,False,2022-11-09T15:24:46.955611+00:00
474,5389324603,73.4,2.44,sell,False,2022-11-09T15:24:46.408621+00:00
475,5389324463,73.4,2.37,sell,False,2022-11-09T15:24:45.486037+00:00
476,5389324311,73.4,2.64,sell,False,2022-11-09T15:24:44.552511+00:00
477,5389324169,73.4,2.27,sell,False,2022-11-09T15:24:43.993782+00:00
478,5389323813,73.4,2.48,sell,False,2022-11-09T15:24:43.120081+00:00
479,5389323635,73.4,2.6,sell,False,2022-11-09T15:24:41.636264+00:00
480,5389323468,73.4,2.36,sell,False,2022-11-09T15:24:40.658145+00:00
481,5389323310,73.4,2.41,sell,False,2022-11-09T15:24:39.794664+00:00
482,5389323145,73.4,2.64,sell,False,2022-11-09T15:24:39.165545+00:00
483,5389323074,73.4,2.61,sell,False,2022-11-09T15:24:38.556446+00:00
484,5389323001,73.4,2.62,sell,False,2022-11-09T15:24:37.955664+00:00
485,5389322908,73.4,2.71,sell,False,2022-11-09T15:24:37.112060+00:00
486,5389322832,73.4,2.58,sell,False,2022-11-09T15:24:36.155952+00:00
487,5389322645,73.4,2.67,sell,False,2022-11-09T15:24:34.807752+00:00
488,5389322587,73.4,2.38,sell,False,2022-11-09T15:24:34.235073+00:00
489,5389322482,73.4,2.25,sell,False,2022-11-09T15:24:33.535749+00:00
490,5389322373,73.4,2.36,sell,False,2022-11-09T15:24:33.005369+00:00
491,5389322243,73.4,2.71,sell,False,2022-11-09T15:24:32.477758+00:00
492,5389322143,73.4,2.71,sell,False,2022-11-09T15:24:31.944248+00:00
493,5389322105,73.4,2.49,sell,False,2022-11-09T15:24:31.357066+00:00
494,5389321971,73.4,2.43,sell,False,2022-11-09T15:24:30.463761+00:00
495,5389321934,73.4,2.48,sell,False,2022-11-09T15:24:29.828942+00:00
496,5389321806,73.4,2.7,sell,False,2022-11-09T15:24:29.054343+00:00
497,5389321756,73.4,2.6,sell,False,2022-11-09T15:24:28.510086+00:00
498,5389321715,73.4,2.4,sell,False,2022-11-09T15:24:27.951832+00:00
499,5389321661,73.4,2.4,sell,False,2022-11-09T15:24:27.321340+00:00
500,5389321322,73.4,2.5,sell,False,2022-11-09T15:24:25.383024+00:00
501,5389321280,73.4,2.67,sell,False,2022-11-09T15:24:24.851026+00:00
502,5389321211,73.4,2.56,sell,False,2022-11-09T15:24:24.184068+00:00
503,5389321158,73.4,2.53,sell,False,2022-11-09T15:24:23.647782+00:00
504,5389321027,73.4,2.67,sell,False,2022-11-09T15:24:23.113905+00:00
505,5389320886,73.4,2.7,sell,False,2022-11-09T15:24:22.577564+00:00
506,5389320758,73.4,2.52,sell,False,2022-11-09T15:24:22.004858+00:00
507,5389320540,73.4,2.7,sell,False,2022-11-09T15:24:21.240369+00:00
508,5389320376,73.4,2.31,sell,False,2022-11-09T15:24:20.607912+00:00
509,5389320277,73.4,2.36,sell,False,2022-11-09T15:24:19.987641+00:00
510,5389320146,73.4,2.56,sell,False,2022-11-09T15:24:19.449331+00:00
511,5389320053,73.4,2.32,sell,False,2022-11-09T15:24:18.914082+00:00
512,5389319546,73.4,2.26,sell,False,2022-11-09T15:24:17.196791+00:00
513,5389319482,73.4,2.36,sell,False,2022-11-09T15:24:16.663001+00:00
514,5389319365,73.4,2.69,sell,False,2022-11-09T15:24:15.765591+00:00
515,5389319230,73.4,2.34,sell,False,2022-11-09T15:24:15.159957+00:00
516,5389319122,73.4,2.49,sell,False,2022-11-09T15:24:14.567928+00:00
517,5389319045,73.4,2.6,sell,False,2022-11-09T15:24:14.028939+00:00
518,5389318892,73.4,2.27,sell,False,2022-11-09T15:24:13.406823+00:00
519,5389318833,73.4,2.42,sell,False,2022-11-09T15:24:12.877930+00:00
520,5389318744,73.4,2.56,sell,False,2022-11-09T15:24:12.345612+00:00
521,5389318577,73.4,2.31,sell,False,2022-11-09T15:24:11.808713+00:00
522,5389318432,73.4,2.67,sell,False,2022-11-09T15:24:11.270639+00:00
523,5389317421,73.4,20.15,sell,False,2022-11-09T15:24:05.874776+00:00
524,5389316238,73.4,18.05,sell,False,2022-11-09T15:24:00.469042+00:00
525,5389315678,73.4,16.73,sell,False,2022-11-09T15:23:55.651767+00:00
526,5389315018,73.4,17.26,sell,False,2022-11-09T15:23:50.852854+00:00
527,5389314116,73.4,19.35,sell,False,2022-11-09T15:23:45.458273+00:00
528,5389313588,73.4,10.29,sell,False,2022-11-09T15:23:42.298141+00:00
529,5389313088,73.4,10.55,sell,False,2022-11-09T15:23:38.827707+00:00
530,5389312764,73.4,10.07,sell,False,2022-11-09T15:23:35.852704+00:00
531,5389312400,73.4,8.9,sell,False,2022-11-09T15:23:33.171536+00:00
532,5389312051,73.4,8.52,sell,False,2022-11-09T15:23:30.466072+00:00
533,5389311334,73.4,9.93,sell,False,2022-11-09T15:23:27.257060+00:00
534,5389311063,73.4,8.05,sell,False,2022-11-09T15:23:24.776126+00:00
535,5389310658,73.4,6.76,sell,False,2022-11-09T15:23:22.652132+00:00
536,5389310001,73.4,7.03,sell,False,2022-11-09T15:23:17.779667+00:00
537,5389309941,73.4,7.0,sell,False,2022-11-09T15:23:17.211648+00:00
538,5389309831,73.4,6.63,sell,False,2022-11-09T15:23:16.675015+00:00
539,5389309555,73.4,7.45,sell,False,2022-11-09T15:23:14.250019+00:00
540,5389309310,73.4,6.36,sell,False,2022-11-09T15:23:12.148556+00:00
541,5389309035,73.4,6.07,sell,False,2022-11-09T15:23:10.351882+00:00
542,5389308728,73.4,6.36,sell,False,2022-11-09T15:23:08.265023+00:00
543,5389308440,73.4,6.43,sell,False,2022-11-09T15:23:06.160367+00:00
544,5389308250,73.4,5.29,sell,False,2022-11-09T15:23:04.356057+00:00
545,5389307984,73.4,4.06,sell,False,2022-11-09T15:23:03.243061+00:00
546,5389307754,73.4,3.7,sell,False,2022-11-09T15:23:01.968857+00:00
547,5389307614,73.4,4.08,sell,False,2022-11-09T15:23:00.458741+00:00
548,5389307469,73.4,3.67,sell,False,2022-11-09T15:22:59.258244+00:00
549,5389307331,73.4,3.59,sell,False,2022-11-09T15:22:58.091145+00:00
550,5389307194,73.4,3.01,sell,False,2022-11-09T15:22:57.151671+00:00
551,5389306781,73.4,10.48,sell,False,2022-11-09T15:22:53.874169+00:00
552,5389306342,73.4,10.68,sell,False,2022-11-09T15:22:50.548146+00:00
553,5389306070,73.4,9.14,sell,False,2022-11-09T15:22:47.858622+00:00
554,5389305536,73.4,11.03,sell,False,2022-11-09T15:22:44.559456+00:00
555,5389304960,73.4,11.33,sell,False,2022-11-09T15:22:40.966981+00:00
556,5389304473,73.4,11.8,sell,False,2022-11-09T15:22:37.359576+00:00
557,5389303920,73.4,11.87,sell,False,2022-11-09T15:22:33.760647+00:00
558,5389303176,73.4,11.48,sell,False,2022-11-09T15:22:30.432011+00:00
559,5389302341,73.4,11.35,sell,False,2022-11-09T15:22:26.866204+00:00
560,5389301565,73.4,12.9,sell,False,2022-11-09T15:22:22.980965+00:00
561,5389300616,73.4,13.38,sell,False,2022-11-09T15:22:19.068842+00:00
562,5389299904,73.4,13.13,sell,False,2022-11-09T15:22:15.148244+00:00
563,5389299039,73.4,12.16,sell,False,2022-11-09T15:22:11.615772+00:00
564,5389297858,73.4,14.36,sell,False,2022-11-09T15:22:07.370447+00:00
565,5389297131,73.4,12.41,sell,False,2022-11-09T15:22:03.446095+00:00
566,5389296429,73.4,11.01,sell,False,2022-11-09T15:22:00.180099+00:00
567,5389295929,73.4,9.8,sell,False,2022-11-09T15:21:57.158859+00:00
568,5389295544,73.4,9.77,sell,False,2022-11-09T15:21:54.164514+00:00
569,5389294737,73.4,13.66,sell,False,2022-11-09T15:21:49.956185+00:00
570,5389294068,73.4,12.67,sell,False,2022-11-09T15:21:46.374636+00:00
571,5389293712,73.4,11.78,sell,False,2022-11-09T15:21:42.747692+00:00
572,5389293185,73.4,11.39,sell,False,2022-11-09T15:21:39.153659+00:00
573,5389292863,73.4,10.07,sell,False,2022-11-09T15:21:36.167078+00:00
574,5389291805,73.4,14.08,sell,False,2022-11-09T15:21:31.960368+00:00
575,5389291300,73.4,11.72,sell,False,2022-11-09T15:21:29.218227+00:00
576,5389291170,73.4,11.14,sell,False,2022-11-09T15:21:28.651277+00:00
577,5389290649,73.4,12.58,sell,False,2022-11-09T15:21:28.057097+00:00
578,5389290640,73.4,3.26,sell,False,2022-11-09T15:21:27.995555+00:00
579,5389290608,73.4,13.22,sell,False,2022-11-09T15:21:27.517284+00:00
580,5389290574,73.275,5.54,buy,False,2022-11-09T15:21:27.389197+00:00
581,5388737565,73.8,1.06,sell,False,2022-11-09T14:38:11.703734+00:00
582,5388737392,73.8,4.36,sell,False,2022-11-09T14:38:11.162068+00:00
583,5388737314,73.8,4.16,sell,False,2022-11-09T14:38:10.623142+00:00
584,5388737140,73.8,3.52,sell,False,2022-11-09T14:38:10.054168+00:00
585,5388737055,73.8,3.66,sell,False,2022-11-09T14:38:09.522681+00:00
586,5388736967,73.8,3.3,sell,False,2022-11-09T14:38:08.902905+00:00
587,5388736891,73.8,4.21,sell,False,2022-11-09T14:38:08.362456+00:00
588,5388736833,73.8,3.71,sell,False,2022-11-09T14:38:07.823741+00:00
589,5388736776,73.8,3.91,sell,False,2022-11-09T14:38:07.291651+00:00
590,5388736581,73.8,3.37,sell,False,2022-11-09T14:38:06.759248+00:00
591,5388736397,73.8,3.37,sell,False,2022-11-09T14:38:06.218764+00:00
592,5388736300,73.8,3.44,sell,False,2022-11-09T14:38:05.683003+00:00
593,5388736174,73.8,2.9,sell,False,2022-11-09T14:38:05.142673+00:00
594,5388736022,73.8,3.26,sell,False,2022-11-09T14:38:04.607635+00:00
595,5388735930,73.8,4.12,sell,False,2022-11-09T14:38:04.073698+00:00
596,5388735834,73.8,3.59,sell,False,2022-11-09T14:38:03.543762+00:00
597,5388735687,73.8,3.43,sell,False,2022-11-09T14:38:03.014231+00:00
598,5388735612,73.8,3.92,sell,False,2022-11-09T14:38:02.478934+00:00
599,5388735425,73.8,3.51,sell,False,2022-11-09T14:38:01.943951+00:00
600,5388735361,73.8,3.2,sell,False,2022-11-09T14:38:01.414925+00:00
601,5388735292,73.8,3.4,sell,False,2022-11-09T14:38:00.880602+00:00
602,5388735160,73.8,3.1,sell,False,2022-11-09T14:38:00.347056+00:00
603,5388735098,73.8,3.15,sell,False,2022-11-09T14:37:59.789126+00:00
604,5388735031,73.8,3.22,sell,False,2022-11-09T14:37:59.171602+00:00
605,5388734874,73.8,3.03,sell,False,2022-11-09T14:37:58.632307+00:00
606,5388734818,73.8,2.99,sell,False,2022-11-09T14:37:58.080249+00:00
607,5388734764,73.8,3.59,sell,False,2022-11-09T14:37:57.543839+00:00
608,5388734664,73.8,2.84,sell,False,2022-11-09T14:37:57.003153+00:00
609,5388734570,73.8,2.76,sell,False,2022-11-09T14:37:56.474185+00:00
610,5388734363,73.8,3.75,sell,False,2022-11-09T14:37:55.937707+00:00
611,5388734053,73.8,3.16,sell,False,2022-11-09T14:37:55.394610+00:00
612,5388733802,73.8,3.13,sell,False,2022-11-09T14:37:54.861274+00:00
613,5388733729,73.8,2.57,sell,False,2022-11-09T14:37:54.332493+00:00
614,5388733628,73.8,2.73,sell,False,2022-11-09T14:37:53.789597+00:00
615,5388733548,73.8,2.43,sell,False,2022-11-09T14:37:53.258841+00:00
616,5388733492,73.8,3.79,sell,False,2022-11-09T14:37:52.728351+00:00
617,5388733421,73.8,3.8,sell,False,2022-11-09T14:37:52.198027+00:00
618,5388733125,73.8,3.68,sell,False,2022-11-09T14:37:51.669318+00:00
619,5388732951,73.8,4.1,sell,False,2022-11-09T14:37:51.122706+00:00
620,5388732872,73.8,3.6,sell,False,2022-11-09T14:37:50.550949+00:00
621,5388732714,73.8,3.18,sell,False,2022-11-09T14:37:50.014612+00:00
622,5388732638,73.8,3.73,sell,False,2022-11-09T14:37:49.468114+00:00
623,5388732561,73.8,3.35,sell,False,2022-11-09T14:37:48.937069+00:00
624,5388732464,73.8,3.31,sell,False,2022-11-09T14:37:48.385365+00:00
625,5388732416,73.8,2.97,sell,False,2022-11-09T14:37:47.847225+00:00
626,5388732346,73.8,3.27,sell,False,2022-11-09T14:37:47.315524+00:00
627,5388732239,73.8,2.83,sell,False,2022-11-09T14:37:46.758498+00:00
628,5388732086,73.8,2.91,sell,False,2022-11-09T14:37:46.222853+00:00
629,5388731945,73.8,2.85,sell,False,2022-11-09T14:37:45.683729+00:00
630,5388731830,73.8,2.69,sell,False,2022-11-09T14:37:45.146600+00:00
631,5388731760,73.8,3.06,sell,False,2022-11-09T14:37:44.565004+00:00
632,5388731614,73.8,3.03,sell,False,2022-11-09T14:37:43.933070+00:00
633,5388731541,73.8,2.76,sell,False,2022-11-09T14:37:43.399682+00:00
634,5388731420,73.8,3.01,sell,False,2022-11-09T14:37:42.839425+00:00
635,5388731349,73.8,3.32,sell,False,2022-11-09T14:37:42.260386+00:00
636,5388731278,73.8,3.58,sell,False,2022-11-09T14:37:41.728730+00:00
637,5388731191,73.8,3.9,sell,False,2022-11-09T14:37:41.193676+00:00
638,5388731124,73.8,3.83,sell,False,2022-11-09T14:37:40.656712+00:00
639,5388731060,73.8,3.07,sell,False,2022-11-09T14:37:40.027726+00:00
640,5388730993,73.8,4.98,sell,False,2022-11-09T14:37:39.486197+00:00
641,5388730884,73.8,3.19,sell,False,2022-11-09T14:37:38.957712+00:00
642,5388730798,73.8,2.99,sell,False,2022-11-09T14:37:38.427820+00:00
643,5388730706,73.8,3.11,sell,False,2022-11-09T14:37:37.895617+00:00
644,5388730617,73.8,3.03,sell,False,2022-11-09T14:37:37.366494+00:00
645,5388730540,73.8,3.66,sell,False,2022-11-09T14:37:36.830761+00:00
646,5388730419,73.8,3.37,sell,False,2022-11-09T14:37:36.269863+00:00
647,5388730178,73.8,3.74,sell,False,2022-11-09T14:37:35.718454+00:00
648,5388729940,73.8,3.4,sell,False,2022-11-09T14:37:35.171044+00:00
649,5388729720,73.8,3.71,sell,False,2022-11-09T14:37:34.635158+00:00
650,5388729315,73.8,3.19,sell,False,2022-11-09T14:37:34.097734+00:00
651,5388729163,73.8,2.78,sell,False,2022-11-09T14:37:33.559886+00:00
652,5388729024,73.8,3.58,sell,False,2022-11-09T14:37:32.949206+00:00
653,5388728866,73.8,3.44,sell,False,2022-11-09T14:37:32.419880+00:00
654,5388728695,73.8,2.88,sell,False,2022-11-09T14:37:31.882819+00:00
655,5388728483,73.8,2.93,sell,False,2022-11-09T14:37:31.287891+00:00
656,5388728266,73.8,3.19,sell,False,2022-11-09T14:37:30.754604+00:00
657,5388728046,73.8,2.79,sell,False,2022-11-09T14:37:30.220060+00:00
658,5388727974,73.8,3.41,sell,False,2022-11-09T14:37:29.680272+00:00
659,5388727866,73.8,3.34,sell,False,2022-11-09T14:37:29.127032+00:00
660,5388727689,73.8,3.48,sell,False,2022-11-09T14:37:28.587090+00:00
661,5388727483,73.8,3.89,sell,False,2022-11-09T14:37:27.964714+00:00
662,5388727362,73.8,3.41,sell,False,2022-11-09T14:37:27.433868+00:00
663,5388727275,73.8,3.49,sell,False,2022-11-09T14:37:26.893170+00:00
664,5388727161,73.8,3.53,sell,False,2022-11-09T14:37:26.363513+00:00
665,5388727089,73.8,2.96,sell,False,2022-11-09T14:37:25.824865+00:00
666,5388727031,73.8,2.6,sell,False,2022-11-09T14:37:25.286104+00:00
667,5388726948,73.8,2.68,sell,False,2022-11-09T14:37:24.685872+00:00
668,5388726858,73.8,2.69,sell,False,2022-11-09T14:37:24.112814+00:00
669,5388726749,73.8,3.34,sell,False,2022-11-09T14:37:23.488471+00:00
670,5388726654,73.8,3.36,sell,False,2022-11-09T14:37:22.791437+00:00
671,5388726580,73.8,2.96,sell,False,2022-11-09T14:37:22.256258+00:00
672,5388726392,73.8,2.79,sell,False,2022-11-09T14:37:21.724105+00:00
673,5388726329,73.8,3.06,sell,False,2022-11-09T14:37:21.186737+00:00
674,5388726234,73.8,3.69,sell,False,2022-11-09T14:37:20.645800+00:00
675,5388726051,73.8,2.82,sell,False,2022-11-09T14:37:20.112613+00:00
676,5388725997,73.8,2.58,sell,False,2022-11-09T14:37:19.575644+00:00
677,5388725915,73.8,2.59,sell,False,2022-11-09T14:37:19.038032+00:00
678,5388725816,73.8,2.38,sell,False,2022-11-09T14:37:18.506807+00:00
679,5388725774,73.8,2.44,sell,False,2022-11-09T14:37:17.974603+00:00
680,5388725714,73.8,2.67,sell,False,2022-11-09T14:37:17.438335+00:00
681,5388725637,73.8,2.89,sell,False,2022-11-09T14:37:16.817349+00:00
682,5388725588,73.8,2.8,sell,False,2022-11-09T14:37:16.210699+00:00
683,5388725425,73.8,2.55,sell,False,2022-11-09T14:37:15.673511+00:00
684,5388725258,73.8,2.76,sell,False,2022-11-09T14:37:15.142045+00:00
685,5388725189,73.8,2.47,sell,False,2022-11-09T14:37:14.607285+00:00
686,5388725125,73.8,2.39,sell,False,2022-11-09T14:37:14.072580+00:00
687,5388725041,73.8,3.45,sell,False,2022-11-09T14:37:13.532836+00:00
688,5388724984,73.8,3.32,sell,False,2022-11-09T14:37:13.000716+00:00
689,5388724839,73.8,2.98,sell,False,2022-11-09T14:37:12.462343+00:00
690,5388724737,73.8,2.64,sell,False,2022-11-09T14:37:11.821028+00:00
691,5388724674,73.8,2.5,sell,False,2022-11-09T14:37:11.268177+00:00
692,5388724636,73.8,2.55,sell,False,2022-11-09T14:37:10.709019+00:00
693,5388724496,73.8,2.93,sell,False,2022-11-09T14:37:09.801993+00:00
694,5388724488,73.8,3.02,sell,False,2022-11-09T14:37:09.631994+00:00
695,5388724439,73.8,3.2,sell,False,2022-11-09T14:37:09.270785+00:00
696,5388724348,73.8,2.89,sell,False,2022-11-09T14:37:08.732354+00:00
697,5388724243,73.8,3.5,sell,False,2022-11-09T14:37:08.191833+00:00
698,5388724169,73.8,3.13,sell,False,2022-11-09T14:37:07.653657+00:00
699,5388724121,73.8,2.75,sell,False,2022-11-09T14:37:07.114433+00:00
700,5388723908,73.8,2.61,sell,False,2022-11-09T14:37:06.449930+00:00
701,5388723695,73.8,2.72,sell,False,2022-11-09T14:37:05.893553+00:00
702,5388723560,73.8,2.9,sell,False,2022-11-09T14:37:05.363281+00:00
703,5388723462,73.8,3.55,sell,False,2022-11-09T14:37:04.827994+00:00
704,5388723379,73.8,3.58,sell,False,2022-11-09T14:37:04.294217+00:00
705,5388723270,73.8,3.65,sell,False,2022-11-09T14:37:03.759833+00:00
706,5388723150,73.8,4.52,sell,False,2022-11-09T14:37:03.231749+00:00
707,5388723067,73.8,3.71,sell,False,2022-11-09T14:37:02.699114+00:00
708,5388722995,73.8,3.95,sell,False,2022-11-09T14:37:02.156902+00:00
709,5388722923,73.8,4.33,sell,False,2022-11-09T14:37:01.625299+00:00
710,5388722840,73.8,3.14,sell,False,2022-11-09T14:37:01.094237+00:00
711,5388722755,73.8,3.59,sell,False,2022-11-09T14:37:00.542138+00:00
712,5388722562,73.8,3.15,sell,False,2022-11-09T14:37:00.003727+00:00
713,5388722473,73.8,3.41,sell,False,2022-11-09T14:36:59.465661+00:00
714,5388722390,73.8,2.97,sell,False,2022-11-09T14:36:58.922644+00:00
715,5388722325,73.8,3.25,sell,False,2022-11-09T14:36:58.282526+00:00
716,5388722194,73.8,3.2,sell,False,2022-11-09T14:36:57.744127+00:00
717,5388722107,73.8,2.89,sell,False,2022-11-09T14:36:57.207806+00:00
718,5388722056,73.8,3.25,sell,False,2022-11-09T14:36:56.674257+00:00
719,5388721991,73.8,3.97,sell,False,2022-11-09T14:36:56.093433+00:00
720,5388721889,73.8,3.94,sell,False,2022-11-09T14:36:55.563005+00:00
721,5388721786,73.8,2.81,sell,False,2022-11-09T14:36:55.033227+00:00
722,5388721703,73.8,2.56,sell,False,2022-11-09T14:36:54.503495+00:00
723,5388721639,73.8,3.1,sell,False,2022-11-09T14:36:53.969646+00:00
724,5388721561,73.8,3.53,sell,False,2022-11-09T14:36:53.435028+00:00
725,5388721478,73.8,3.6,sell,False,2022-11-09T14:36:52.906873+00:00
726,5388721409,73.8,3.25,sell,False,2022-11-09T14:36:52.364434+00:00
727,5388721327,73.8,3.96,sell,False,2022-11-09T14:36:51.825622+00:00
728,5388721275,73.8,3.78,sell,False,2022-11-09T14:36:51.288699+00:00
729,5388721185,73.8,3.81,sell,False,2022-11-09T14:36:50.668163+00:00
730,5388721095,73.8,3.61,sell,False,2022-11-09T14:36:50.139734+00:00
731,5388721017,73.8,3.92,sell,False,2022-11-09T14:36:49.596556+00:00
732,5388720964,73.8,3.0,sell,False,2022-11-09T14:36:49.055069+00:00
733,5388720822,73.8,3.43,sell,False,2022-11-09T14:36:48.457632+00:00
734,5388720674,73.8,3.91,sell,False,2022-11-09T14:36:47.924510+00:00
735,5388720633,73.8,4.11,sell,False,2022-11-09T14:36:47.388044+00:00
736,5388720519,73.8,3.62,sell,False,2022-11-09T14:36:46.782067+00:00
737,5388720476,73.8,3.53,sell,False,2022-11-09T14:36:46.240974+00:00
738,5388720320,73.8,3.81,sell,False,2022-11-09T14:36:45.707385+00:00
739,5388720133,73.8,3.66,sell,False,2022-11-09T14:36:45.171128+00:00
740,5388719998,73.8,3.68,sell,False,2022-11-09T14:36:44.631784+00:00
741,5388719929,73.8,3.43,sell,False,2022-11-09T14:36:44.086936+00:00
742,5388719843,73.8,3.53,sell,False,2022-11-09T14:36:43.553260+00:00
743,5388719763,73.8,3.02,sell,False,2022-11-09T14:36:43.012787+00:00
744,5388719619,73.8,2.96,sell,False,2022-11-09T14:36:42.385723+00:00
745,5388719563,73.8,2.92,sell,False,2022-11-09T14:36:41.857628+00:00
746,5388719487,73.8,3.82,sell,False,2022-11-09T14:36:41.318364+00:00
747,5388719437,73.8,3.85,sell,False,2022-11-09T14:36:40.781140+00:00
748,5388719382,73.8,3.35,sell,False,2022-11-09T14:36:40.208778+00:00
749,5388719339,73.8,3.88,sell,False,2022-11-09T14:36:39.680324+00:00
750,5388719288,73.8,3.75,sell,False,2022-11-09T14:36:39.147149+00:00
751,5388719135,73.8,3.06,sell,False,2022-11-09T14:36:38.613718+00:00
752,5388719065,73.8,2.37,sell,False,2022-11-09T14:36:38.080194+00:00
753,5388718994,73.8,3.26,sell,False,2022-11-09T14:36:37.551989+00:00
754,5388718925,73.8,2.88,sell,False,2022-11-09T14:36:37.020136+00:00
755,5388718843,73.8,3.54,sell,False,2022-11-09T14:36:36.295865+00:00
756,5388718756,73.8,2.93,sell,False,2022-11-09T14:36:35.749144+00:00
757,5388718622,73.8,2.7,sell,False,2022-11-09T14:36:35.219663+00:00
758,5388718523,73.8,2.5,sell,False,2022-11-09T14:36:34.662717+00:00
759,5388718434,73.8,2.82,sell,False,2022-11-09T14:36:34.123510+00:00
760,5388718332,73.8,2.46,sell,False,2022-11-09T14:36:33.588712+00:00
761,5388718154,73.8,2.42,sell,False,2022-11-09T14:36:33.045547+00:00
762,5388718047,73.8,3.14,sell,False,2022-11-09T14:36:32.351175+00:00
763,5388717933,73.8,3.67,sell,False,2022-11-09T14:36:31.820970+00:00
764,5388717832,73.8,5.27,sell,False,2022-11-09T14:36:31.284361+00:00
765,5388717522,73.8,3.72,sell,False,2022-11-09T14:36:30.753021+00:00
766,5388717357,73.8,4.63,sell,False,2022-11-09T14:36:30.222765+00:00
767,5388717158,73.8,4.12,sell,False,2022-11-09T14:36:29.687853+00:00
768,5388717013,73.8,3.45,sell,False,2022-11-09T14:36:29.146832+00:00
769,5388716813,73.8,3.93,sell,False,2022-11-09T14:36:28.456049+00:00
770,5388716757,73.8,3.47,sell,False,2022-11-09T14:36:27.921915+00:00
771,5388716667,73.8,3.44,sell,False,2022-11-09T14:36:27.379656+00:00
772,5388716573,73.8,3.52,sell,False,2022-11-09T14:36:26.823818+00:00
773,5388716428,73.8,3.37,sell,False,2022-11-09T14:36:26.185736+00:00
774,5388716372,73.8,3.4,sell,False,2022-11-09T14:36:25.593766+00:00
775,5388716285,73.8,3.23,sell,False,2022-11-09T14:36:25.063928+00:00
776,5388716192,73.8,4.25,sell,False,2022-11-09T14:36:24.520887+00:00
777,5388716136,73.8,3.71,sell,False,2022-11-09T14:36:23.985953+00:00
778,5388716046,73.8,3.57,sell,False,2022-11-09T14:36:23.450760+00:00
779,5388715972,73.8,4.28,sell,False,2022-11-09T14:36:22.783733+00:00
780,5388715854,73.8,3.73,sell,False,2022-11-09T14:36:22.246803+00:00
781,5388715762,73.8,3.97,sell,False,2022-11-09T14:36:21.705354+00:00
782,5388715657,73.8,3.93,sell,False,2022-11-09T14:36:21.168939+00:00
783,5388715582,73.8,4.13,sell,False,2022-11-09T14:36:20.636821+00:00
784,5388715480,73.8,3.47,sell,False,2022-11-09T14:36:20.106747+00:00
785,5388715255,73.8,4.21,sell,False,2022-11-09T14:36:19.572677+00:00
786,5388715172,73.8,3.49,sell,False,2022-11-09T14:36:19.042349+00:00
787,5388715108,73.8,3.71,sell,False,2022-11-09T14:36:18.505033+00:00
788,5388715043,73.8,4.07,sell,False,2022-11-09T14:36:17.970347+00:00
789,5388714979,73.8,4.12,sell,False,2022-11-09T14:36:17.437672+00:00
790,5388714868,73.8,3.7,sell,False,2022-11-09T14:36:16.892785+00:00
791,5388714738,73.8,3.45,sell,False,2022-11-09T14:36:16.356650+00:00
792,5388714679,73.8,3.91,sell,False,2022-11-09T14:36:15.826303+00:00
793,5388714553,73.8,4.43,sell,False,2022-11-09T14:36:15.292496+00:00
794,5388714471,73.8,4.09,sell,False,2022-11-09T14:36:14.691062+00:00
795,5388714396,73.8,3.72,sell,False,2022-11-09T14:36:14.155150+00:00
796,5388714187,73.8,4.39,sell,False,2022-11-09T14:36:13.622171+00:00
797,5388714048,73.8,4.25,sell,False,2022-11-09T14:36:13.085613+00:00
798,5388713939,73.8,3.49,sell,False,2022-11-09T14:36:12.553689+00:00
799,5388713775,73.8,4.15,sell,False,2022-11-09T14:36:11.943297+00:00
800,5388713692,73.8,3.74,sell,False,2022-11-09T14:36:11.415372+00:00
801,5388713562,73.8,4.69,sell,False,2022-11-09T14:36:10.826199+00:00
802,5388713388,73.8,2.78,sell,False,2022-11-09T14:36:10.291838+00:00
803,5388713219,73.8,2.8,sell,False,2022-11-09T14:36:09.763627+00:00
804,5388713095,73.8,3.61,sell,False,2022-11-09T14:36:09.218768+00:00
805,5388712880,73.8,3.67,sell,False,2022-11-09T14:36:08.622722+00:00
806,5388712782,73.8,4.54,sell,False,2022-11-09T14:36:08.077177+00:00
807,5388712707,73.8,4.74,sell,False,2022-11-09T14:36:07.545233+00:00
808,5388712633,73.8,4.23,sell,False,2022-11-09T14:36:07.015779+00:00
809,5388712565,73.8,4.66,sell,False,2022-11-09T14:36:06.473212+00:00
810,5388712386,73.8,4.09,sell,False,2022-11-09T14:36:05.938816+00:00
811,5388712243,73.8,2.28,sell,False,2022-11-09T14:36:05.122256+00:00
812,5388712110,73.8,2.53,sell,False,2022-11-09T14:36:04.531643+00:00
813,5388711973,73.8,3.04,sell,False,2022-11-09T14:36:03.996724+00:00
814,5388711843,73.8,2.96,sell,False,2022-11-09T14:36:03.457731+00:00
815,5388711725,73.8,3.52,sell,False,2022-11-09T14:36:02.918129+00:00
816,5388711660,73.8,6.94,sell,False,2022-11-09T14:36:02.381678+00:00
817,5388711454,73.8,4.85,sell,False,2022-11-09T14:36:01.849145+00:00
818,5388711309,73.8,5.8,sell,False,2022-11-09T14:36:01.305107+00:00
819,5388711160,73.8,4.61,sell,False,2022-11-09T14:36:00.763756+00:00
820,5388710757,73.8,3.45,sell,False,2022-11-09T14:36:00.230348+00:00
821,5388710602,73.8,4.84,sell,False,2022-11-09T14:35:59.658023+00:00
822,5388710470,73.8,5.15,sell,False,2022-11-09T14:35:59.126949+00:00
823,5388710339,73.8,4.09,sell,False,2022-11-09T14:35:58.582286+00:00
824,5388710247,73.8,3.84,sell,False,2022-11-09T14:35:58.054147+00:00
825,5388710119,73.8,4.05,sell,False,2022-11-09T14:35:57.523553+00:00
826,5388710022,73.8,3.86,sell,False,2022-11-09T14:35:56.982894+00:00
827,5388709936,73.8,4.27,sell,False,2022-11-09T14:35:56.359920+00:00
828,5388709795,73.8,4.45,sell,False,2022-11-09T14:35:55.831951+00:00
829,5388709662,73.8,4.67,sell,False,2022-11-09T14:35:55.301722+00:00
830,5388709567,73.8,4.91,sell,False,2022-11-09T14:35:54.766097+00:00
831,5388709451,73.8,6.17,sell,False,2022-11-09T14:35:54.217975+00:00
832,5388709321,73.8,3.49,sell,False,2022-11-09T14:35:53.595515+00:00
833,5388709184,73.8,3.84,sell,False,2022-11-09T14:35:53.060933+00:00
834,5388709023,73.8,3.86,sell,False,2022-11-09T14:35:52.474031+00:00
835,5388708876,73.8,3.57,sell,False,2022-11-09T14:35:51.894768+00:00
836,5388708426,73.8,3.7,sell,False,2022-11-09T14:35:51.355996+00:00
837,5388708138,73.8,3.41,sell,False,2022-11-09T14:35:50.821646+00:00
838,5388707955,73.8,3.99,sell,False,2022-11-09T14:35:50.284319+00:00
839,5388707779,73.8,4.01,sell,False,2022-11-09T14:35:49.748158+00:00
840,5388707660,73.8,4.04,sell,False,2022-11-09T14:35:49.209796+00:00
841,5388707528,73.8,3.92,sell,False,2022-11-09T14:35:48.665853+00:00
842,5388707355,73.8,4.28,sell,False,2022-11-09T14:35:48.097372+00:00
843,5388707269,73.8,3.8,sell,False,2022-11-09T14:35:47.562781+00:00
844,5388707165,73.8,3.74,sell,False,2022-11-09T14:35:47.014298+00:00
845,5388707062,73.8,3.97,sell,False,2022-11-09T14:35:46.408288+00:00
846,5388706935,73.8,4.02,sell,False,2022-11-09T14:35:45.877913+00:00
847,5388706797,73.8,4.0,sell,False,2022-11-09T14:35:45.348595+00:00
848,5388706695,73.8,3.67,sell,False,2022-11-09T14:35:44.809842+00:00
849,5388706632,73.8,3.04,sell,False,2022-11-09T14:35:44.278238+00:00
850,5388706525,73.8,3.6,sell,False,2022-11-09T14:35:43.743275+00:00
851,5388706443,73.8,3.83,sell,False,2022-11-09T14:35:43.212617+00:00
852,5388706222,73.8,3.9,sell,False,2022-11-09T14:35:42.675987+00:00
853,5388706171,73.8,3.8,sell,False,2022-11-09T14:35:42.141826+00:00
854,5388706123,73.8,3.76,sell,False,2022-11-09T14:35:41.599836+00:00
855,5388706061,73.8,4.32,sell,False,2022-11-09T14:35:41.066942+00:00
856,5388705955,73.8,3.59,sell,False,2022-11-09T14:35:40.532308+00:00
857,5388705846,73.8,4.0,sell,False,2022-11-09T14:35:40.000214+00:00
858,5388705740,73.8,3.75,sell,False,2022-11-09T14:35:39.334195+00:00
859,5388705657,73.8,3.88,sell,False,2022-11-09T14:35:38.793524+00:00
860,5388705534,73.8,3.56,sell,False,2022-11-09T14:35:38.267775+00:00
861,5388705409,73.8,3.68,sell,False,2022-11-09T14:35:37.737702+00:00
862,5388705192,73.8,3.87,sell,False,2022-11-09T14:35:37.207317+00:00
863,5388705088,73.8,3.43,sell,False,2022-11-09T14:35:36.576454+00:00
864,5388704899,73.8,3.9,sell,False,2022-11-09T14:35:35.936959+00:00
865,5388704771,73.8,5.34,sell,False,2022-11-09T14:35:35.407161+00:00
866,5388704520,73.8,3.6,sell,False,2022-11-09T14:35:34.813677+00:00
867,5388704352,73.8,2.79,sell,False,2022-11-09T14:35:34.240431+00:00
868,5388704238,73.8,2.77,sell,False,2022-11-09T14:35:33.700823+00:00
869,5388704053,73.8,3.76,sell,False,2022-11-09T14:35:33.169766+00:00
870,5388703951,73.8,4.66,sell,False,2022-11-09T14:35:32.633853+00:00
871,5388703814,73.8,4.24,sell,False,2022-11-09T14:35:32.099075+00:00
872,5388703694,73.8,4.74,sell,False,2022-11-09T14:35:31.554275+00:00
873,5388703599,73.8,4.09,sell,False,2022-11-09T14:35:31.019562+00:00
874,5388703185,73.8,3.76,sell,False,2022-11-09T14:35:30.441710+00:00
875,5388703050,73.8,3.5,sell,False,2022-11-09T14:35:29.897509+00:00
876,5388702831,73.8,3.86,sell,False,2022-11-09T14:35:29.366349+00:00
877,5388702684,73.8,3.8,sell,False,2022-11-09T14:35:28.834310+00:00
878,5388702616,73.8,3.68,sell,False,2022-11-09T14:35:28.290519+00:00
879,5388702529,73.8,3.2,sell,False,2022-11-09T14:35:27.758781+00:00
880,5388702446,73.8,3.89,sell,False,2022-11-09T14:35:27.226619+00:00
881,5388702310,73.8,4.38,sell,False,2022-11-09T14:35:26.698606+00:00
882,5388702154,73.8,4.09,sell,False,2022-11-09T14:35:26.162791+00:00
883,5388702047,73.8,3.48,sell,False,2022-11-09T14:35:25.476471+00:00
884,5388701931,73.8,3.42,sell,False,2022-11-09T14:35:24.945634+00:00
885,5388701752,73.8,3.63,sell,False,2022-11-09T14:35:24.413839+00:00
886,5388701553,73.8,2.83,sell,False,2022-11-09T14:35:23.883178+00:00
887,5388701421,73.8,4.05,sell,False,2022-11-09T14:35:23.351210+00:00
888,5388701340,73.8,4.1,sell,False,2022-11-09T14:35:22.802001+00:00
889,5388701271,73.8,3.89,sell,False,2022-11-09T14:35:22.271272+00:00
890,5388701199,73.8,3.8,sell,False,2022-11-09T14:35:21.731096+00:00
891,5388701080,73.8,3.35,sell,False,2022-11-09T14:35:21.193143+00:00
892,5388700882,73.8,4.85,sell,False,2022-11-09T14:35:20.658515+00:00
893,5388700700,73.8,3.61,sell,False,2022-11-09T14:35:20.116249+00:00
894,5388700574,73.8,3.77,sell,False,2022-11-09T14:35:19.584364+00:00
895,5388700320,73.8,4.43,sell,False,2022-11-09T14:35:19.050039+00:00
896,5388699592,73.8,4.55,sell,False,2022-11-09T14:35:18.515128+00:00
897,5388699383,73.8,3.63,sell,False,2022-11-09T14:35:17.984882+00:00
898,5388699252,73.8,3.74,sell,False,2022-11-09T14:35:17.354690+00:00
899,5388699104,73.8,4.01,sell,False,2022-11-09T14:35:16.814361+00:00
900,5388698886,73.8,4.24,sell,False,2022-11-09T14:35:16.260390+00:00
901,5388698690,73.8,3.11,sell,False,2022-11-09T14:35:15.704928+00:00
902,5388698583,73.8,2.39,sell,False,2022-11-09T14:35:15.171357+00:00
903,5388698384,73.8,2.56,sell,False,2022-11-09T14:35:14.645684+00:00
904,5388698234,73.8,2.72,sell,False,2022-11-09T14:35:14.094648+00:00
905,5388698048,73.8,4.84,sell,False,2022-11-09T14:35:13.557741+00:00
906,5388697849,73.8,4.55,sell,False,2022-11-09T14:35:13.021680+00:00
907,5388697632,73.8,4.27,sell,False,2022-11-09T14:35:12.486778+00:00
908,5388697218,73.8,3.69,sell,False,2022-11-09T14:35:11.873357+00:00
909,5388696905,73.8,3.7,sell,False,2022-11-09T14:35:11.251050+00:00
910,5388696412,73.8,2.75,sell,False,2022-11-09T14:35:10.711256+00:00
911,5388696070,73.8,2.69,sell,False,2022-11-09T14:35:10.173255+00:00
912,5388695863,73.8,2.92,sell,False,2022-11-09T14:35:09.632707+00:00
913,5388695703,73.8,3.4,sell,False,2022-11-09T14:35:09.077074+00:00
914,5388695502,73.8,3.03,sell,False,2022-11-09T14:35:08.505566+00:00
915,5388695375,73.8,3.03,sell,False,2022-11-09T14:35:07.976331+00:00
916,5388695179,73.8,3.45,sell,False,2022-11-09T14:35:07.371026+00:00
917,5388695078,73.8,3.17,sell,False,2022-11-09T14:35:06.837661+00:00
918,5388694981,73.8,3.28,sell,False,2022-11-09T14:35:06.253641+00:00
919,5388694860,73.8,2.3,sell,False,2022-11-09T14:35:05.713141+00:00
920,5388694428,73.8,108.9,sell,False,2022-11-09T14:35:03.099316+00:00
921,5388694358,73.7,0.5,buy,False,2022-11-09T14:35:02.801940+00:00
922,5388694357,73.63,0.5,buy,False,2022-11-09T14:35:02.801940+00:00
923,5388694313,73.5,54.91,sell,False,2022-11-09T14:35:02.529770+00:00
924,5388281030,73.645,0.52,buy,False,2022-11-09T13:57:47.807316+00:00
925,5385280556,73.285,0.38,sell,False,2022-11-09T10:27:15.190735+00:00
926,5385280555,73.29,0.21,sell,False,2022-11-09T10:27:15.190735+00:00
927,5384134409,73.6,0.5,buy,False,2022-11-09T09:24:06.427392+00:00
928,5384009564,73.285,0.09,sell,False,2022-11-09T09:18:01.173786+00:00
929,5384009563,73.4,0.01,sell,False,2022-11-09T09:18:01.173786+00:00
930,5383822877,73.41,4.8,buy,False,2022-11-09T09:08:23.754056+00:00
931,5383822665,73.41,3.06,buy,False,2022-11-09T09:08:23.196936+00:00
932,5383822360,73.41,3.03,buy,False,2022-11-09T09:08:22.658230+00:00
933,5382973855,73.425,7.65,sell,False,2022-11-09T08:06:24.032312+00:00
934,5382586524,73.5,0.11,buy,False,2022-11-09T07:38:24.479757+00:00
935,5381058581,73.45,1.85,buy,False,2022-11-09T05:33:26.554837+00:00
936,5381058288,73.45,2.52,buy,False,2022-11-09T05:33:25.645611+00:00
937,5381057759,73.45,2.69,buy,False,2022-11-09T05:33:24.741683+00:00
938,5381057517,73.45,2.56,buy,False,2022-11-09T05:33:24.166612+00:00
939,5381057311,73.45,2.62,buy,False,2022-11-09T05:33:23.363498+00:00
940,5381057173,73.45,2.73,buy,False,2022-11-09T05:33:22.822062+00:00
941,5381056957,73.45,2.75,buy,False,2022-11-09T05:33:22.290647+00:00
942,5381056825,73.45,2.44,buy,False,2022-11-09T05:33:21.753304+00:00
943,5381056631,73.45,2.51,buy,False,2022-11-09T05:33:21.213123+00:00
944,5381056353,73.45,2.65,buy,False,2022-11-09T05:33:20.538868+00:00
945,5381056249,73.45,2.72,buy,False,2022-11-09T05:33:19.998157+00:00
946,5381056130,73.45,2.97,buy,False,2022-11-09T05:33:19.456650+00:00
947,5381056027,73.45,2.83,buy,False,2022-11-09T05:33:18.912591+00:00
948,5381055891,73.45,3.09,buy,False,2022-11-09T05:33:18.372988+00:00
949,5381055762,73.45,2.84,buy,False,2022-11-09T05:33:17.831774+00:00
950,5381055637,73.45,2.81,buy,False,2022-11-09T05:33:17.290808+00:00
951,5381055532,73.45,3.23,buy,False,2022-11-09T05:33:16.748017+00:00
952,5381055442,73.45,3.07,buy,False,2022-11-09T05:33:16.207861+00:00
953,5381055350,73.45,2.36,buy,False,2022-11-09T05:33:15.675986+00:00
954,5381055212,73.45,2.44,buy,False,2022-11-09T05:33:15.138785+00:00
955,5381055061,73.45,2.65,buy,False,2022-11-09T05:33:14.601938+00:00
956,5381054908,73.45,2.26,buy,False,2022-11-09T05:33:14.049588+00:00
957,5381054704,73.45,2.37,buy,False,2022-11-09T05:33:13.510272+00:00
958,5381054568,73.45,2.48,buy,False,2022-11-09T05:33:12.896061+00:00
959,5381054223,73.45,2.68,buy,False,2022-11-09T05:33:12.359105+00:00
960,5381053801,73.45,2.25,buy,False,2022-11-09T05:33:11.821104+00:00
961,5381053262,73.465,5.65,sell,False,2022-11-09T05:33:09.766656+00:00
962,5380651112,73.975,0.01,buy,False,2022-11-09T05:02:01.925961+00:00
963,5379998040,73.99,0.2,buy,False,2022-11-09T03:58:58.790548+00:00
964,5377812358,73.7,1.0,buy,False,2022-11-09T00:34:34.148266+00:00
965,5377793713,73.78,3.54,sell,False,2022-11-09T00:32:59.392860+00:00
966,5376665520,73.55,1.13,sell,False,2022-11-08T23:07:34.785707+00:00
967,5376379019,73.5,3.17,buy,False,2022-11-08T22:48:07.607775+00:00
968,5376378938,73.5,2.96,buy,False,2022-11-08T22:48:07.015179+00:00
969,5376378881,73.5,3.01,buy,False,2022-11-08T22:48:06.475027+00:00
970,5376093895,73.5,1.96,sell,False,2022-11-08T22:21:29.048965+00:00
971,5376093894,73.56,0.03,sell,False,2022-11-08T22:21:29.048965+00:00
972,5376093893,73.8,0.01,sell,False,2022-11-08T22:21:29.048965+00:00
973,5374888262,73.87,3.06,sell,False,2022-11-08T21:07:50.234328+00:00
974,5374888142,73.87,3.02,sell,False,2022-11-08T21:07:49.598968+00:00
975,5374888141,74.005,3.23,sell,False,2022-11-08T21:07:49.598968+00:00
976,5374887875,74.005,3.19,sell,False,2022-11-08T21:07:47.535675+00:00
977,5374887481,74.005,6.52,sell,False,2022-11-08T21:07:45.566112+00:00
978,5374886879,74.005,1.51,sell,False,2022-11-08T21:07:43.715142+00:00
979,5374886878,74.07,1.7,sell,False,2022-11-08T21:07:43.715142+00:00
980,5374886545,74.07,4.02,sell,False,2022-11-08T21:07:42.138780+00:00
981,5374403949,74.105,120.0,sell,False,2022-11-08T20:40:47.626610+00:00
982,5374268210,74.16,6.61,sell,False,2022-11-08T20:33:31.411783+00:00
983,5372805204,73.995,0.02,buy,False,2022-11-08T19:41:49.002925+00:00
984,5372663115,73.79,0.09,sell,False,2022-11-08T19:38:17.364814+00:00
985,5372109164,73.695,0.58,sell,False,2022-11-08T19:29:42.068944+00:00
986,5372109163,74.2,0.01,sell,False,2022-11-08T19:29:42.068944+00:00
987,5371715513,74.58,0.01,buy,False,2022-11-08T19:23:07.123816+00:00
988,5371623341,74.58,0.39,buy,False,2022-11-08T19:20:53.350172+00:00
989,5371557592,74.58,0.01,buy,False,2022-11-08T19:17:56.504738+00:00
990,5371542503,74.58,0.01,buy,False,2022-11-08T19:17:16.605197+00:00
991,5371334566,74.095,8.84,sell,False,2022-11-08T19:11:07.239639+00:00
992,5371164388,73.415,0.02,buy,False,2022-11-08T19:05:04.578773+00:00
993,5371154414,72.25,0.02,buy,False,2022-11-08T19:04:39.937759+00:00
994,5371154413,72.155,55.48,buy,False,2022-11-08T19:04:39.937759+00:00
995,5371049863,72.155,0.2,buy,False,2022-11-08T19:00:53.359875+00:00
996,5371047902,72.92,0.19,sell,False,2022-11-08T19:00:49.201086+00:00
997,5371047901,73.155,1.21,sell,False,2022-11-08T19:00:49.201086+00:00
998,5370137637,73.195,0.08,buy,False,2022-11-08T18:32:39.406664+00:00
999,5370137600,73.195,0.18,buy,False,2022-11-08T18:32:39.374740+00:00
1000,5370136025,73.195,5.09,buy,False,2022-11-08T18:32:37.921488+00:00
1001,5370135619,73.195,5.49,buy,False,2022-11-08T18:32:37.264236+00:00
1002,5370135039,73.195,5.89,buy,False,2022-11-08T18:32:36.734197+00:00
1003,5370134730,73.195,5.73,buy,False,2022-11-08T18:32:36.198913+00:00
1004,5370134302,73.195,5.41,buy,False,2022-11-08T18:32:35.666026+00:00
1005,5370133922,73.195,5.11,buy,False,2022-11-08T18:32:35.129896+00:00
1006,5370133500,73.195,4.73,buy,False,2022-11-08T18:32:34.458449+00:00
1007,5370133182,73.195,5.6,buy,False,2022-11-08T18:32:33.918850+00:00
1008,5370132704,73.945,0.17,sell,False,2022-11-08T18:32:33.516065+00:00
1009,5370121498,73.195,43.33,sell,False,2022-11-08T18:32:12.730737+00:00
1010,5370121497,74.41,0.14,sell,False,2022-11-08T18:32:12.730737+00:00
1011,5369877770,73.995,0.02,buy,False,2022-11-08T18:25:15.004260+00:00
1012,5369871673,73.355,5.46,sell,False,2022-11-08T18:25:07.005804+00:00
1013,5369870245,73.4,10.16,buy,False,2022-11-08T18:25:04.029958+00:00
1014,5369869598,73.4,2.31,buy,False,2022-11-08T18:25:02.872944+00:00
1015,5369868581,73.4,2.64,buy,False,2022-11-08T18:25:01.318373+00:00
1016,5369866511,73.4,17.41,buy,False,2022-11-08T18:24:57.429782+00:00
1017,5369863499,73.4,16.14,buy,False,2022-11-08T18:24:52.639466+00:00
1018,5369861997,73.4,10.29,buy,False,2022-11-08T18:24:49.673588+00:00
1019,5369860142,73.4,8.24,buy,False,2022-11-08T18:24:46.937605+00:00
1020,5369858700,73.4,8.59,buy,False,2022-11-08T18:24:44.271595+00:00
1021,5369857564,73.4,0.15,buy,False,2022-11-08T18:24:42.444014+00:00
1022,5369857558,73.4,5.47,buy,False,2022-11-08T18:24:42.420968+00:00
1023,5369856583,73.4,6.61,buy,False,2022-11-08T18:24:40.335370+00:00
1024,5369855487,73.4,4.58,buy,False,2022-11-08T18:24:38.832575+00:00
1025,5369854196,73.4,4.45,buy,False,2022-11-08T18:24:37.376254+00:00
1026,5369853063,73.4,5.66,buy,False,2022-11-08T18:24:35.542097+00:00
1027,5369852538,73.4,3.25,buy,False,2022-11-08T18:24:34.451692+00:00
1028,5369851782,73.4,3.12,buy,False,2022-11-08T18:24:33.179070+00:00
1029,5369851016,73.4,3.21,buy,False,2022-11-08T18:24:32.239671+00:00
1030,5369849340,73.4,3.66,buy,False,2022-11-08T18:24:31.161598+00:00
1031,5369848478,73.4,3.4,buy,False,2022-11-08T18:24:30.620021+00:00
1032,5369848148,73.4,3.45,buy,False,2022-11-08T18:24:30.083055+00:00
1033,5369847669,73.4,3.2,buy,False,2022-11-08T18:24:29.535433+00:00
1034,5369847388,73.4,2.58,buy,False,2022-11-08T18:24:28.999992+00:00
1035,5369846974,73.4,2.66,buy,False,2022-11-08T18:24:28.467106+00:00
1036,5369846208,73.4,2.89,buy,False,2022-11-08T18:24:27.934827+00:00
1037,5369845925,73.4,3.48,buy,False,2022-11-08T18:24:27.402333+00:00
1038,5369845711,73.4,3.36,buy,False,2022-11-08T18:24:26.867007+00:00
1039,5369845421,73.4,3.28,buy,False,2022-11-08T18:24:26.331820+00:00
1040,5369845135,73.4,3.08,buy,False,2022-11-08T18:24:25.749158+00:00
1041,5369844793,73.4,2.36,buy,False,2022-11-08T18:24:25.215909+00:00
1042,5369844422,73.4,2.63,buy,False,2022-11-08T18:24:24.553282+00:00
1043,5369844207,73.4,2.77,buy,False,2022-11-08T18:24:24.015254+00:00
1044,5369843910,73.4,2.96,buy,False,2022-11-08T18:24:23.480164+00:00
1045,5369818453,73.5,17.69,buy,False,2022-11-08T18:23:48.668089+00:00
1046,5369818420,73.575,143.8,sell,False,2022-11-08T18:23:48.584343+00:00
1047,5369755246,73.955,0.06,sell,False,2022-11-08T18:22:41.677642+00:00
1048,5369755245,73.99,20.0,sell,False,2022-11-08T18:22:41.677642+00:00
1049,5369705680,74.35,0.57,sell,False,2022-11-08T18:21:58.043073+00:00
1050,5369705679,74.355,3.78,sell,False,2022-11-08T18:21:58.043073+00:00
1051,5369705678,74.655,0.03,sell,False,2022-11-08T18:21:58.043073+00:00
1052,5369705677,75.25,0.03,sell,False,2022-11-08T18:21:58.043073+00:00
1053,5369228585,75.25,0.11,sell,False,2022-11-08T18:12:04.140695+00:00
1054,5369228584,75.305,0.03,sell,False,2022-11-08T18:12:04.140695+00:00
1055,5368501585,75.595,1.75,sell,False,2022-11-08T17:57:00.498122+00:00
1056,5368493171,75.6,8.04,sell,False,2022-11-08T17:56:47.059897+00:00
1057,5368485551,75.59,4.5,sell,False,2022-11-08T17:56:33.880698+00:00
1058,5368481270,75.59,6.03,sell,False,2022-11-08T17:56:27.087804+00:00
1059,5368477113,75.585,4.81,sell,False,2022-11-08T17:56:20.380827+00:00
1060,5368472774,75.575,7.9,sell,False,2022-11-08T17:56:13.931743+00:00
1061,5368467148,75.565,7.07,sell,False,2022-11-08T17:56:07.025989+00:00
1062,5368457032,75.565,6.03,sell,False,2022-11-08T17:55:53.651258+00:00
1063,5368452745,75.555,5.34,sell,False,2022-11-08T17:55:46.978376+00:00
1064,5368448573,75.545,5.45,sell,False,2022-11-08T17:55:40.348021+00:00
1065,5368443964,75.535,4.31,sell,False,2022-11-08T17:55:33.653665+00:00
1066,5368439899,75.57,5.19,sell,False,2022-11-08T17:55:27.107360+00:00
1067,5368417507,75.51,100.0,sell,False,2022-11-08T17:54:59.931816+00:00
1068,5368417506,75.51,61.99,sell,False,2022-11-08T17:54:59.930884+00:00
1069,5368415251,75.51,8.67,sell,False,2022-11-08T17:54:57.799672+00:00
1070,5368411826,75.585,7.82,sell,False,2022-11-08T17:54:53.693069+00:00
1071,5368400641,75.59,5.58,sell,False,2022-11-08T17:54:40.395637+00:00
1072,5368374647,75.59,4.39,sell,False,2022-11-08T17:54:17.495702+00:00
1073,5368361660,75.595,8.18,sell,False,2022-11-08T17:54:04.737741+00:00
1074,5368354139,75.58,0.21,buy,False,2022-11-08T17:53:57.655075+00:00
1075,5368354138,75.57,3.04,buy,False,2022-11-08T17:53:57.655075+00:00
1076,5368352315,75.57,3.18,buy,False,2022-11-08T17:53:56.433661+00:00
1077,5368350941,75.57,2.9,buy,False,2022-11-08T17:53:55.546443+00:00
1078,5368349488,75.57,3.16,buy,False,2022-11-08T17:53:54.520861+00:00
1079,5368347525,75.57,3.02,buy,False,2022-11-08T17:53:53.516009+00:00
1080,5368346075,75.57,3.11,buy,False,2022-11-08T17:53:52.251094+00:00
1081,5368345031,75.57,3.06,buy,False,2022-11-08T17:53:51.344359+00:00
1082,5368343539,75.57,2.85,buy,False,2022-11-08T17:53:50.462488+00:00
1083,5368342410,75.57,2.82,buy,False,2022-11-08T17:53:49.342958+00:00
1084,5368341606,75.57,3.22,buy,False,2022-11-08T17:53:48.422122+00:00
1085,5368340271,75.57,2.7,buy,False,2022-11-08T17:53:47.437546+00:00
1086,5368339091,75.57,3.22,buy,False,2022-11-08T17:53:46.248774+00:00
1087,5368337904,75.57,2.79,buy,False,2022-11-08T17:53:45.340718+00:00
1088,5368336638,75.57,3.01,buy,False,2022-11-08T17:53:44.228292+00:00
1089,5368335344,75.57,2.93,buy,False,2022-11-08T17:53:43.253298+00:00
1090,5368334624,75.57,2.66,buy,False,2022-11-08T17:53:42.340190+00:00
1091,5368333896,75.57,2.55,buy,False,2022-11-08T17:53:41.452751+00:00
1092,5368333176,75.57,2.8,buy,False,2022-11-08T17:53:40.547965+00:00
1093,5368332457,75.57,2.59,buy,False,2022-11-08T17:53:39.634050+00:00
1094,5368331814,75.57,2.83,buy,False,2022-11-08T17:53:38.744092+00:00
1095,5368331233,75.57,2.71,buy,False,2022-11-08T17:53:37.845226+00:00
1096,5368330279,75.57,2.43,buy,False,2022-11-08T17:53:36.947582+00:00
1097,5368329856,75.57,3.0,buy,False,2022-11-08T17:53:36.043790+00:00
1098,5368328735,75.57,3.02,buy,False,2022-11-08T17:53:34.846653+00:00
1099,5368328361,75.57,2.91,buy,False,2022-11-08T17:53:34.048827+00:00
1100,5368327808,75.57,2.76,buy,False,2022-11-08T17:53:33.048717+00:00
1101,5368326527,75.565,4.96,sell,False,2022-11-08T17:53:30.893730+00:00
1102,5368326368,75.57,2.89,buy,False,2022-11-08T17:53:30.657430+00:00
1103,5368325672,75.57,2.31,buy,False,2022-11-08T17:53:29.757838+00:00
1104,5368325020,75.57,2.5,buy,False,2022-11-08T17:53:28.839594+00:00
1105,5368324349,75.57,2.79,buy,False,2022-11-08T17:53:28.016029+00:00
1106,5368323418,75.57,2.75,buy,False,2022-11-08T17:53:27.046502+00:00
1107,5368322801,75.57,2.75,buy,False,2022-11-08T17:53:26.155272+00:00
1108,5368321999,75.57,2.39,buy,False,2022-11-08T17:53:25.253054+00:00
1109,5368321314,75.57,2.68,buy,False,2022-11-08T17:53:24.364639+00:00
1110,5368319992,75.57,2.43,buy,False,2022-11-08T17:53:22.757347+00:00
1111,5368319505,75.57,2.8,buy,False,2022-11-08T17:53:22.211168+00:00
1112,5368319032,75.57,2.65,buy,False,2022-11-08T17:53:21.672719+00:00
1113,5368318259,75.57,2.31,buy,False,2022-11-08T17:53:21.050626+00:00
1114,5368316732,75.57,2.36,buy,False,2022-11-08T17:53:20.140965+00:00
1115,5368315807,75.57,2.39,buy,False,2022-11-08T17:53:19.341508+00:00
1116,5368315268,75.57,2.62,buy,False,2022-11-08T17:53:18.345045+00:00
1117,5368314750,75.57,2.31,buy,False,2022-11-08T17:53:17.749039+00:00
1118,5368314232,75.57,2.44,buy,False,2022-11-08T17:53:16.850651+00:00
1119,5368313702,75.57,2.67,buy,False,2022-11-08T17:53:15.964666+00:00
1120,5368313233,75.57,2.62,buy,False,2022-11-08T17:53:15.242999+00:00
1121,5368312260,75.57,2.39,buy,False,2022-11-08T17:53:14.176965+00:00
1122,5368311390,75.57,2.42,buy,False,2022-11-08T17:53:13.249118+00:00
1123,5368310990,75.57,2.58,buy,False,2022-11-08T17:53:12.422237+00:00
1124,5368310369,75.57,2.8,buy,False,2022-11-08T17:53:11.442898+00:00
1125,5368309876,75.57,2.6,buy,False,2022-11-08T17:53:10.538823+00:00
1126,5368309479,75.57,2.38,buy,False,2022-11-08T17:53:09.935812+00:00
1127,5368308984,75.57,2.33,buy,False,2022-11-08T17:53:09.047365+00:00
1128,5368308276,75.57,2.48,buy,False,2022-11-08T17:53:08.138138+00:00
1129,5368307726,75.57,2.47,buy,False,2022-11-08T17:53:07.231649+00:00
1130,5368307371,75.57,2.29,buy,False,2022-11-08T17:53:06.641439+00:00
1131,5368305168,75.565,5.66,sell,False,2022-11-08T17:53:04.141710+00:00
1132,5368305061,75.57,2.62,buy,False,2022-11-08T17:53:04.029844+00:00
1133,5368304308,75.57,2.29,buy,False,2022-11-08T17:53:03.427737+00:00
1134,5368303609,75.57,2.4,buy,False,2022-11-08T17:53:02.889432+00:00
1135,5368302906,75.57,2.42,buy,False,2022-11-08T17:53:02.343976+00:00
1136,5368302449,75.57,2.45,buy,False,2022-11-08T17:53:01.793753+00:00
1137,5368301829,75.57,2.72,buy,False,2022-11-08T17:53:01.247523+00:00
1138,5368301271,75.57,2.67,buy,False,2022-11-08T17:53:00.705851+00:00
1139,5368300649,75.57,2.46,buy,False,2022-11-08T17:53:00.164744+00:00
1140,5368300054,75.57,2.49,buy,False,2022-11-08T17:52:59.632069+00:00
1141,5368299542,75.57,2.67,buy,False,2022-11-08T17:52:59.083762+00:00
1142,5368299085,75.57,2.59,buy,False,2022-11-08T17:52:58.546680+00:00
1143,5368298540,75.57,2.39,buy,False,2022-11-08T17:52:58.007740+00:00
1144,5368298033,75.57,2.66,buy,False,2022-11-08T17:52:57.455987+00:00
1145,5368297563,75.57,2.61,buy,False,2022-11-08T17:52:56.920391+00:00
1146,5368297144,75.57,2.37,buy,False,2022-11-08T17:52:56.372205+00:00
1147,5368296210,75.57,2.31,buy,False,2022-11-08T17:52:55.836836+00:00
1148,5368295631,75.57,2.36,buy,False,2022-11-08T17:52:55.274253+00:00
1149,5368294322,75.57,2.58,buy,False,2022-11-08T17:52:52.955713+00:00
1150,5368292670,75.565,5.77,sell,False,2022-11-08T17:52:50.825405+00:00
1151,5368285348,75.555,7.17,sell,False,2022-11-08T17:52:44.110874+00:00
1152,5368279928,75.54,7.15,sell,False,2022-11-08T17:52:37.404410+00:00
1153,5368264337,75.51,144.98,sell,False,2022-11-08T17:52:12.732569+00:00
1154,5368264336,75.565,6.3,sell,False,2022-11-08T17:52:12.732569+00:00
1155,5368260440,75.57,2.69,buy,False,2022-11-08T17:52:06.361890+00:00
1156,5368259433,75.57,2.49,buy,False,2022-11-08T17:52:05.448849+00:00
1157,5368258825,75.57,2.36,buy,False,2022-11-08T17:52:04.573277+00:00
1158,5368258467,75.57,2.28,buy,False,2022-11-08T17:52:03.946375+00:00
1159,5368257765,75.57,2.5,buy,False,2022-11-08T17:52:03.109443+00:00
1160,5368257202,75.57,2.37,buy,False,2022-11-08T17:52:02.172251+00:00
1161,5368256622,75.57,2.5,buy,False,2022-11-08T17:52:01.256066+00:00
1162,5368256149,75.57,2.42,buy,False,2022-11-08T17:52:00.667127+00:00
1163,5368255104,75.57,2.6,buy,False,2022-11-08T17:51:59.769025+00:00
1164,5368254623,75.57,2.28,buy,False,2022-11-08T17:51:58.954430+00:00
1165,5368253762,75.57,2.69,buy,False,2022-11-08T17:51:57.956316+00:00
1166,5368253030,75.57,2.76,buy,False,2022-11-08T17:51:57.074139+00:00
1167,5368252070,75.57,2.73,buy,False,2022-11-08T17:51:56.139954+00:00
1168,5368251185,75.57,2.44,buy,False,2022-11-08T17:51:55.321960+00:00
1169,5368250459,75.57,2.65,buy,False,2022-11-08T17:51:54.644256+00:00
1170,5368249295,75.57,2.3,buy,False,2022-11-08T17:51:53.435950+00:00
1171,5368248546,75.57,2.68,buy,False,2022-11-08T17:51:52.555040+00:00
1172,5368247837,75.57,2.64,buy,False,2022-11-08T17:51:51.931679+00:00
1173,5368246843,75.57,2.34,buy,False,2022-11-08T17:51:51.048882+00:00
1174,5368246382,75.57,2.45,buy,False,2022-11-08T17:51:50.129031+00:00
1175,5368246019,75.57,2.31,buy,False,2022-11-08T17:51:49.404055+00:00
1176,5368245030,75.57,2.54,buy,False,2022-11-08T17:51:47.965857+00:00
1177,5368244751,75.57,2.46,buy,False,2022-11-08T17:51:47.401453+00:00
1178,5368244533,75.57,2.46,buy,False,2022-11-08T17:51:46.861707+00:00
1179,5368243293,75.57,2.64,buy,False,2022-11-08T17:51:45.979051+00:00
1180,5368242842,75.57,2.52,buy,False,2022-11-08T17:51:45.065674+00:00
1181,5368242346,75.57,2.43,buy,False,2022-11-08T17:51:44.139314+00:00
1182,5368242041,75.57,3.03,buy,False,2022-11-08T17:51:43.282117+00:00
1183,5368241809,75.57,2.8,buy,False,2022-11-08T17:51:42.346957+00:00
1184,5368241214,75.57,2.9,buy,False,2022-11-08T17:51:41.137343+00:00
1185,5368240928,75.57,3.22,buy,False,2022-11-08T17:51:40.232320+00:00
1186,5368240392,75.57,2.92,buy,False,2022-11-08T17:51:39.050674+00:00
1187,5368240015,75.57,2.96,buy,False,2022-11-08T17:51:38.151169+00:00
1188,5368239470,75.57,2.97,buy,False,2022-11-08T17:51:37.251561+00:00
1189,5368239011,75.57,3.02,buy,False,2022-11-08T17:51:36.044130+00:00
1190,5368238640,75.57,2.67,buy,False,2022-11-08T17:51:35.151258+00:00
1191,5368238335,75.57,2.62,buy,False,2022-11-08T17:51:34.250875+00:00
1192,5368238156,75.57,2.49,buy,False,2022-11-08T17:51:33.655153+00:00
1193,5368237568,75.57,2.79,buy,False,2022-11-08T17:51:32.440973+00:00
1194,5368237183,75.57,2.67,buy,False,2022-11-08T17:51:31.542826+00:00
1195,5368236929,75.57,2.8,buy,False,2022-11-08T17:51:30.892195+00:00
1196,5368236048,75.57,2.99,buy,False,2022-11-08T17:51:29.681104+00:00
1197,5368235706,75.57,3.01,buy,False,2022-11-08T17:51:28.840088+00:00
1198,5368235399,75.57,2.67,buy,False,2022-11-08T17:51:27.882101+00:00
1199,5368235119,75.57,2.67,buy,False,2022-11-08T17:51:26.974831+00:00
1200,5368233704,75.565,7.4,sell,False,2022-11-08T17:51:23.823612+00:00
1201,5368233670,75.57,2.46,buy,False,2022-11-08T17:51:23.672907+00:00
1202,5368233154,75.57,2.32,buy,False,2022-11-08T17:51:23.055996+00:00
1203,5368232640,75.57,2.3,buy,False,2022-11-08T17:51:22.241670+00:00
1204,5368232325,75.57,2.67,buy,False,2022-11-08T17:51:21.346840+00:00
1205,5368231905,75.57,2.42,buy,False,2022-11-08T17:51:20.368784+00:00
1206,5368231275,75.57,2.55,buy,False,2022-11-08T17:51:19.501610+00:00
1207,5368230893,75.57,2.51,buy,False,2022-11-08T17:51:18.964841+00:00
1208,5368230358,75.57,3.01,buy,False,2022-11-08T17:51:17.666241+00:00
1209,5368229675,75.57,2.58,buy,False,2022-11-08T17:51:16.940630+00:00
1210,5368229288,75.57,3.08,buy,False,2022-11-08T17:51:15.981695+00:00
1211,5368228742,75.57,2.57,buy,False,2022-11-08T17:51:14.977394+00:00
1212,5368228188,75.57,2.84,buy,False,2022-11-08T17:51:14.162241+00:00
1213,5368227797,75.57,2.57,buy,False,2022-11-08T17:51:13.164593+00:00
1214,5368227304,75.57,2.63,buy,False,2022-11-08T17:51:12.280292+00:00
1215,5368226962,75.57,2.8,buy,False,2022-11-08T17:51:11.066681+00:00
1216,5368226694,75.57,2.93,buy,False,2022-11-08T17:51:10.168706+00:00
1217,5368226506,75.57,2.93,buy,False,2022-11-08T17:51:09.263338+00:00
1218,5368226183,75.57,3.29,buy,False,2022-11-08T17:51:08.063316+00:00
1219,5368225896,75.57,3.08,buy,False,2022-11-08T17:51:07.212871+00:00
1220,5368225570,75.57,2.9,buy,False,2022-11-08T17:51:05.969662+00:00
1221,5368225417,75.57,3.08,buy,False,2022-11-08T17:51:05.057937+00:00
1222,5368225210,75.57,3.39,buy,False,2022-11-08T17:51:03.855686+00:00
1223,5368223408,75.57,3.79,buy,False,2022-11-08T17:51:00.093170+00:00
1224,5368223194,75.57,3.9,buy,False,2022-11-08T17:50:59.550783+00:00
1225,5368223043,75.57,3.77,buy,False,2022-11-08T17:50:59.015242+00:00
1226,5368222819,75.57,3.63,buy,False,2022-11-08T17:50:58.472462+00:00
1227,5368222282,75.57,3.64,buy,False,2022-11-08T17:50:56.759708+00:00
1228,5368222148,75.57,3.67,buy,False,2022-11-08T17:50:56.229189+00:00
1229,5368221908,75.57,3.44,buy,False,2022-11-08T17:50:55.695790+00:00
1230,5368221700,75.57,3.22,buy,False,2022-11-08T17:50:55.162252+00:00
1231,5368221298,75.57,3.26,buy,False,2022-11-08T17:50:54.018363+00:00
1232,5368220460,75.57,3.88,buy,False,2022-11-08T17:50:52.115767+00:00
1233,5368220284,75.57,3.62,buy,False,2022-11-08T17:50:51.582028+00:00
1234,5368219743,75.57,3.21,buy,False,2022-11-08T17:50:50.418857+00:00
1235,5368219426,75.57,2.63,buy,False,2022-11-08T17:50:49.474108+00:00
1236,5368218943,75.57,3.21,buy,False,2022-11-08T17:50:48.270967+00:00
1237,5368218660,75.57,3.22,buy,False,2022-11-08T17:50:47.379556+00:00
1238,5368218183,75.57,3.02,buy,False,2022-11-08T17:50:46.164981+00:00
1239,5368218010,75.57,2.82,buy,False,2022-11-08T17:50:45.267711+00:00
1240,5368217657,75.57,3.85,buy,False,2022-11-08T17:50:44.175265+00:00
1241,5368217166,75.57,3.72,buy,False,2022-11-08T17:50:42.889222+00:00
1242,5368216847,75.57,3.27,buy,False,2022-11-08T17:50:41.783481+00:00
1243,5368216445,75.57,3.16,buy,False,2022-11-08T17:50:40.541140+00:00
1244,5368216159,75.57,3.38,buy,False,2022-11-08T17:50:39.564635+00:00
1245,5368215219,75.57,3.44,buy,False,2022-11-08T17:50:37.703194+00:00
1246,5368214899,75.57,3.66,buy,False,2022-11-08T17:50:37.171220+00:00
1247,5368214523,75.57,3.66,buy,False,2022-11-08T17:50:35.966612+00:00
1248,5368214177,75.57,3.45,buy,False,2022-11-08T17:50:34.830012+00:00
1249,5368213889,75.57,3.41,buy,False,2022-11-08T17:50:33.569574+00:00
1250,5368213556,75.57,3.25,buy,False,2022-11-08T17:50:32.380896+00:00
1251,5368212974,75.57,3.67,buy,False,2022-11-08T17:50:31.152142+00:00
1252,5368212619,75.57,4.01,buy,False,2022-11-08T17:50:29.977087+00:00
1253,5368212225,75.57,4.13,buy,False,2022-11-08T17:50:28.469094+00:00
1254,5368211904,75.57,3.63,buy,False,2022-11-08T17:50:27.264063+00:00
1255,5368211602,75.57,3.63,buy,False,2022-11-08T17:50:26.069039+00:00
1256,5368211005,75.57,4.82,buy,False,2022-11-08T17:50:24.570688+00:00
1257,5368210530,75.57,4.51,buy,False,2022-11-08T17:50:23.069577+00:00
1258,5368210174,75.57,4.61,buy,False,2022-11-08T17:50:21.574140+00:00
1259,5368209643,75.57,4.82,buy,False,2022-11-08T17:50:19.770834+00:00
1260,5368209236,75.57,4.79,buy,False,2022-11-08T17:50:18.285550+00:00
1261,5368208786,75.57,4.81,buy,False,2022-11-08T17:50:16.768065+00:00
1262,5368208350,75.57,4.73,buy,False,2022-11-08T17:50:15.264657+00:00
1263,5368207894,75.57,4.27,buy,False,2022-11-08T17:50:13.773614+00:00
1264,5368207523,75.57,4.49,buy,False,2022-11-08T17:50:12.270282+00:00
1265,5368206709,75.57,3.99,buy,False,2022-11-08T17:50:10.771832+00:00
1266,5368206232,75.57,3.68,buy,False,2022-11-08T17:50:09.595166+00:00
1267,5368205886,75.57,4.08,buy,False,2022-11-08T17:50:08.447848+00:00
1268,5368205392,75.57,3.36,buy,False,2022-11-08T17:50:07.163996+00:00
1269,5368205091,75.57,3.5,buy,False,2022-11-08T17:50:06.015329+00:00
1270,5368204941,75.57,3.44,buy,False,2022-11-08T17:50:05.232105+00:00
1271,5368204499,75.57,4.0,buy,False,2022-11-08T17:50:03.574081+00:00
1272,5368204075,75.57,4.32,buy,False,2022-11-08T17:50:02.229661+00:00
1273,5368203423,75.57,4.09,buy,False,2022-11-08T17:50:00.579745+00:00
1274,5368203160,75.57,3.46,buy,False,2022-11-08T17:49:59.470149+00:00
1275,5368202898,75.57,3.98,buy,False,2022-11-08T17:49:58.163786+00:00
1276,5368202476,75.57,4.52,buy,False,2022-11-08T17:49:56.668704+00:00
1277,5368202093,75.57,3.93,buy,False,2022-11-08T17:49:55.179780+00:00
1278,5368201914,75.57,3.94,buy,False,2022-11-08T17:49:54.036774+00:00
1279,5368201111,75.57,4.39,buy,False,2022-11-08T17:49:52.463229+00:00
1280,5368200797,75.57,5.06,buy,False,2022-11-08T17:49:50.663620+00:00
1281,5368200796,75.395,0.22,sell,False,2022-11-08T17:49:50.654912+00:00
1282,5368200164,75.57,4.74,buy,False,2022-11-08T17:49:49.191127+00:00
1283,5368199919,75.57,4.37,buy,False,2022-11-08T17:49:47.670759+00:00
1284,5368199117,75.57,4.97,buy,False,2022-11-08T17:49:46.170133+00:00
1285,5368198821,75.57,4.64,buy,False,2022-11-08T17:49:44.727034+00:00
1286,5368198320,75.57,5.58,buy,False,2022-11-08T17:49:42.862527+00:00
1287,5368197601,75.57,6.81,buy,False,2022-11-08T17:49:40.542608+00:00
1288,5368197089,75.57,7.06,buy,False,2022-11-08T17:49:38.369870+00:00
1289,5368196626,75.57,5.73,buy,False,2022-11-08T17:49:36.277136+00:00
1290,5368196157,75.57,6.76,buy,False,2022-11-08T17:49:34.164727+00:00
1291,5368195484,75.57,6.54,buy,False,2022-11-08T17:49:32.071021+00:00
1292,5368194893,75.57,5.67,buy,False,2022-11-08T17:49:30.271423+00:00
1293,5368194383,75.57,5.74,buy,False,2022-11-08T17:49:28.476192+00:00
1294,5368193348,75.57,5.61,buy,False,2022-11-08T17:49:25.111367+00:00
1295,5368193200,75.57,6.67,buy,False,2022-11-08T17:49:24.571119+00:00
1296,5368192580,75.57,5.98,buy,False,2022-11-08T17:49:22.459653+00:00
1297,5368191137,75.57,6.17,buy,False,2022-11-08T17:49:17.498622+00:00
1298,5368190953,75.57,6.27,buy,False,2022-11-08T17:49:16.958691+00:00
1299,5368190737,75.57,5.15,buy,False,2022-11-08T17:49:16.406689+00:00
1300,5368190646,75.57,5.47,buy,False,2022-11-08T17:49:15.873611+00:00
1301,5368189775,75.57,5.48,buy,False,2022-11-08T17:49:14.086916+00:00
1302,5368188867,75.57,4.82,buy,False,2022-11-08T17:49:12.264167+00:00
1303,5368188279,75.57,5.62,buy,False,2022-11-08T17:49:10.474112+00:00
1304,5368187664,75.57,5.77,buy,False,2022-11-08T17:49:08.675479+00:00
1305,5368186860,75.57,5.08,buy,False,2022-11-08T17:49:06.860586+00:00
1306,5368186300,75.57,4.57,buy,False,2022-11-08T17:49:05.366467+00:00
1307,5368185143,75.57,5.65,buy,False,2022-11-08T17:49:03.653655+00:00
1308,5368183828,75.57,6.43,buy,False,2022-11-08T17:49:01.463404+00:00
1309,5368183216,75.57,6.79,buy,False,2022-11-08T17:48:59.373605+00:00
1310,5368182531,75.57,6.62,buy,False,2022-11-08T17:48:57.271365+00:00
1311,5368182077,75.57,6.34,buy,False,2022-11-08T17:48:55.176753+00:00
1312,5368181406,75.57,6.55,buy,False,2022-11-08T17:48:53.053707+00:00
1313,5368180827,75.57,5.08,buy,False,2022-11-08T17:48:51.385374+00:00
1314,5368180363,75.57,4.42,buy,False,2022-11-08T17:48:49.768130+00:00
1315,5368180143,75.57,3.55,buy,False,2022-11-08T17:48:48.792681+00:00
1316,5368180049,75.57,3.69,buy,False,2022-11-08T17:48:48.204931+00:00
1317,5368179939,75.57,3.48,buy,False,2022-11-08T17:48:47.674732+00:00
1318,5368179712,75.57,3.52,buy,False,2022-11-08T17:48:47.141730+00:00
1319,5368179553,75.57,3.63,buy,False,2022-11-08T17:48:46.605045+00:00
1320,5368179412,75.57,3.04,buy,False,2022-11-08T17:48:46.064561+00:00
1321,5368179187,75.57,2.91,buy,False,2022-11-08T17:48:45.399116+00:00
1322,5368178999,75.57,3.3,buy,False,2022-11-08T17:48:44.855143+00:00
1323,5368178134,75.57,2.97,buy,False,2022-11-08T17:48:44.322623+00:00
1324,5368177987,75.57,2.72,buy,False,2022-11-08T17:48:43.789945+00:00
1325,5368177822,75.57,2.41,buy,False,2022-11-08T17:48:43.252259+00:00
1326,5368177676,75.57,2.69,buy,False,2022-11-08T17:48:42.714096+00:00
1327,5368177519,75.57,2.33,buy,False,2022-11-08T17:48:42.186517+00:00
1328,5368177329,75.57,2.26,buy,False,2022-11-08T17:48:41.542731+00:00
1329,5368177148,75.57,2.32,buy,False,2022-11-08T17:48:41.002112+00:00
1330,5368177043,75.57,2.68,buy,False,2022-11-08T17:48:40.456765+00:00
1331,5368176579,75.57,2.36,buy,False,2022-11-08T17:48:38.966705+00:00
1332,5368176344,75.57,2.74,buy,False,2022-11-08T17:48:38.416821+00:00
1333,5368175691,75.565,6.06,sell,False,2022-11-08T17:48:36.100627+00:00
1334,5368171914,75.565,5.68,sell,False,2022-11-08T17:48:27.622213+00:00
1335,5368166923,75.54,5.24,sell,False,2022-11-08T17:48:14.163060+00:00
1336,5368158098,75.55,4.31,sell,False,2022-11-08T17:48:00.829887+00:00
1337,5368151782,75.54,6.29,sell,False,2022-11-08T17:47:48.833063+00:00
1338,5368142291,75.55,5.73,sell,False,2022-11-08T17:47:35.261055+00:00
1339,5368133290,75.56,5.09,sell,False,2022-11-08T17:47:20.900009+00:00
1340,5368130669,75.55,6.63,sell,False,2022-11-08T17:47:14.484880+00:00
1341,5368128308,75.56,6.38,sell,False,2022-11-08T17:47:07.460884+00:00
1342,5368126353,75.57,5.87,sell,False,2022-11-08T17:47:00.868682+00:00
1343,5368051852,75.58,0.14,buy,False,2022-11-08T17:43:44.789978+00:00
1344,5368033745,75.58,2.5,buy,False,2022-11-08T17:43:01.585995+00:00
1345,5368033660,75.58,2.63,buy,False,2022-11-08T17:43:01.045554+00:00
1346,5368033551,75.58,2.27,buy,False,2022-11-08T17:43:00.493085+00:00
1347,5368033423,75.58,2.37,buy,False,2022-11-08T17:42:59.964829+00:00
1348,5368033308,75.58,2.42,buy,False,2022-11-08T17:42:59.434214+00:00
1349,5368033231,75.58,2.3,buy,False,2022-11-08T17:42:58.713337+00:00
1350,5368033084,75.58,2.62,buy,False,2022-11-08T17:42:58.175249+00:00
1351,5368032917,75.58,2.4,buy,False,2022-11-08T17:42:57.639955+00:00
1352,5368032733,75.58,2.3,buy,False,2022-11-08T17:42:57.104935+00:00
1353,5368032590,75.58,2.57,buy,False,2022-11-08T17:42:56.429773+00:00
1354,5368032462,75.58,2.55,buy,False,2022-11-08T17:42:55.897051+00:00
1355,5368032216,75.58,2.55,buy,False,2022-11-08T17:42:55.355335+00:00
1356,5368032057,75.58,2.55,buy,False,2022-11-08T17:42:54.821239+00:00
1357,5368031878,75.58,2.58,buy,False,2022-11-08T17:42:54.285380+00:00
1358,5368031753,75.58,2.66,buy,False,2022-11-08T17:42:53.749746+00:00
1359,5368031659,75.58,2.33,buy,False,2022-11-08T17:42:53.167678+00:00
1360,5368031442,75.58,2.47,buy,False,2022-11-08T17:42:52.175251+00:00
1361,5368031291,75.58,2.34,buy,False,2022-11-08T17:42:51.632934+00:00
1362,5368030925,75.58,2.35,buy,False,2022-11-08T17:42:51.095757+00:00
1363,5368030678,75.58,2.43,buy,False,2022-11-08T17:42:50.565153+00:00
1364,5368030448,75.58,2.31,buy,False,2022-11-08T17:42:50.023815+00:00
1365,5368030308,75.58,2.55,buy,False,2022-11-08T17:42:49.447242+00:00
1366,5368030208,75.58,2.38,buy,False,2022-11-08T17:42:48.907159+00:00
1367,5368029359,75.58,2.29,buy,False,2022-11-08T17:42:45.305941+00:00
1368,5368028450,75.58,2.71,buy,False,2022-11-08T17:42:42.895830+00:00
1369,5368021774,75.58,2.6,buy,False,2022-11-08T17:42:22.269111+00:00
1370,5368017968,75.58,2.41,buy,False,2022-11-08T17:42:10.372486+00:00
1371,5368017838,75.58,2.45,buy,False,2022-11-08T17:42:09.842031+00:00
1372,5368017592,75.58,2.25,buy,False,2022-11-08T17:42:09.305800+00:00
1373,5368017505,75.58,2.5,buy,False,2022-11-08T17:42:08.738393+00:00
1374,5368017330,75.58,2.27,buy,False,2022-11-08T17:42:08.171137+00:00
1375,5368017069,75.58,2.47,buy,False,2022-11-08T17:42:07.595609+00:00
1376,5368016935,75.58,2.53,buy,False,2022-11-08T17:42:07.052036+00:00
1377,5368015496,75.58,2.36,buy,False,2022-11-08T17:42:03.298178+00:00
1378,5368015258,75.58,2.28,buy,False,2022-11-08T17:42:02.697898+00:00
1379,5368014893,75.58,2.25,buy,False,2022-11-08T17:42:02.127872+00:00
1380,5368014580,75.58,2.53,buy,False,2022-11-08T17:42:01.595707+00:00
1381,5368014495,75.58,2.3,buy,False,2022-11-08T17:42:01.005358+00:00
1382,5368014332,75.58,2.38,buy,False,2022-11-08T17:42:00.467390+00:00
1383,5368014053,75.58,2.61,buy,False,2022-11-08T17:41:59.931587+00:00
1384,5368013907,75.58,2.41,buy,False,2022-11-08T17:41:59.400649+00:00
1385,5368013435,75.58,2.35,buy,False,2022-11-08T17:41:58.626702+00:00
1386,5368012990,75.58,2.44,buy,False,2022-11-08T17:41:58.090595+00:00
1387,5368012829,75.58,2.72,buy,False,2022-11-08T17:41:57.464654+00:00
1388,5368012629,75.58,2.56,buy,False,2022-11-08T17:41:56.930653+00:00
1389,5368012491,75.58,2.34,buy,False,2022-11-08T17:41:56.400766+00:00
1390,5368012284,75.58,2.33,buy,False,2022-11-08T17:41:55.864378+00:00
1391,5368012133,75.58,2.47,buy,False,2022-11-08T17:41:55.331088+00:00
1392,5368012011,75.58,2.74,buy,False,2022-11-08T17:41:54.785886+00:00
1393,5368009912,75.58,2.71,buy,False,2022-11-08T17:41:48.394609+00:00
1394,5368009779,75.58,2.27,buy,False,2022-11-08T17:41:47.799166+00:00
1395,5368009657,75.58,2.68,buy,False,2022-11-08T17:41:47.258353+00:00
1396,5368009377,75.58,2.39,buy,False,2022-11-08T17:41:46.726716+00:00
1397,5368009199,75.58,2.27,buy,False,2022-11-08T17:41:46.189276+00:00
1398,5368009069,75.58,2.63,buy,False,2022-11-08T17:41:45.653365+00:00
1399,5368008788,75.58,2.62,buy,False,2022-11-08T17:41:45.114206+00:00
1400,5368008642,75.58,2.55,buy,False,2022-11-08T17:41:44.579605+00:00
1401,5368008467,75.58,2.35,buy,False,2022-11-08T17:41:44.047824+00:00
1402,5368008298,75.58,2.6,buy,False,2022-11-08T17:41:43.518095+00:00
1403,5368008110,75.58,2.32,buy,False,2022-11-08T17:41:42.623193+00:00
1404,5368007959,75.58,2.57,buy,False,2022-11-08T17:41:42.053664+00:00
1405,5368007774,75.58,2.47,buy,False,2022-11-08T17:41:41.512081+00:00
1406,5368007654,75.58,2.52,buy,False,2022-11-08T17:41:40.974855+00:00
1407,5368007505,75.58,2.33,buy,False,2022-11-08T17:41:40.439265+00:00
1408,5368007383,75.58,2.45,buy,False,2022-11-08T17:41:39.902083+00:00
1409,5368007241,75.58,2.53,buy,False,2022-11-08T17:41:39.371022+00:00
1410,5368007001,75.58,2.54,buy,False,2022-11-08T17:41:38.681926+00:00
1411,5368006793,75.58,2.63,buy,False,2022-11-08T17:41:38.143728+00:00
1412,5368005862,75.58,2.68,buy,False,2022-11-08T17:41:35.269201+00:00
1413,5368005663,75.58,2.64,buy,False,2022-11-08T17:41:34.740653+00:00
1414,5368005530,75.58,2.46,buy,False,2022-11-08T17:41:34.206292+00:00
1415,5368005235,75.58,2.51,buy,False,2022-11-08T17:41:33.128834+00:00
1416,5368004979,75.58,2.34,buy,False,2022-11-08T17:41:32.147788+00:00
1417,5368002057,75.58,2.68,buy,False,2022-11-08T17:41:24.526980+00:00
1418,5368000754,75.58,2.55,buy,False,2022-11-08T17:41:20.097358+00:00
