,id,price,size,side,liquidation,time
0,5397534750,1.22,4.0,sell,False,2022-11-10T01:20:02.346926+00:00
1,5392869083,1.195,58.8,sell,False,2022-11-09T19:08:56.822046+00:00
2,5392710092,1.195,107.9,sell,False,2022-11-09T18:56:39.721191+00:00
3,5392706620,1.1988,25.7,sell,False,2022-11-09T18:56:25.747874+00:00
4,5391370510,1.2448,5.0,buy,False,2022-11-09T17:33:49.780828+00:00
5,5391370434,1.2448,26.2,buy,False,2022-11-09T17:33:49.241813+00:00
6,5391370241,1.2448,35.0,buy,False,2022-11-09T17:33:48.713842+00:00
7,5391370039,1.2448,21.5,buy,False,2022-11-09T17:33:48.166011+00:00
8,5391369925,1.2448,27.1,buy,False,2022-11-09T17:33:47.614483+00:00
9,5391369828,1.2448,21.6,buy,False,2022-11-09T17:33:47.080821+00:00
10,5391369721,1.2448,16.9,buy,False,2022-11-09T17:33:46.505111+00:00
11,5391369637,1.2448,18.1,buy,False,2022-11-09T17:33:45.963794+00:00
12,5391369574,1.2448,24.1,buy,False,2022-11-09T17:33:45.429103+00:00
13,5391369419,1.2448,9.3,buy,False,2022-11-09T17:33:44.891101+00:00
14,5391369339,1.2448,18.0,buy,False,2022-11-09T17:33:44.359756+00:00
15,5391369271,1.2448,13.8,buy,False,2022-11-09T17:33:43.823851+00:00
16,5391369172,1.2448,14.8,buy,False,2022-11-09T17:33:43.244472+00:00
17,5391369059,1.2448,12.8,buy,False,2022-11-09T17:33:42.707806+00:00
18,5391368959,1.2448,8.5,buy,False,2022-11-09T17:33:42.177801+00:00
19,5391033700,1.2444,22.7,sell,False,2022-11-09T17:06:10.624306+00:00
20,5391033699,1.2445,8.0,sell,False,2022-11-09T17:06:10.624306+00:00
21,5389002527,1.3138,0.1,sell,False,2022-11-09T14:54:36.278256+00:00
22,5389001985,1.3191,48.0,buy,False,2022-11-09T14:54:33.696772+00:00
23,5388652975,1.2706,8.9,sell,False,2022-11-09T14:32:23.392657+00:00
24,5388500016,1.2857,0.6,sell,False,2022-11-09T14:19:47.308653+00:00
25,5388499898,1.2857,7.9,sell,False,2022-11-09T14:19:46.766785+00:00
26,5388442045,1.3003,8.2,sell,False,2022-11-09T14:14:00.816708+00:00
27,5388441913,1.3146,7.9,sell,False,2022-11-09T14:14:00.280366+00:00
28,5388441794,1.3284,7.6,sell,False,2022-11-09T14:13:59.743920+00:00
29,5388440230,1.3413,7.5,buy,False,2022-11-09T14:13:49.495917+00:00
30,5388341513,1.1131,24.6,sell,False,2022-11-09T14:03:48.466873+00:00
31,5388341512,1.2,41.6,sell,False,2022-11-09T14:03:48.466873+00:00
32,5388341511,1.2001,0.1,sell,False,2022-11-09T14:03:48.466873+00:00
33,5388338659,1.2367,132.4,sell,False,2022-11-09T14:03:28.128342+00:00
34,5388338658,1.2368,97.7,sell,False,2022-11-09T14:03:28.128342+00:00
35,5388338657,1.2432,255.4,sell,False,2022-11-09T14:03:28.128342+00:00
36,5388338656,1.2498,231.5,sell,False,2022-11-09T14:03:28.128342+00:00
37,5388338655,1.2565,118.7,sell,False,2022-11-09T14:03:28.128342+00:00
38,5388249212,1.2565,15.0,sell,False,2022-11-09T13:54:21.423177+00:00
39,5388036422,1.2565,78.6,sell,False,2022-11-09T13:34:17.191277+00:00
40,5388031405,1.2565,0.7,sell,False,2022-11-09T13:33:51.687398+00:00
41,5385386930,1.33,6.2,buy,False,2022-11-09T10:32:08.777647+00:00
42,5385386783,1.33,7.4,buy,False,2022-11-09T10:32:08.245853+00:00
43,5385385521,1.31,12.5,buy,False,2022-11-09T10:32:03.223029+00:00
44,5385385435,1.31,7.5,buy,False,2022-11-09T10:32:02.687227+00:00
45,5383854061,1.3285,0.1,sell,False,2022-11-09T09:09:52.030411+00:00
46,5383853861,1.3285,0.1,sell,False,2022-11-09T09:09:51.203223+00:00
47,5383853786,1.3285,0.2,sell,False,2022-11-09T09:09:50.874153+00:00
48,5383853557,1.3285,0.3,sell,False,2022-11-09T09:09:50.242803+00:00
49,5383853449,1.3285,0.7,sell,False,2022-11-09T09:09:49.866911+00:00
50,5383853273,1.3285,1.3,sell,False,2022-11-09T09:09:49.185959+00:00
51,5383853180,1.3285,2.6,sell,False,2022-11-09T09:09:48.848995+00:00
52,5383852939,1.3285,5.3,sell,False,2022-11-09T09:09:48.199764+00:00
53,5383852803,1.3285,10.5,sell,False,2022-11-09T09:09:47.755780+00:00
54,5383843742,1.32,0.4,buy,False,2022-11-09T09:09:18.694008+00:00
55,5383843333,1.32,12.2,buy,False,2022-11-09T09:09:18.045828+00:00
56,5383842964,1.32,7.4,buy,False,2022-11-09T09:09:17.489011+00:00
57,5383840306,1.31,1.3,buy,False,2022-11-09T09:09:13.018167+00:00
58,5383839994,1.31,18.7,buy,False,2022-11-09T09:09:12.393963+00:00
59,5383839993,1.3099,45.8,buy,False,2022-11-09T09:09:12.393963+00:00
60,5383839830,1.3099,31.0,buy,False,2022-11-09T09:09:11.862083+00:00
61,5383839495,1.3099,7.5,buy,False,2022-11-09T09:09:11.367769+00:00
62,5383706189,1.3099,8.0,buy,False,2022-11-09T09:00:07.906577+00:00
63,5382324845,1.2581,6.0,sell,False,2022-11-09T07:15:35.753646+00:00
64,5380221711,1.2614,2.3,sell,False,2022-11-09T04:20:55.103051+00:00
65,5376668458,1.2641,29.5,sell,False,2022-11-08T23:07:52.207924+00:00
66,5376668457,1.3107,27.7,sell,False,2022-11-08T23:07:52.207924+00:00
67,5376312585,1.2918,3.0,sell,False,2022-11-08T22:41:14.352333+00:00
68,5374438027,1.2851,876.5,sell,False,2022-11-08T20:42:47.337701+00:00
69,5372449860,1.2556,18.1,sell,True,2022-11-08T19:34:19.727918+00:00
70,5371991695,1.2632,0.5,sell,True,2022-11-08T19:27:50.185038+00:00
71,5370547639,1.2763,603.8,sell,False,2022-11-08T18:44:43.789862+00:00
72,5370547638,1.2764,62.6,sell,False,2022-11-08T18:44:43.789862+00:00
73,5370547637,1.2788,22.7,sell,False,2022-11-08T18:44:43.789862+00:00
74,5369676309,1.2863,19.9,sell,True,2022-11-08T18:21:28.707625+00:00
75,5369166992,1.3058,9.2,sell,False,2022-11-08T18:10:37.766635+00:00
76,5369054882,1.3364,27.8,buy,False,2022-11-08T18:08:54.845749+00:00
77,5369052777,1.3364,31.9,buy,False,2022-11-08T18:08:52.799673+00:00
78,5369050743,1.3364,28.1,buy,False,2022-11-08T18:08:51.382413+00:00
79,5369047927,1.3364,30.2,buy,False,2022-11-08T18:08:48.864326+00:00
80,5369045928,1.3364,30.3,buy,False,2022-11-08T18:08:46.751051+00:00
81,5369044309,1.3364,27.7,buy,False,2022-11-08T18:08:44.965772+00:00
82,5369031346,1.3364,28.5,buy,False,2022-11-08T18:08:27.446817+00:00
83,5369031311,1.3364,677.4,sell,False,2022-11-08T18:08:27.380859+00:00
84,5368549360,1.3414,29.5,buy,False,2022-11-08T17:58:49.144929+00:00
85,5368548829,1.3414,30.7,buy,False,2022-11-08T17:58:47.017311+00:00
86,5368547828,1.3414,30.5,buy,False,2022-11-08T17:58:44.919866+00:00
87,5368547018,1.3414,33.1,buy,False,2022-11-08T17:58:42.830136+00:00
88,5368545936,1.3414,32.0,buy,False,2022-11-08T17:58:40.804193+00:00
89,5368545100,1.3414,31.0,buy,False,2022-11-08T17:58:38.638876+00:00
90,5368544404,1.3414,30.1,buy,False,2022-11-08T17:58:36.818093+00:00
91,5368543703,1.3414,30.8,buy,False,2022-11-08T17:58:34.731050+00:00
92,5368542985,1.3414,33.2,buy,False,2022-11-08T17:58:32.620023+00:00
93,5368541974,1.3414,33.1,buy,False,2022-11-08T17:58:30.222769+00:00
94,5368540867,1.3414,31.5,buy,False,2022-11-08T17:58:28.131621+00:00
95,5368540005,1.3414,30.6,buy,False,2022-11-08T17:58:26.328086+00:00
96,5368538851,1.3414,34.2,buy,False,2022-11-08T17:58:23.951765+00:00
97,5368537906,1.3414,33.7,buy,False,2022-11-08T17:58:21.814349+00:00
98,5368537117,1.3414,30.2,buy,False,2022-11-08T17:58:19.817237+00:00
99,5368536313,1.3414,33.5,buy,False,2022-11-08T17:58:17.615677+00:00
100,5368535267,1.3414,35.5,buy,False,2022-11-08T17:58:15.302153+00:00
101,5368534260,1.3414,35.0,buy,False,2022-11-08T17:58:12.847172+00:00
102,5368533495,1.3414,34.0,buy,False,2022-11-08T17:58:10.740826+00:00
103,5368532630,1.3414,29.3,buy,False,2022-11-08T17:58:08.623757+00:00
104,5368531850,1.3414,34.9,buy,False,2022-11-08T17:58:06.519901+00:00
105,5368530905,1.3414,32.8,buy,False,2022-11-08T17:58:04.119853+00:00
106,5368530139,1.3414,32.3,buy,False,2022-11-08T17:58:02.015317+00:00
107,5368529298,1.3414,31.7,buy,False,2022-11-08T17:57:59.923657+00:00
108,5368528458,1.3414,35.4,buy,False,2022-11-08T17:57:57.814396+00:00
109,5368527561,1.3414,30.7,buy,False,2022-11-08T17:57:55.735349+00:00
110,5368526491,1.3414,35.3,buy,False,2022-11-08T17:57:53.333379+00:00
111,5368525781,1.3414,29.4,buy,False,2022-11-08T17:57:51.514452+00:00
112,5368524626,1.3414,29.8,buy,False,2022-11-08T17:57:49.421977+00:00
113,5368523486,1.3414,32.4,buy,False,2022-11-08T17:57:47.322619+00:00
114,5368522303,1.3414,30.4,buy,False,2022-11-08T17:57:45.256673+00:00
115,5368521332,1.3414,32.5,buy,False,2022-11-08T17:57:43.124454+00:00
116,5368520575,1.3414,33.6,buy,False,2022-11-08T17:57:41.015645+00:00
117,5368519408,1.3414,35.5,buy,False,2022-11-08T17:57:38.710062+00:00
118,5368518566,1.3414,32.4,buy,False,2022-11-08T17:57:36.523552+00:00
119,5368517574,1.3414,29.8,buy,False,2022-11-08T17:57:34.418857+00:00
120,5368516671,1.3414,30.2,buy,False,2022-11-08T17:57:32.625107+00:00
121,5368515576,1.3414,31.7,buy,False,2022-11-08T17:57:30.529365+00:00
122,5368514664,1.3414,31.2,buy,False,2022-11-08T17:57:28.430666+00:00
123,5368513699,1.3414,34.2,buy,False,2022-11-08T17:57:26.030350+00:00
124,5368512720,1.3414,32.8,buy,False,2022-11-08T17:57:24.018389+00:00
125,5368511731,1.3414,33.9,buy,False,2022-11-08T17:57:21.831583+00:00
126,5368510736,1.3414,34.3,buy,False,2022-11-08T17:57:19.440680+00:00
127,5368509583,1.3414,33.0,buy,False,2022-11-08T17:57:17.318342+00:00
128,5368508696,1.3414,31.6,buy,False,2022-11-08T17:57:15.220718+00:00
129,5368507810,1.3414,32.9,buy,False,2022-11-08T17:57:13.264271+00:00
130,5368506675,1.3414,35.2,buy,False,2022-11-08T17:57:10.826957+00:00
131,5368505562,1.3414,30.1,buy,False,2022-11-08T17:57:08.622032+00:00
132,5368504716,1.3414,30.3,buy,False,2022-11-08T17:57:06.617868+00:00
133,5368501917,1.3414,31.1,buy,False,2022-11-08T17:57:00.923059+00:00
134,5368501527,1.3414,34.5,buy,False,2022-11-08T17:57:00.385172+00:00
135,5368501027,1.3414,31.3,buy,False,2022-11-08T17:56:59.852574+00:00
136,5368500813,1.3414,29.6,buy,False,2022-11-08T17:56:59.324635+00:00
137,5368498955,1.3414,35.7,buy,False,2022-11-08T17:56:56.932702+00:00
138,5368497570,1.3414,34.0,buy,False,2022-11-08T17:56:54.834535+00:00
139,5368496288,1.3414,33.4,buy,False,2022-11-08T17:56:52.728742+00:00
140,5368495386,1.3414,31.4,buy,False,2022-11-08T17:56:50.618149+00:00
141,5368494270,1.3414,30.4,buy,False,2022-11-08T17:56:48.627993+00:00
142,5368492932,1.3414,32.9,buy,False,2022-11-08T17:56:46.555203+00:00
143,5368491568,1.3414,34.2,buy,False,2022-11-08T17:56:44.015978+00:00
144,5368490322,1.3414,33.5,buy,False,2022-11-08T17:56:42.028194+00:00
145,5368488999,1.3414,31.1,buy,False,2022-11-08T17:56:39.815763+00:00
146,5368488083,1.3414,31.0,buy,False,2022-11-08T17:56:37.730565+00:00
147,5368486550,1.3414,31.6,buy,False,2022-11-08T17:56:35.652588+00:00
148,5368485396,1.3414,33.4,buy,False,2022-11-08T17:56:33.528993+00:00
149,5368483887,1.3414,31.2,buy,False,2022-11-08T17:56:31.428873+00:00
150,5368482507,1.3414,35.1,buy,False,2022-11-08T17:56:29.030839+00:00
151,5368480902,1.3414,34.9,buy,False,2022-11-08T17:56:26.921052+00:00
152,5368479549,1.3414,30.9,buy,False,2022-11-08T17:56:24.857154+00:00
153,5368478216,1.3414,35.9,buy,False,2022-11-08T17:56:22.433391+00:00
154,5368476891,1.3414,35.4,buy,False,2022-11-08T17:56:20.095675+00:00
155,5368475713,1.3414,30.8,buy,False,2022-11-08T17:56:17.933851+00:00
156,5368474328,1.3414,33.8,buy,False,2022-11-08T17:56:15.840630+00:00
157,5368472523,1.3414,29.8,buy,False,2022-11-08T17:56:13.728076+00:00
158,5368470426,1.3414,35.0,buy,False,2022-11-08T17:56:11.668731+00:00
159,5368468771,1.3414,29.6,buy,False,2022-11-08T17:56:09.545131+00:00
160,5368467326,1.3414,31.5,buy,False,2022-11-08T17:56:07.418349+00:00
161,5368465862,1.3414,31.2,buy,False,2022-11-08T17:56:05.410628+00:00
162,5368463802,1.3414,35.1,buy,False,2022-11-08T17:56:03.212579+00:00
163,5368462032,1.3414,36.1,buy,False,2022-11-08T17:56:00.822008+00:00
164,5368459971,1.3414,33.6,buy,False,2022-11-08T17:55:58.724492+00:00
165,5368458508,1.3414,32.6,buy,False,2022-11-08T17:55:56.317654+00:00
166,5368457383,1.3414,32.8,buy,False,2022-11-08T17:55:54.265406+00:00
167,5368456173,1.3414,31.3,buy,False,2022-11-08T17:55:52.220815+00:00
168,5368454645,1.3414,35.5,buy,False,2022-11-08T17:55:50.020820+00:00
169,5368453142,1.3414,31.8,buy,False,2022-11-08T17:55:47.915695+00:00
170,5368451782,1.3414,30.7,buy,False,2022-11-08T17:55:45.823892+00:00
171,5368450989,1.3414,31.4,buy,False,2022-11-08T17:55:44.426209+00:00
172,5368449023,1.3414,35.0,buy,False,2022-11-08T17:55:41.406739+00:00
173,5368447596,1.3414,34.1,buy,False,2022-11-08T17:55:38.914771+00:00
174,5368446140,1.3414,34.3,buy,False,2022-11-08T17:55:36.849091+00:00
175,5368444569,1.3414,36.1,buy,False,2022-11-08T17:55:34.422835+00:00
176,5368443263,1.3414,35.0,buy,False,2022-11-08T17:55:32.339274+00:00
177,5368441898,1.3414,33.4,buy,False,2022-11-08T17:55:29.958624+00:00
178,5368440394,1.3414,31.2,buy,False,2022-11-08T17:55:27.834509+00:00
179,5368437912,1.3414,34.8,buy,False,2022-11-08T17:55:25.416780+00:00
180,5368436446,1.3414,31.5,buy,False,2022-11-08T17:55:23.313009+00:00
181,5368435186,1.3414,35.4,buy,False,2022-11-08T17:55:21.253985+00:00
182,5368433738,1.3414,30.6,buy,False,2022-11-08T17:55:19.136810+00:00
183,5368431783,1.3414,34.0,buy,False,2022-11-08T17:55:16.788770+00:00
184,5368429955,1.3414,34.9,buy,False,2022-11-08T17:55:14.629684+00:00
185,5368427506,1.3414,35.5,buy,False,2022-11-08T17:55:12.312764+00:00
186,5368425699,1.3414,34.9,buy,False,2022-11-08T17:55:09.834157+00:00
187,5368424012,1.3414,34.0,buy,False,2022-11-08T17:55:07.742109+00:00
188,5368422382,1.3414,31.9,buy,False,2022-11-08T17:55:05.626861+00:00
189,5368421160,1.3414,30.2,buy,False,2022-11-08T17:55:03.684995+00:00
190,5368418862,1.3414,31.3,buy,False,2022-11-08T17:55:01.549395+00:00
191,5368416427,1.3414,36.6,buy,False,2022-11-08T17:54:59.020894+00:00
192,5368414879,1.3414,30.6,buy,False,2022-11-08T17:54:57.217235+00:00
193,5368412801,1.3414,35.4,buy,False,2022-11-08T17:54:54.850334+00:00
194,5368411138,1.3414,36.1,buy,False,2022-11-08T17:54:52.420614+00:00
195,5368409328,1.3414,35.7,buy,False,2022-11-08T17:54:50.027213+00:00
196,5368407599,1.3414,32.5,buy,False,2022-11-08T17:54:47.933677+00:00
197,5368405307,1.3414,35.5,buy,False,2022-11-08T17:54:45.608656+00:00
198,5368403307,1.3414,34.4,buy,False,2022-11-08T17:54:43.420019+00:00
199,5368401119,1.3414,34.8,buy,False,2022-11-08T17:54:41.023709+00:00
200,5368399275,1.3414,33.0,buy,False,2022-11-08T17:54:38.930781+00:00
201,5368396713,1.3414,35.5,buy,False,2022-11-08T17:54:36.616683+00:00
202,5368394796,1.3414,36.8,buy,False,2022-11-08T17:54:34.238534+00:00
203,5368392873,1.3414,34.8,buy,False,2022-11-08T17:54:32.024992+00:00
204,5368390474,1.3414,36.8,buy,False,2022-11-08T17:54:29.624109+00:00
205,5368388103,1.3414,34.7,buy,False,2022-11-08T17:54:27.318178+00:00
206,5368384562,1.3414,35.8,buy,False,2022-11-08T17:54:24.850654+00:00
207,5368381236,1.3414,36.6,buy,False,2022-11-08T17:54:22.420739+00:00
208,5368377174,1.3414,35.8,buy,False,2022-11-08T17:54:20.037415+00:00
209,5368375138,1.3414,35.5,buy,False,2022-11-08T17:54:18.138912+00:00
210,5368372536,1.3414,37.0,buy,False,2022-11-08T17:54:15.319364+00:00
211,5368370795,1.3414,35.5,buy,False,2022-11-08T17:54:13.155103+00:00
212,5368368696,1.3414,33.4,buy,False,2022-11-08T17:54:10.724741+00:00
213,5368366183,1.3414,32.2,buy,False,2022-11-08T17:54:08.634298+00:00
214,5368363606,1.3414,32.3,buy,False,2022-11-08T17:54:06.652846+00:00
215,5368360951,1.3414,37.0,buy,False,2022-11-08T17:54:04.142414+00:00
216,5368358492,1.3414,36.2,buy,False,2022-11-08T17:54:01.817800+00:00
217,5368354573,1.3414,37.1,buy,False,2022-11-08T17:53:58.086945+00:00
218,5368354014,1.3414,34.1,buy,False,2022-11-08T17:53:57.534030+00:00
219,5368350324,1.3414,33.1,buy,False,2022-11-08T17:53:55.121289+00:00
220,5368346907,1.3414,31.9,buy,False,2022-11-08T17:53:53.036790+00:00
221,5368344159,1.3414,32.8,buy,False,2022-11-08T17:53:50.946021+00:00
222,5368341956,1.3414,33.9,buy,False,2022-11-08T17:53:48.828912+00:00
223,5368339226,1.3414,35.3,buy,False,2022-11-08T17:53:46.418478+00:00
224,5368336823,1.3414,33.5,buy,False,2022-11-08T17:53:44.418838+00:00
225,5368334559,1.3414,31.3,buy,False,2022-11-08T17:53:42.235366+00:00
226,5368332578,1.3414,36.3,buy,False,2022-11-08T17:53:39.825030+00:00
227,5368331144,1.3414,30.7,buy,False,2022-11-08T17:53:37.732312+00:00
228,5368329079,1.3414,36.7,buy,False,2022-11-08T17:53:35.323913+00:00
229,5368327907,1.3414,31.2,buy,False,2022-11-08T17:53:33.282607+00:00
230,5368326793,1.3414,33.6,buy,False,2022-11-08T17:53:31.261791+00:00
231,5368324933,1.3414,35.5,buy,False,2022-11-08T17:53:28.731723+00:00
232,5368323080,1.3414,32.9,buy,False,2022-11-08T17:53:26.668127+00:00
233,5368321152,1.3414,36.1,buy,False,2022-11-08T17:53:24.229353+00:00
234,5368319360,1.3414,34.6,buy,False,2022-11-08T17:53:22.089884+00:00
235,5368316173,1.3414,33.3,buy,False,2022-11-08T17:53:19.730240+00:00
236,5368314699,1.3414,31.3,buy,False,2022-11-08T17:53:17.627873+00:00
237,5368313239,1.3414,37.3,buy,False,2022-11-08T17:53:15.258833+00:00
238,5368293863,1.3414,33.6,buy,False,2022-11-08T17:52:52.104959+00:00
239,5368293801,1.3414,976.4,sell,False,2022-11-08T17:52:52.037977+00:00
240,5367860887,1.3514,411.9,sell,False,2022-11-08T17:34:26.611452+00:00
241,5366048401,1.352,9.0,buy,False,2022-11-08T16:30:08.838877+00:00
242,5366045471,1.3416,75.0,sell,False,2022-11-08T16:30:03.627546+00:00
243,5363942614,1.3304,7.5,buy,False,2022-11-08T15:06:21.305889+00:00
244,5363942446,1.3304,11.2,buy,False,2022-11-08T15:06:20.676641+00:00
245,5363942018,1.3304,14.6,buy,False,2022-11-08T15:06:20.022934+00:00
246,5363726096,1.3305,17.5,buy,False,2022-11-08T14:52:58.686239+00:00
247,5363339183,1.3107,7.8,sell,True,2022-11-08T14:36:13.351875+00:00
248,5362351053,1.323,13.4,sell,False,2022-11-08T13:15:23.385650+00:00
249,5362348118,1.323,5.1,sell,False,2022-11-08T13:15:01.724601+00:00
250,5361782298,1.3581,11.0,buy,False,2022-11-08T12:00:29.380867+00:00
251,5359427410,1.3117,7.5,buy,False,2022-11-08T08:00:05.070725+00:00
252,5359033662,1.2859,15.9,sell,False,2022-11-08T07:30:14.637645+00:00
253,5357556710,1.2859,28.0,sell,False,2022-11-08T05:44:52.264750+00:00
254,5356433505,1.2889,65.7,buy,False,2022-11-08T04:58:29.875432+00:00
255,5356433011,1.2889,8.6,buy,False,2022-11-08T04:58:28.852653+00:00
256,5356432849,1.2889,7.7,buy,False,2022-11-08T04:58:28.130953+00:00
257,5356428930,1.2889,200.8,buy,False,2022-11-08T04:58:18.406991+00:00
258,5356428910,1.2889,217.2,sell,False,2022-11-08T04:58:18.330071+00:00
259,5355841256,1.29,1.4,buy,False,2022-11-08T04:27:01.658604+00:00
260,5355840967,1.29,8.9,buy,False,2022-11-08T04:27:01.048896+00:00
261,5355840467,1.29,9.5,buy,False,2022-11-08T04:27:00.440032+00:00
262,5355840411,1.29,9.1,buy,False,2022-11-08T04:26:59.841378+00:00
263,5355840278,1.29,7.9,buy,False,2022-11-08T04:26:59.248656+00:00
264,5355840200,1.29,9.4,buy,False,2022-11-08T04:26:58.642829+00:00
265,5355840082,1.29,9.2,buy,False,2022-11-08T04:26:58.030982+00:00
266,5355839951,1.29,8.0,buy,False,2022-11-08T04:26:57.427774+00:00
267,5355839848,1.29,8.9,buy,False,2022-11-08T04:26:56.832103+00:00
268,5355839755,1.29,8.5,buy,False,2022-11-08T04:26:56.226817+00:00
269,5355839498,1.29,8.0,buy,False,2022-11-08T04:26:55.693156+00:00
270,5355839346,1.29,9.9,buy,False,2022-11-08T04:26:55.035958+00:00
271,5355839213,1.29,9.0,buy,False,2022-11-08T04:26:54.428621+00:00
272,5355839028,1.29,8.1,buy,False,2022-11-08T04:26:53.839031+00:00
273,5355838707,1.29,8.5,buy,False,2022-11-08T04:26:53.226576+00:00
274,5355838608,1.29,9.7,buy,False,2022-11-08T04:26:52.643426+00:00
275,5355838454,1.29,9.0,buy,False,2022-11-08T04:26:52.040616+00:00
276,5355838226,1.29,7.5,buy,False,2022-11-08T04:26:51.436671+00:00
277,5355838115,1.29,10.7,buy,False,2022-11-08T04:26:50.842974+00:00
278,5355837951,1.29,7.8,buy,False,2022-11-08T04:26:50.229329+00:00
279,5355837688,1.29,8.9,buy,False,2022-11-08T04:26:49.686213+00:00
280,5355837555,1.29,10.3,buy,False,2022-11-08T04:26:49.148995+00:00
281,5355837438,1.29,9.3,buy,False,2022-11-08T04:26:48.610933+00:00
282,5355837275,1.29,7.6,buy,False,2022-11-08T04:26:47.874738+00:00
283,5355837134,1.29,10.1,buy,False,2022-11-08T04:26:47.237086+00:00
284,5355836953,1.29,7.6,buy,False,2022-11-08T04:26:46.634143+00:00
285,5355836882,1.29,9.6,buy,False,2022-11-08T04:26:46.051142+00:00
286,5355836736,1.29,8.1,buy,False,2022-11-08T04:26:45.478755+00:00
287,5355836654,1.29,8.0,buy,False,2022-11-08T04:26:44.940533+00:00
288,5355836483,1.29,9.9,buy,False,2022-11-08T04:26:44.405484+00:00
289,5355836308,1.29,8.8,buy,False,2022-11-08T04:26:43.657804+00:00
290,5355836075,1.29,8.8,buy,False,2022-11-08T04:26:43.026040+00:00
291,5355835866,1.29,10.9,buy,False,2022-11-08T04:26:42.434520+00:00
292,5355835741,1.29,7.8,buy,False,2022-11-08T04:26:41.825579+00:00
293,5355835625,1.29,10.1,buy,False,2022-11-08T04:26:41.243675+00:00
294,5355835327,1.29,7.8,buy,False,2022-11-08T04:26:40.644185+00:00
295,5355834288,1.29,10.1,buy,False,2022-11-08T04:26:40.047317+00:00
296,5355834175,1.29,8.4,buy,False,2022-11-08T04:26:39.447973+00:00
297,5355834043,1.29,9.4,buy,False,2022-11-08T04:26:38.840175+00:00
298,5355833847,1.29,9.3,buy,False,2022-11-08T04:26:38.296643+00:00
299,5355833684,1.29,9.4,buy,False,2022-11-08T04:26:37.658340+00:00
300,5355833558,1.29,9.1,buy,False,2022-11-08T04:26:37.038363+00:00
301,5355833426,1.29,9.6,buy,False,2022-11-08T04:26:36.453816+00:00
302,5355833273,1.29,8.2,buy,False,2022-11-08T04:26:35.836679+00:00
303,5355833112,1.29,9.7,buy,False,2022-11-08T04:26:35.246754+00:00
304,5355832929,1.29,8.4,buy,False,2022-11-08T04:26:34.630087+00:00
305,5355832819,1.29,9.3,buy,False,2022-11-08T04:26:34.069168+00:00
306,5355832713,1.29,8.5,buy,False,2022-11-08T04:26:33.432514+00:00
307,5355832571,1.29,10.6,buy,False,2022-11-08T04:26:32.826094+00:00
308,5355832455,1.29,8.4,buy,False,2022-11-08T04:26:32.238077+00:00
309,5355832331,1.29,10.8,buy,False,2022-11-08T04:26:31.680052+00:00
310,5355832231,1.29,7.8,buy,False,2022-11-08T04:26:31.032830+00:00
311,5355832053,1.29,10.3,buy,False,2022-11-08T04:26:30.455706+00:00
312,5355831905,1.29,8.5,buy,False,2022-11-08T04:26:29.831194+00:00
313,5355831669,1.29,10.7,buy,False,2022-11-08T04:26:29.247709+00:00
314,5355831413,1.29,10.0,buy,False,2022-11-08T04:26:28.638948+00:00
315,5355831224,1.29,8.2,buy,False,2022-11-08T04:26:28.027761+00:00
316,5355831123,1.29,10.8,buy,False,2022-11-08T04:26:27.461910+00:00
317,5355830996,1.29,8.4,buy,False,2022-11-08T04:26:26.832255+00:00
318,5355830878,1.29,10.5,buy,False,2022-11-08T04:26:26.227758+00:00
319,5355830705,1.29,8.8,buy,False,2022-11-08T04:26:25.634850+00:00
320,5355830557,1.29,9.4,buy,False,2022-11-08T04:26:25.033357+00:00
321,5355830382,1.29,8.8,buy,False,2022-11-08T04:26:24.434760+00:00
322,5355830200,1.29,9.8,buy,False,2022-11-08T04:26:23.859177+00:00
323,5355830104,1.29,9.8,buy,False,2022-11-08T04:26:23.240373+00:00
324,5355829957,1.29,10.8,buy,False,2022-11-08T04:26:22.650352+00:00
325,5355829797,1.29,9.1,buy,False,2022-11-08T04:26:22.047160+00:00
326,5355829446,1.29,10.2,buy,False,2022-11-08T04:26:21.441963+00:00
327,5355829338,1.29,8.0,buy,False,2022-11-08T04:26:20.891297+00:00
328,5355829189,1.29,11.2,buy,False,2022-11-08T04:26:20.250168+00:00
329,5355829086,1.29,9.3,buy,False,2022-11-08T04:26:19.627030+00:00
330,5355828964,1.29,10.7,buy,False,2022-11-08T04:26:19.045185+00:00
331,5355828867,1.29,8.8,buy,False,2022-11-08T04:26:18.435959+00:00
332,5355828777,1.29,9.5,buy,False,2022-11-08T04:26:17.897824+00:00
333,5355828657,1.29,10.5,buy,False,2022-11-08T04:26:17.358021+00:00
334,5355828473,1.29,9.9,buy,False,2022-11-08T04:26:16.624107+00:00
335,5355828307,1.29,7.7,buy,False,2022-11-08T04:26:16.054874+00:00
336,5355828176,1.29,11.3,buy,False,2022-11-08T04:26:15.520926+00:00
337,5355827919,1.29,9.2,buy,False,2022-11-08T04:26:14.843954+00:00
338,5355827756,1.29,9.7,buy,False,2022-11-08T04:26:14.228539+00:00
339,5355827620,1.29,10.6,buy,False,2022-11-08T04:26:13.646631+00:00
340,5355827442,1.29,8.7,buy,False,2022-11-08T04:26:13.041001+00:00
341,5355827172,1.29,11.7,buy,False,2022-11-08T04:26:12.431908+00:00
342,5355826816,1.29,9.2,buy,False,2022-11-08T04:26:11.829396+00:00
343,5355826647,1.29,9.2,buy,False,2022-11-08T04:26:11.281564+00:00
344,5355826453,1.29,10.5,buy,False,2022-11-08T04:26:10.737201+00:00
345,5355826207,1.29,8.6,buy,False,2022-11-08T04:26:10.078629+00:00
346,5355825904,1.29,10.7,buy,False,2022-11-08T04:26:09.437381+00:00
347,5355825646,1.29,9.8,buy,False,2022-11-08T04:26:08.835856+00:00
348,5355825186,1.29,9.6,buy,False,2022-11-08T04:26:08.236966+00:00
349,5355825057,1.29,8.8,buy,False,2022-11-08T04:26:07.654724+00:00
350,5355824893,1.29,8.8,buy,False,2022-11-08T04:26:07.025249+00:00
351,5355824777,1.29,10.2,buy,False,2022-11-08T04:26:06.454674+00:00
352,5355824685,1.29,9.1,buy,False,2022-11-08T04:26:05.829307+00:00
353,5355824431,1.29,10.8,buy,False,2022-11-08T04:26:05.226094+00:00
354,5355824324,1.29,9.6,buy,False,2022-11-08T04:26:04.630128+00:00
355,5355824188,1.29,9.1,buy,False,2022-11-08T04:26:04.031495+00:00
356,5355824076,1.29,10.8,buy,False,2022-11-08T04:26:03.450556+00:00
357,5355823995,1.29,8.8,buy,False,2022-11-08T04:26:02.916725+00:00
358,5355823872,1.29,12.2,buy,False,2022-11-08T04:26:02.241084+00:00
359,5355823801,1.29,9.3,buy,False,2022-11-08T04:26:01.650346+00:00
360,5355823562,1.29,13.1,buy,False,2022-11-08T04:26:00.772598+00:00
361,5355823452,1.29,10.8,buy,False,2022-11-08T04:26:00.182086+00:00
362,5355823330,1.29,8.4,buy,False,2022-11-08T04:25:59.569489+00:00
363,5355823200,1.29,10.8,buy,False,2022-11-08T04:25:58.934021+00:00
364,5355823064,1.29,8.1,buy,False,2022-11-08T04:25:58.343719+00:00
365,5355822752,1.29,8.6,buy,False,2022-11-08T04:25:57.735956+00:00
366,5355822529,1.29,12.7,buy,False,2022-11-08T04:25:57.140953+00:00
367,5355822440,1.29,8.3,buy,False,2022-11-08T04:25:56.527971+00:00
368,5355822204,1.29,11.3,buy,False,2022-11-08T04:25:55.945888+00:00
369,5355821898,1.29,10.3,buy,False,2022-11-08T04:25:55.332276+00:00
370,5355821757,1.29,10.2,buy,False,2022-11-08T04:25:54.731647+00:00
371,5355821656,1.29,10.3,buy,False,2022-11-08T04:25:54.184694+00:00
372,5355821570,1.29,9.6,buy,False,2022-11-08T04:25:53.636830+00:00
373,5355821198,1.29,10.9,buy,False,2022-11-08T04:25:52.936122+00:00
374,5355821047,1.29,9.4,buy,False,2022-11-08T04:25:52.348752+00:00
375,5355820894,1.29,11.4,buy,False,2022-11-08T04:25:51.810781+00:00
376,5355820514,1.29,9.1,buy,False,2022-11-08T04:25:51.136907+00:00
377,5355820396,1.29,10.4,buy,False,2022-11-08T04:25:50.569785+00:00
378,5355820281,1.29,10.4,buy,False,2022-11-08T04:25:49.939105+00:00
379,5355820153,1.29,9.7,buy,False,2022-11-08T04:25:49.404686+00:00
380,5355819958,1.29,9.9,buy,False,2022-11-08T04:25:48.737661+00:00
381,5355819805,1.29,11.6,buy,False,2022-11-08T04:25:48.145025+00:00
382,5355819641,1.29,9.5,buy,False,2022-11-08T04:25:47.534194+00:00
383,5355819525,1.29,8.9,buy,False,2022-11-08T04:25:46.980656+00:00
384,5355819355,1.29,12.9,buy,False,2022-11-08T04:25:46.325116+00:00
385,5355819256,1.29,7.8,buy,False,2022-11-08T04:25:45.733967+00:00
386,5355819127,1.29,11.7,buy,False,2022-11-08T04:25:45.187792+00:00
387,5355818861,1.29,8.9,buy,False,2022-11-08T04:25:44.548806+00:00
388,5355818696,1.29,10.2,buy,False,2022-11-08T04:25:43.940976+00:00
389,5355818263,1.29,13.5,buy,False,2022-11-08T04:25:41.539029+00:00
390,5355818031,1.29,10.1,buy,False,2022-11-08T04:25:40.948882+00:00
391,5355817904,1.29,12.7,buy,False,2022-11-08T04:25:40.345741+00:00
392,5355817739,1.29,9.6,buy,False,2022-11-08T04:25:39.736893+00:00
393,5355817561,1.29,13.9,buy,False,2022-11-08T04:25:39.139703+00:00
394,5355814155,1.29,213.2,buy,False,2022-11-08T04:25:31.650174+00:00
395,5355814110,1.2918,245.4,sell,False,2022-11-08T04:25:31.576540+00:00
396,5355814109,1.2988,212.2,sell,False,2022-11-08T04:25:31.576540+00:00
397,5355814108,1.2999,213.0,sell,False,2022-11-08T04:25:31.576540+00:00
398,5355814107,1.3,217.5,sell,False,2022-11-08T04:25:31.576540+00:00
399,5349539862,1.3525,10.0,buy,False,2022-11-07T20:05:34.316216+00:00
400,5345124239,1.3161,14.6,buy,False,2022-11-07T11:15:56.728206+00:00
401,5345124235,1.3161,0.4,sell,False,2022-11-07T11:15:56.644543+00:00
402,5344534409,1.4002,0.4,sell,False,2022-11-07T09:59:27.398649+00:00
403,5344531866,1.4002,0.8,buy,False,2022-11-07T09:58:56.502076+00:00
404,5343313686,1.3655,117.4,buy,False,2022-11-07T07:48:10.408030+00:00
405,5343313685,1.3624,237.5,buy,False,2022-11-07T07:48:10.408030+00:00
406,5343313684,1.3583,213.9,buy,False,2022-11-07T07:48:10.408030+00:00
407,5343313683,1.3553,217.6,buy,False,2022-11-07T07:48:10.408030+00:00
408,5343313682,1.3553,115.6,buy,False,2022-11-07T07:48:10.408030+00:00
409,5341109284,1.3553,5.8,buy,False,2022-11-07T02:47:44.940783+00:00
410,5341109283,1.35,2.0,buy,False,2022-11-07T02:47:44.940783+00:00
411,5341104888,1.289,107.8,sell,False,2022-11-07T02:46:54.853869+00:00
412,5340998383,1.3553,98.0,buy,False,2022-11-07T02:30:23.367702+00:00
413,5340998382,1.35,1.0,buy,False,2022-11-07T02:30:23.367702+00:00
414,5340998381,1.34,1.0,buy,False,2022-11-07T02:30:23.367702+00:00
415,5340263008,1.289,100.6,sell,False,2022-11-07T01:05:41.214699+00:00
416,5334144246,1.3312,7.5,sell,False,2022-11-06T12:00:15.883966+00:00
417,5333492313,1.3583,10.1,buy,False,2022-11-06T10:06:44.043664+00:00
418,5318106024,1.2875,0.6,buy,False,2022-11-04T18:43:44.094130+00:00
419,5318105946,1.2875,8.1,buy,False,2022-11-04T18:43:43.351803+00:00
420,5318105465,1.2875,8.7,buy,False,2022-11-04T18:43:40.272505+00:00
421,5318105401,1.2875,8.0,buy,False,2022-11-04T18:43:39.733302+00:00
422,5317658488,1.2527,25.4,sell,False,2022-11-04T17:46:23.158040+00:00
423,5316825768,1.2739,3.3,buy,False,2022-11-04T16:09:15.988341+00:00
424,5316825630,1.2739,3.8,buy,False,2022-11-04T16:09:15.458213+00:00
425,5316825629,1.2738,12.1,buy,False,2022-11-04T16:09:15.458213+00:00
426,5316825537,1.2738,22.1,buy,False,2022-11-04T16:09:14.922336+00:00
427,5316825457,1.2738,16.8,buy,False,2022-11-04T16:09:14.391556+00:00
428,5316741045,1.2619,8.7,sell,False,2022-11-04T16:05:15.443858+00:00
429,5316740794,1.2619,8.1,sell,False,2022-11-04T16:05:14.891500+00:00
430,5316740628,1.2619,8.0,sell,False,2022-11-04T16:05:14.351378+00:00
431,5316740282,1.2619,11.3,sell,False,2022-11-04T16:05:13.819489+00:00
432,5316740183,1.2619,14.9,sell,False,2022-11-04T16:05:13.280364+00:00
433,5315810242,1.3025,64.0,sell,False,2022-11-04T14:53:26.983854+00:00
434,5315810241,1.3064,26.4,sell,False,2022-11-04T14:53:26.983854+00:00
435,5314971053,1.3219,0.4,sell,False,2022-11-04T14:03:57.295943+00:00
436,5314191299,1.3909,4.9,buy,False,2022-11-04T13:00:20.930483+00:00
437,5314190715,1.3909,21.5,buy,False,2022-11-04T13:00:19.510926+00:00
438,5314190178,1.3909,20.6,buy,False,2022-11-04T13:00:18.674056+00:00
439,5314190073,1.3909,21.2,buy,False,2022-11-04T13:00:18.140222+00:00
440,5314189943,1.3909,15.4,buy,False,2022-11-04T13:00:17.587747+00:00
441,5314189755,1.3909,16.3,buy,False,2022-11-04T13:00:16.956384+00:00
442,5314189632,1.3909,18.1,buy,False,2022-11-04T13:00:16.424037+00:00
443,5314189464,1.3909,12.9,buy,False,2022-11-04T13:00:15.836668+00:00
444,5314189340,1.3909,12.5,buy,False,2022-11-04T13:00:15.302705+00:00
445,5314189214,1.3909,12.5,buy,False,2022-11-04T13:00:14.733582+00:00
446,5314189090,1.3909,9.6,buy,False,2022-11-04T13:00:14.191934+00:00
447,5314188981,1.3909,9.5,buy,False,2022-11-04T13:00:13.639271+00:00
448,5314188896,1.3909,7.4,buy,False,2022-11-04T13:00:13.102270+00:00
449,5314188799,1.3909,8.4,buy,False,2022-11-04T13:00:12.561335+00:00
450,5314188636,1.3909,8.4,buy,False,2022-11-04T13:00:12.018297+00:00
451,5314188454,1.3909,7.5,buy,False,2022-11-04T13:00:11.478711+00:00
452,5314184972,1.3909,7.6,buy,False,2022-11-04T13:00:02.369430+00:00
453,5314184300,1.3909,7.3,buy,False,2022-11-04T13:00:01.837296+00:00
454,5314183886,1.3909,7.4,buy,False,2022-11-04T13:00:01.127377+00:00
455,5314183430,1.3909,7.7,buy,False,2022-11-04T13:00:00.415947+00:00
456,5314182771,1.3909,7.6,buy,False,2022-11-04T12:59:59.746696+00:00
457,5314182628,1.3909,7.4,buy,False,2022-11-04T12:59:59.214898+00:00
458,5314182357,1.3909,7.8,buy,False,2022-11-04T12:59:58.505208+00:00
459,5314181860,1.3909,14.3,buy,False,2022-11-04T12:59:57.282012+00:00
460,5314181424,1.3909,13.4,buy,False,2022-11-04T12:59:56.403906+00:00
461,5314180404,1.3909,14.2,buy,False,2022-11-04T12:59:55.465669+00:00
462,5314180187,1.3909,14.0,buy,False,2022-11-04T12:59:54.853616+00:00
463,5314179968,1.3909,15.6,buy,False,2022-11-04T12:59:54.262205+00:00
464,5314179555,1.3909,15.1,buy,False,2022-11-04T12:59:53.715774+00:00
465,5314179165,1.3909,16.7,buy,False,2022-11-04T12:59:53.174316+00:00
466,5314178958,1.3909,16.1,buy,False,2022-11-04T12:59:52.640520+00:00
467,5314178618,1.3909,14.1,buy,False,2022-11-04T12:59:52.107393+00:00
468,5314178483,1.3909,11.3,buy,False,2022-11-04T12:59:51.578730+00:00
469,5314178382,1.3909,12.3,buy,False,2022-11-04T12:59:51.043367+00:00
470,5314178285,1.3909,9.9,buy,False,2022-11-04T12:59:50.504063+00:00
471,5314178107,1.3909,10.3,buy,False,2022-11-04T12:59:49.972701+00:00
472,5314177790,1.3909,12.8,buy,False,2022-11-04T12:59:49.433320+00:00
473,5314177355,1.3909,12.7,buy,False,2022-11-04T12:59:48.893581+00:00
474,5314177206,1.3909,12.4,buy,False,2022-11-04T12:59:48.359963+00:00
475,5314176939,1.3909,9.1,buy,False,2022-11-04T12:59:47.738679+00:00
476,5314176838,1.3909,10.8,buy,False,2022-11-04T12:59:47.200604+00:00
477,5314176669,1.3909,10.1,buy,False,2022-11-04T12:59:46.663141+00:00
478,5314176540,1.3909,10.2,buy,False,2022-11-04T12:59:46.129047+00:00
479,5314176277,1.3909,10.3,buy,False,2022-11-04T12:59:45.576953+00:00
480,5314176144,1.3909,8.3,buy,False,2022-11-04T12:59:44.988723+00:00
481,5314176001,1.3909,8.8,buy,False,2022-11-04T12:59:44.352458+00:00
482,5314175912,1.3909,9.1,buy,False,2022-11-04T12:59:43.740085+00:00
483,5314175780,1.3909,7.7,buy,False,2022-11-04T12:59:43.163013+00:00
484,5314175596,1.3909,9.3,buy,False,2022-11-04T12:59:42.578185+00:00
485,5314175101,1.3909,10.2,buy,False,2022-11-04T12:59:42.048372+00:00
486,5314174960,1.3909,9.7,buy,False,2022-11-04T12:59:41.517297+00:00
487,5314173799,1.3909,8.1,buy,False,2022-11-04T12:59:40.977609+00:00
488,5314173545,1.3909,7.7,buy,False,2022-11-04T12:59:40.440023+00:00
489,5314173445,1.3909,7.9,buy,False,2022-11-04T12:59:39.896703+00:00
490,5314173331,1.3909,8.1,buy,False,2022-11-04T12:59:39.348906+00:00
491,5314156675,1.3909,8.4,buy,False,2022-11-04T12:58:59.460482+00:00
492,5314156459,1.3909,11.1,buy,False,2022-11-04T12:58:58.925294+00:00
493,5314156208,1.3909,9.5,buy,False,2022-11-04T12:58:58.395395+00:00
494,5314156051,1.3909,11.1,buy,False,2022-11-04T12:58:57.864462+00:00
495,5314155919,1.3909,11.1,buy,False,2022-11-04T12:58:57.326738+00:00
496,5314155719,1.3909,9.8,buy,False,2022-11-04T12:58:56.791394+00:00
497,5314155527,1.3909,7.7,buy,False,2022-11-04T12:58:56.255526+00:00
498,5314155290,1.3909,7.6,buy,False,2022-11-04T12:58:55.694787+00:00
499,5314155170,1.3909,7.3,buy,False,2022-11-04T12:58:55.154121+00:00
500,5314154967,1.3909,7.5,buy,False,2022-11-04T12:58:54.610595+00:00
501,5314154415,1.3909,7.4,buy,False,2022-11-04T12:58:54.083990+00:00
502,5314154098,1.3909,7.6,buy,False,2022-11-04T12:58:53.549685+00:00
503,5314153544,1.3909,8.0,buy,False,2022-11-04T12:58:52.837891+00:00
504,5314152358,1.3909,8.5,buy,False,2022-11-04T12:58:52.280691+00:00
505,5314151999,1.3909,7.6,buy,False,2022-11-04T12:58:51.746525+00:00
506,5314151826,1.3909,7.9,buy,False,2022-11-04T12:58:51.212958+00:00
507,5314151517,1.3909,7.5,buy,False,2022-11-04T12:58:50.670732+00:00
508,5314151447,1.3909,7.8,buy,False,2022-11-04T12:58:50.140352+00:00
509,5314151348,1.3909,7.3,buy,False,2022-11-04T12:58:49.606025+00:00
510,5314151295,1.3909,7.2,buy,False,2022-11-04T12:58:49.051825+00:00
511,5314151237,1.3909,7.7,buy,False,2022-11-04T12:58:48.497758+00:00
512,5314151145,1.3909,7.5,buy,False,2022-11-04T12:58:47.969797+00:00
513,5314150918,1.3909,7.8,buy,False,2022-11-04T12:58:47.423269+00:00
514,5314150832,1.3909,8.1,buy,False,2022-11-04T12:58:46.886588+00:00
515,5314150789,1.3909,10.5,buy,False,2022-11-04T12:58:46.336638+00:00
516,5314150729,1.3909,9.3,buy,False,2022-11-04T12:58:45.808156+00:00
517,5314150651,1.3909,10.3,buy,False,2022-11-04T12:58:45.276635+00:00
518,5314150572,1.3909,9.9,buy,False,2022-11-04T12:58:44.742384+00:00
519,5314150463,1.3909,7.4,buy,False,2022-11-04T12:58:44.205484+00:00
520,5314150282,1.3909,7.8,buy,False,2022-11-04T12:58:43.511977+00:00
521,5314150037,1.3909,7.6,buy,False,2022-11-04T12:58:42.926419+00:00
522,5314149869,1.3909,7.4,buy,False,2022-11-04T12:58:42.388443+00:00
523,5314149720,1.3909,8.4,buy,False,2022-11-04T12:58:41.859017+00:00
524,5314149589,1.3909,8.8,buy,False,2022-11-04T12:58:41.291731+00:00
525,5314148723,1.3909,7.2,buy,False,2022-11-04T12:58:40.758954+00:00
526,5314148452,1.3909,7.2,buy,False,2022-11-04T12:58:40.223994+00:00
527,5314148368,1.3909,7.2,buy,False,2022-11-04T12:58:39.592551+00:00
528,5314148156,1.3909,8.1,buy,False,2022-11-04T12:58:39.032944+00:00
529,5314148064,1.3909,7.2,buy,False,2022-11-04T12:58:38.475138+00:00
530,5314147919,1.3909,8.0,buy,False,2022-11-04T12:58:37.567894+00:00
531,5314147557,1.3909,9.8,buy,False,2022-11-04T12:58:36.980849+00:00
532,5314147480,1.3909,9.3,buy,False,2022-11-04T12:58:36.447639+00:00
533,5314147317,1.3909,10.3,buy,False,2022-11-04T12:58:35.916895+00:00
534,5314146840,1.3909,13.3,buy,False,2022-11-04T12:58:35.384554+00:00
535,5314146147,1.3909,13.3,buy,False,2022-11-04T12:58:34.836897+00:00
536,5314145926,1.3909,12.5,buy,False,2022-11-04T12:58:34.282453+00:00
537,5314145770,1.3909,10.4,buy,False,2022-11-04T12:58:33.741013+00:00
538,5314145466,1.3909,12.1,buy,False,2022-11-04T12:58:33.208968+00:00
539,5314145314,1.3909,12.0,buy,False,2022-11-04T12:58:32.667408+00:00
540,5314145142,1.3909,8.9,buy,False,2022-11-04T12:58:32.122637+00:00
541,5314145030,1.3909,8.0,buy,False,2022-11-04T12:58:31.586573+00:00
542,5314144978,1.3909,7.8,buy,False,2022-11-04T12:58:31.044963+00:00
543,5314023644,1.3909,7.3,buy,False,2022-11-04T12:47:58.978021+00:00
544,5314023027,1.3909,7.3,buy,False,2022-11-04T12:47:56.102978+00:00
545,5314022739,1.3909,7.7,buy,False,2022-11-04T12:47:54.863632+00:00
546,5314022555,1.3909,9.4,buy,False,2022-11-04T12:47:54.289726+00:00
547,5314022076,1.3909,11.4,buy,False,2022-11-04T12:47:53.371012+00:00
548,5314021945,1.3909,13.6,buy,False,2022-11-04T12:47:52.465852+00:00
549,5314021843,1.3909,8.9,buy,False,2022-11-04T12:47:51.928498+00:00
550,5314021694,1.3909,7.3,buy,False,2022-11-04T12:47:51.375601+00:00
551,5314021412,1.3909,12.6,buy,False,2022-11-04T12:47:50.377821+00:00
552,5314021360,1.3909,11.5,buy,False,2022-11-04T12:47:49.779030+00:00
553,5314021160,1.3909,14.5,buy,False,2022-11-04T12:47:48.880533+00:00
554,5314020877,1.3909,19.0,buy,False,2022-11-04T12:47:47.434844+00:00
555,5314020723,1.3909,14.3,buy,False,2022-11-04T12:47:46.897744+00:00
556,5314020502,1.3909,13.0,buy,False,2022-11-04T12:47:46.335775+00:00
557,5314020292,1.3909,14.5,buy,False,2022-11-04T12:47:45.702904+00:00
558,5314020026,1.3909,14.2,buy,False,2022-11-04T12:47:45.164780+00:00
559,5314018818,1.3909,16.1,buy,False,2022-11-04T12:47:44.623950+00:00
560,5314018556,1.3909,14.3,buy,False,2022-11-04T12:47:44.085665+00:00
561,5314018397,1.3909,15.2,buy,False,2022-11-04T12:47:43.549415+00:00
562,5314018178,1.3909,12.5,buy,False,2022-11-04T12:47:42.983344+00:00
563,5314018100,1.3909,7.9,buy,False,2022-11-04T12:47:42.445686+00:00
564,5314017993,1.3909,8.6,buy,False,2022-11-04T12:47:41.906671+00:00
565,5314017860,1.3909,12.9,buy,False,2022-11-04T12:47:41.345685+00:00
566,5314017807,1.3909,9.4,buy,False,2022-11-04T12:47:40.807709+00:00
567,5314017645,1.3909,9.2,buy,False,2022-11-04T12:47:40.273358+00:00
568,5314017572,1.3909,12.7,buy,False,2022-11-04T12:47:39.743825+00:00
569,5314017469,1.3909,7.8,buy,False,2022-11-04T12:47:39.216269+00:00
570,5314017365,1.3909,10.4,buy,False,2022-11-04T12:47:38.685144+00:00
571,5314017218,1.3909,9.5,buy,False,2022-11-04T12:47:38.143615+00:00
572,5314017148,1.3909,13.1,buy,False,2022-11-04T12:47:37.610610+00:00
573,5314017063,1.3909,12.8,buy,False,2022-11-04T12:47:37.080334+00:00
574,5314016965,1.3909,12.0,buy,False,2022-11-04T12:47:36.548023+00:00
575,5314016861,1.3909,12.4,buy,False,2022-11-04T12:47:35.820272+00:00
576,5314016785,1.3909,8.1,buy,False,2022-11-04T12:47:35.287962+00:00
577,5314016696,1.3909,8.1,buy,False,2022-11-04T12:47:34.695449+00:00
578,5314016636,1.3909,9.5,buy,False,2022-11-04T12:47:34.163587+00:00
579,5314016469,1.3909,4.8,buy,False,2022-11-04T12:47:33.522324+00:00
580,5314016468,1.3908,5.9,buy,False,2022-11-04T12:47:33.522324+00:00
581,5314016350,1.3908,11.4,buy,False,2022-11-04T12:47:32.980412+00:00
582,5314016026,1.3908,9.4,buy,False,2022-11-04T12:47:32.452780+00:00
583,5314015891,1.3908,8.3,buy,False,2022-11-04T12:47:31.903016+00:00
584,5314015703,1.3908,8.3,buy,False,2022-11-04T12:47:31.367827+00:00
585,5314015576,1.3908,9.2,buy,False,2022-11-04T12:47:30.837710+00:00
586,5313420154,1.3909,7.1,sell,False,2022-11-04T12:17:53.573324+00:00
587,5312099080,1.4192,9.8,buy,False,2022-11-04T09:31:38.966838+00:00
588,5312099079,1.41,1.0,buy,False,2022-11-04T09:31:38.966838+00:00
589,5312099078,1.4063,1.0,buy,False,2022-11-04T09:31:38.966838+00:00
590,5312099077,1.4,1.0,buy,False,2022-11-04T09:31:38.966838+00:00
591,5306116338,1.4063,0.2,sell,False,2022-11-03T20:45:22.015805+00:00
592,5306116337,1.4063,0.1,sell,False,2022-11-03T20:45:22.015318+00:00
593,5306116336,1.4063,0.1,sell,False,2022-11-03T20:45:22.009970+00:00
594,5306115457,1.4169,19.4,buy,False,2022-11-03T20:45:13.918304+00:00
595,5306115456,1.4063,1.5,buy,False,2022-11-03T20:45:13.918304+00:00
596,5303675683,1.3116,24.4,sell,False,2022-11-03T14:27:27.769094+00:00
597,5303675682,1.3117,6.7,sell,False,2022-11-03T14:27:27.769094+00:00
598,5303638716,1.3125,5.4,buy,False,2022-11-03T14:23:40.639445+00:00
599,5303638625,1.3125,17.6,buy,False,2022-11-03T14:23:40.104850+00:00
600,5303638307,1.3125,16.6,buy,False,2022-11-03T14:23:39.451523+00:00
601,5302242283,1.235,0.8,sell,False,2022-11-03T11:48:06.942915+00:00
602,5302077700,1.235,8.1,sell,False,2022-11-03T11:35:02.696527+00:00
603,5297603773,1.204,1.0,sell,False,2022-11-02T23:41:26.260401+00:00
604,5297603769,1.2491,8.5,sell,False,2022-11-02T23:41:26.258810+00:00
605,5297603768,1.2627,4.0,sell,False,2022-11-02T23:41:26.258810+00:00
606,5297603766,1.2627,1.0,sell,False,2022-11-02T23:41:26.233021+00:00
607,5297603744,1.2627,1.6,sell,False,2022-11-02T23:41:25.819728+00:00
608,5297603742,1.2627,1.6,sell,False,2022-11-02T23:41:25.728991+00:00
609,5297603724,1.276,6.4,sell,False,2022-11-02T23:41:25.507816+00:00
610,5297603704,1.276,1.5,sell,False,2022-11-02T23:41:25.270926+00:00
611,5297602978,1.2884,7.8,buy,False,2022-11-02T23:41:13.823874+00:00
612,5297595169,1.2039,85.6,sell,False,2022-11-02T23:39:26.898484+00:00
613,5297587906,1.2016,71.8,sell,False,2022-11-02T23:37:44.945279+00:00
614,5297587905,1.2096,239.9,sell,False,2022-11-02T23:37:44.945279+00:00
615,5297587904,1.2097,26.3,sell,False,2022-11-02T23:37:44.945279+00:00
616,5297587903,1.22,2.0,sell,False,2022-11-02T23:37:44.945279+00:00
617,5297587902,1.2402,39.7,sell,False,2022-11-02T23:37:44.945279+00:00
618,5296511690,1.2444,0.1,buy,False,2022-11-02T20:31:17.199396+00:00
619,5296511480,1.2444,8.0,buy,False,2022-11-02T20:31:16.527555+00:00
620,5295656663,1.2569,16.0,sell,False,2022-11-02T19:28:09.671900+00:00
621,5294466065,1.3103,7.7,sell,False,2022-11-02T18:37:35.342289+00:00
622,5293902644,1.3363,7.5,buy,False,2022-11-02T18:10:39.367681+00:00
623,5292831201,1.2745,8.8,buy,False,2022-11-02T16:45:12.080707+00:00
624,5292831011,1.2745,8.2,buy,False,2022-11-02T16:45:11.330394+00:00
625,5291788460,1.3037,0.7,sell,False,2022-11-02T13:30:07.907390+00:00
626,5291573824,1.35,1.2,sell,False,2022-11-02T12:42:58.350699+00:00
627,5291573784,1.35,13.9,sell,False,2022-11-02T12:42:57.697959+00:00
628,5291573741,1.35,13.5,sell,False,2022-11-02T12:42:57.049036+00:00
629,5291573700,1.35,12.4,sell,False,2022-11-02T12:42:56.390768+00:00
630,5291573659,1.35,11.4,sell,False,2022-11-02T12:42:55.747580+00:00
631,5291573622,1.35,10.3,sell,False,2022-11-02T12:42:55.087771+00:00
632,5291573594,1.35,9.2,sell,False,2022-11-02T12:42:54.362327+00:00
633,5291573578,1.35,9.7,sell,False,2022-11-02T12:42:53.706396+00:00
634,5291573555,1.35,7.5,sell,False,2022-11-02T12:42:53.049284+00:00
635,5291573532,1.35,0.4,sell,False,2022-11-02T12:42:52.404287+00:00
636,5291573531,1.3501,7.4,sell,False,2022-11-02T12:42:52.404287+00:00
637,5291573508,1.3501,8.7,sell,False,2022-11-02T12:42:51.732737+00:00
638,5291573480,1.3501,8.4,sell,False,2022-11-02T12:42:51.080509+00:00
639,5291573453,1.3501,8.8,sell,False,2022-11-02T12:42:50.434418+00:00
640,5291573423,1.3501,8.5,sell,False,2022-11-02T12:42:49.789369+00:00
641,5291573329,1.3501,7.5,sell,False,2022-11-02T12:42:49.145462+00:00
642,5291573308,1.3501,7.9,sell,False,2022-11-02T12:42:48.484865+00:00
643,5291573280,1.3501,7.6,sell,False,2022-11-02T12:42:47.749619+00:00
644,5291573254,1.3501,7.7,sell,False,2022-11-02T12:42:46.827882+00:00
645,5291573227,1.3501,7.5,sell,False,2022-11-02T12:42:46.158496+00:00
646,5285604706,1.3837,33.0,buy,False,2022-11-01T20:23:36.386346+00:00
647,5283712276,1.3845,0.8,buy,False,2022-11-01T14:18:05.363564+00:00
648,5283218206,1.3723,60.0,sell,False,2022-11-01T13:35:31.386563+00:00
649,5283217492,1.3718,17.7,buy,False,2022-11-01T13:35:24.485869+00:00
650,5283217442,1.3718,13.8,buy,False,2022-11-01T13:35:23.956618+00:00
651,5283190563,1.3939,19.8,sell,False,2022-11-01T13:32:05.187050+00:00
652,5283190418,1.3939,11.7,sell,False,2022-11-01T13:32:04.658422+00:00
653,5283189670,1.4118,0.4,sell,False,2022-11-01T13:32:01.892950+00:00
654,5283113278,1.4888,2.0,buy,False,2022-11-01T13:18:58.693076+00:00
655,5283009291,1.4888,10.0,buy,False,2022-11-01T12:59:50.373610+00:00
656,5282988909,1.4888,50.0,buy,False,2022-11-01T12:56:27.409506+00:00
657,5282798493,1.5144,148.9,buy,False,2022-11-01T12:20:21.768769+00:00
658,5282798492,1.5095,210.2,buy,False,2022-11-01T12:20:21.768769+00:00
659,5282798491,1.5095,231.3,buy,False,2022-11-01T12:20:21.768769+00:00
660,5282798490,1.5094,72.1,buy,False,2022-11-01T12:20:21.768769+00:00
661,5281086544,1.4542,0.1,sell,False,2022-11-01T08:21:24.733602+00:00
662,5281086543,1.4542,0.1,sell,False,2022-11-01T08:21:24.730176+00:00
663,5281086521,1.502,0.4,sell,False,2022-11-01T08:21:24.633389+00:00
664,5281081607,1.4744,0.4,buy,False,2022-11-01T08:20:25.261856+00:00
665,5278141105,1.4621,15.0,buy,False,2022-11-01T00:12:22.140628+00:00
666,5277191975,1.4015,139.5,sell,False,2022-10-31T21:42:00.443586+00:00
667,5277191974,1.4016,72.1,sell,False,2022-10-31T21:42:00.443586+00:00
668,5277160672,1.4728,13.0,buy,False,2022-10-31T21:34:16.261362+00:00
669,5277160671,1.4693,198.6,buy,False,2022-10-31T21:34:16.261362+00:00
670,5275832115,1.414,540.0,sell,False,2022-10-31T17:38:38.496307+00:00
671,5275768546,1.4046,201.7,buy,False,2022-10-31T17:27:54.219683+00:00
672,5275767552,1.4046,222.5,buy,False,2022-10-31T17:27:42.767503+00:00
673,5275766629,1.4046,208.9,buy,False,2022-10-31T17:27:31.968957+00:00
674,5275765491,1.4046,209.0,buy,False,2022-10-31T17:27:21.215114+00:00
675,5275764357,1.4046,221.9,buy,False,2022-10-31T17:27:09.871190+00:00
676,5275763069,1.4046,209.5,buy,False,2022-10-31T17:26:58.975370+00:00
677,5275761976,1.4046,216.1,buy,False,2022-10-31T17:26:47.944596+00:00
678,5275756758,1.4046,198.8,buy,False,2022-10-31T17:25:51.730443+00:00
679,5275755818,1.4046,207.9,buy,False,2022-10-31T17:25:40.940578+00:00
680,5275754588,1.4046,205.3,buy,False,2022-10-31T17:25:30.139761+00:00
681,5275752464,1.4046,200.7,buy,False,2022-10-31T17:25:13.571123+00:00
682,5275752388,1.4046,219.0,buy,False,2022-10-31T17:25:13.041766+00:00
683,5275750247,1.4046,194.7,buy,False,2022-10-31T17:25:02.840785+00:00
684,5275749396,1.4046,193.5,buy,False,2022-10-31T17:24:52.648752+00:00
685,5275748547,1.4046,196.8,buy,False,2022-10-31T17:24:42.183748+00:00
686,5275747153,1.4046,218.2,buy,False,2022-10-31T17:24:31.040889+00:00
687,5275746332,1.4046,197.6,buy,False,2022-10-31T17:24:20.531965+00:00
688,5275745392,1.4046,201.1,buy,False,2022-10-31T17:24:10.041611+00:00
689,5275743908,1.4046,204.0,buy,False,2022-10-31T17:23:59.262536+00:00
690,5275743037,1.4046,220.2,buy,False,2022-10-31T17:23:48.145591+00:00
691,5275742104,1.4046,222.7,buy,False,2022-10-31T17:23:36.727972+00:00
692,5275741463,1.4046,198.6,buy,False,2022-10-31T17:23:26.242742+00:00
693,5275740267,1.4046,225.6,buy,False,2022-10-31T17:23:14.844293+00:00
694,5275739244,1.4046,211.7,buy,False,2022-10-31T17:23:02.621109+00:00
695,5275739240,1.4046,36.2,buy,False,2022-10-31T17:23:02.542567+00:00
696,5275738909,1.4046,30.9,buy,False,2022-10-31T17:23:00.143659+00:00
697,5275738714,1.4046,28.1,buy,False,2022-10-31T17:22:58.346238+00:00
698,5275738550,1.4046,25.5,buy,False,2022-10-31T17:22:56.560596+00:00
699,5275738248,1.4046,32.4,buy,False,2022-10-31T17:22:54.137939+00:00
700,5275738145,1.4046,29.9,buy,False,2022-10-31T17:22:52.026177+00:00
701,5275737989,1.4046,34.3,buy,False,2022-10-31T17:22:49.638441+00:00
702,5275737817,1.4046,32.6,buy,False,2022-10-31T17:22:47.243067+00:00
703,5275737458,1.4046,40.3,buy,False,2022-10-31T17:22:42.685809+00:00
704,5275737428,1.4046,37.4,buy,False,2022-10-31T17:22:42.149944+00:00
705,5275736994,1.4046,41.0,buy,False,2022-10-31T17:22:39.458328+00:00
706,5275736916,1.4046,38.4,buy,False,2022-10-31T17:22:38.204715+00:00
707,5275736847,1.4046,7.1,buy,False,2022-10-31T17:22:37.199595+00:00
708,5275735649,1.4046,212.7,buy,False,2022-10-31T17:22:24.740053+00:00
709,5275734167,1.4046,228.4,buy,False,2022-10-31T17:22:13.341972+00:00
710,5275732970,1.4046,224.2,buy,False,2022-10-31T17:22:01.941775+00:00
711,5275731998,1.4046,204.3,buy,False,2022-10-31T17:21:51.436952+00:00
712,5275730871,1.4046,213.4,buy,False,2022-10-31T17:21:40.382307+00:00
713,5275729890,1.4046,199.9,buy,False,2022-10-31T17:21:29.840314+00:00
714,5275728431,1.4046,210.6,buy,False,2022-10-31T17:21:18.743931+00:00
715,5275727406,1.4046,227.5,buy,False,2022-10-31T17:21:07.374340+00:00
716,5275725566,1.4046,217.9,buy,False,2022-10-31T17:20:56.236767+00:00
717,5275724040,1.4046,211.8,buy,False,2022-10-31T17:20:39.976486+00:00
718,5275723931,1.4046,190.0,buy,False,2022-10-31T17:20:39.437363+00:00
719,5275722822,1.4046,199.1,buy,False,2022-10-31T17:20:28.943455+00:00
720,5275721855,1.4046,119.1,buy,False,2022-10-31T17:20:18.723347+00:00
721,5275721854,1.4045,71.9,buy,False,2022-10-31T17:20:18.723347+00:00
722,5275717422,1.4046,227.9,buy,False,2022-10-31T17:19:57.053859+00:00
723,5275717419,1.4046,71.9,sell,False,2022-10-31T17:19:56.983880+00:00
724,5275717418,1.4145,621.2,sell,False,2022-10-31T17:19:56.983880+00:00
725,5275240552,1.3742,26.5,sell,False,2022-10-31T16:22:43.067282+00:00
726,5274792573,1.4,1.0,buy,False,2022-10-31T15:42:44.763354+00:00
727,5274697798,1.4,75.0,sell,False,2022-10-31T15:28:53.151801+00:00
728,5274693900,1.4024,0.4,buy,False,2022-10-31T15:28:24.947600+00:00
729,5274688539,1.39,19.3,buy,False,2022-10-31T15:27:58.377596+00:00
730,5274675602,1.3498,0.4,buy,False,2022-10-31T15:26:08.197902+00:00
731,5274651813,1.33,15.5,sell,False,2022-10-31T15:22:47.535063+00:00
732,5274352232,1.294,2.4,buy,False,2022-10-31T14:53:18.977672+00:00
733,5274351914,1.294,19.0,buy,False,2022-10-31T14:53:17.494551+00:00
734,5274351740,1.294,20.4,buy,False,2022-10-31T14:53:16.273364+00:00
735,5274351327,1.294,22.3,buy,False,2022-10-31T14:53:14.783281+00:00
736,5274350879,1.294,25.7,buy,False,2022-10-31T14:53:12.984353+00:00
737,5274350624,1.294,27.3,buy,False,2022-10-31T14:53:11.185431+00:00
738,5274350399,1.294,26.4,buy,False,2022-10-31T14:53:09.385341+00:00
739,5274350122,1.294,27.3,buy,False,2022-10-31T14:53:07.588938+00:00
740,5274349937,1.294,24.8,buy,False,2022-10-31T14:53:06.087964+00:00
741,5274349679,1.294,27.0,buy,False,2022-10-31T14:53:04.286882+00:00
742,5274349196,1.294,25.9,buy,False,2022-10-31T14:53:02.485310+00:00
743,5274348973,1.294,25.1,buy,False,2022-10-31T14:53:00.730486+00:00
744,5274348625,1.294,23.7,buy,False,2022-10-31T14:52:59.189688+00:00
745,5274348302,1.294,23.2,buy,False,2022-10-31T14:52:57.688887+00:00
746,5274348092,1.294,25.7,buy,False,2022-10-31T14:52:56.069478+00:00
747,5274347462,1.294,25.2,buy,False,2022-10-31T14:52:54.085290+00:00
748,5274347266,1.294,25.8,buy,False,2022-10-31T14:52:52.585016+00:00
749,5274346927,1.294,27.6,buy,False,2022-10-31T14:52:50.788278+00:00
750,5274346583,1.294,23.9,buy,False,2022-10-31T14:52:48.979609+00:00
751,5274346358,1.294,22.5,buy,False,2022-10-31T14:52:47.478400+00:00
752,5274346112,1.294,22.6,buy,False,2022-10-31T14:52:45.981424+00:00
753,5274345887,1.294,25.1,buy,False,2022-10-31T14:52:44.632123+00:00
754,5274345355,1.294,26.7,buy,False,2022-10-31T14:52:42.671557+00:00
755,5274344983,1.294,26.9,buy,False,2022-10-31T14:52:40.880552+00:00
756,5274344741,1.294,23.5,buy,False,2022-10-31T14:52:39.081266+00:00
757,5274344499,1.294,24.4,buy,False,2022-10-31T14:52:37.583861+00:00
758,5274343945,1.294,25.0,buy,False,2022-10-31T14:52:35.799982+00:00
759,5274343746,1.294,27.9,buy,False,2022-10-31T14:52:33.980494+00:00
760,5274343580,1.294,26.8,buy,False,2022-10-31T14:52:32.196630+00:00
761,5274342985,1.294,26.1,buy,False,2022-10-31T14:52:27.261763+00:00
762,5274342896,1.294,24.7,buy,False,2022-10-31T14:52:26.707655+00:00
763,5274342820,1.294,27.2,buy,False,2022-10-31T14:52:26.179301+00:00
764,5274342521,1.294,28.1,buy,False,2022-10-31T14:52:24.670822+00:00
765,5274341513,1.294,27.8,buy,False,2022-10-31T14:52:21.784251+00:00
766,5274341375,1.294,27.9,buy,False,2022-10-31T14:52:21.249398+00:00
767,5274341119,1.294,22.3,buy,False,2022-10-31T14:52:20.720559+00:00
768,5274340942,1.294,22.1,buy,False,2022-10-31T14:52:20.193332+00:00
769,5274340509,1.294,23.2,buy,False,2022-10-31T14:52:18.683634+00:00
770,5274340142,1.294,22.1,buy,False,2022-10-31T14:52:17.188866+00:00
771,5274339947,1.294,23.7,buy,False,2022-10-31T14:52:15.683840+00:00
772,5274339683,1.294,23.5,buy,False,2022-10-31T14:52:13.884529+00:00
773,5274339083,1.294,25.1,buy,False,2022-10-31T14:52:12.379679+00:00
774,5274338862,1.294,25.3,buy,False,2022-10-31T14:52:10.644629+00:00
775,5274338688,1.294,25.7,buy,False,2022-10-31T14:52:09.082466+00:00
776,5274338105,1.294,25.2,buy,False,2022-10-31T14:52:06.304664+00:00
777,5274338044,1.294,24.6,buy,False,2022-10-31T14:52:05.775695+00:00
778,5274337803,1.294,23.4,buy,False,2022-10-31T14:52:04.274585+00:00
779,5274337567,1.294,23.9,buy,False,2022-10-31T14:52:02.487759+00:00
780,5274337321,1.294,27.4,buy,False,2022-10-31T14:52:00.873367+00:00
781,5274336955,1.294,28.4,buy,False,2022-10-31T14:51:58.889187+00:00
782,5274336740,1.294,26.3,buy,False,2022-10-31T14:51:57.078554+00:00
783,5274336473,1.294,26.5,buy,False,2022-10-31T14:51:55.283328+00:00
784,5274336170,1.294,27.0,buy,False,2022-10-31T14:51:53.481552+00:00
785,5274335895,1.294,26.7,buy,False,2022-10-31T14:51:51.722578+00:00
786,5274335484,1.294,28.5,buy,False,2022-10-31T14:51:49.891420+00:00
787,5274335265,1.294,25.4,buy,False,2022-10-31T14:51:48.082972+00:00
788,5274335124,1.294,21.2,buy,False,2022-10-31T14:51:46.876742+00:00
789,5274334817,1.294,27.1,buy,False,2022-10-31T14:51:45.082897+00:00
790,5274334208,1.294,28.0,buy,False,2022-10-31T14:51:42.996630+00:00
791,5274333981,1.294,25.1,buy,False,2022-10-31T14:51:41.562496+00:00
792,5274333622,1.294,26.9,buy,False,2022-10-31T14:51:39.700110+00:00
793,5274333246,1.294,24.1,buy,False,2022-10-31T14:51:37.886539+00:00
794,5274333059,1.294,25.4,buy,False,2022-10-31T14:51:36.395275+00:00
795,5274332886,1.294,27.6,buy,False,2022-10-31T14:51:34.593767+00:00
796,5274332669,1.294,28.7,buy,False,2022-10-31T14:51:32.516303+00:00
797,5274331949,1.294,27.8,buy,False,2022-10-31T14:51:27.819807+00:00
798,5274331883,1.294,28.6,buy,False,2022-10-31T14:51:27.244666+00:00
799,5274331668,1.294,26.8,buy,False,2022-10-31T14:51:26.711470+00:00
800,5274331479,1.294,25.5,buy,False,2022-10-31T14:51:26.183585+00:00
801,5274331032,1.294,26.8,buy,False,2022-10-31T14:51:24.377829+00:00
802,5274330882,1.294,25.2,buy,False,2022-10-31T14:51:22.579398+00:00
803,5274330723,1.294,24.6,buy,False,2022-10-31T14:51:21.078764+00:00
804,5274330558,1.294,26.4,buy,False,2022-10-31T14:51:19.284864+00:00
805,5274330302,1.294,20.9,buy,False,2022-10-31T14:51:17.780399+00:00
806,5274329807,1.294,22.4,buy,False,2022-10-31T14:51:16.303640+00:00
807,5274329080,1.294,28.5,buy,False,2022-10-31T14:51:14.583955+00:00
808,5274328870,1.294,25.5,buy,False,2022-10-31T14:51:12.687812+00:00
809,5274328654,1.294,27.1,buy,False,2022-10-31T14:51:10.889970+00:00
810,5274328487,1.294,28.1,buy,False,2022-10-31T14:51:09.097502+00:00
811,5274328360,1.294,24.9,buy,False,2022-10-31T14:51:07.284901+00:00
812,5274328079,1.294,24.8,buy,False,2022-10-31T14:51:04.538641+00:00
813,5274328027,1.294,26.3,buy,False,2022-10-31T14:51:03.985394+00:00
814,5274327795,1.294,25.3,buy,False,2022-10-31T14:51:02.484685+00:00
815,5274327550,1.294,26.6,buy,False,2022-10-31T14:51:00.677407+00:00
816,5274327309,1.294,26.4,buy,False,2022-10-31T14:50:58.878854+00:00
817,5274327079,1.294,27.3,buy,False,2022-10-31T14:50:57.084929+00:00
818,5274326834,1.294,27.5,buy,False,2022-10-31T14:50:55.293032+00:00
819,5274326265,1.294,27.9,buy,False,2022-10-31T14:50:53.496304+00:00
820,5274326058,1.294,25.3,buy,False,2022-10-31T14:50:51.685844+00:00
821,5274325780,1.294,26.5,buy,False,2022-10-31T14:50:49.874089+00:00
822,5274325568,1.294,29.2,buy,False,2022-10-31T14:50:48.082454+00:00
823,5274325436,1.294,20.9,buy,False,2022-10-31T14:50:46.584659+00:00
824,5274325303,1.294,24.4,buy,False,2022-10-31T14:50:45.068469+00:00
825,5274325059,1.294,24.3,buy,False,2022-10-31T14:50:43.282313+00:00
826,5274324814,1.294,26.7,buy,False,2022-10-31T14:50:41.493683+00:00
827,5274324637,1.294,25.6,buy,False,2022-10-31T14:50:40.025497+00:00
828,5274324342,1.294,25.0,buy,False,2022-10-31T14:50:38.190426+00:00
829,5274324174,1.294,29.2,buy,False,2022-10-31T14:50:36.413786+00:00
830,5274323982,1.294,28.7,buy,False,2022-10-31T14:50:34.389837+00:00
831,5274323752,1.294,25.2,buy,False,2022-10-31T14:50:32.793786+00:00
832,5274323394,1.294,24.8,buy,False,2022-10-31T14:50:30.986323+00:00
833,5274323153,1.294,27.9,buy,False,2022-10-31T14:50:29.176134+00:00
834,5274322973,1.294,27.2,buy,False,2022-10-31T14:50:27.371672+00:00
835,5274322769,1.294,28.7,buy,False,2022-10-31T14:50:25.577906+00:00
836,5274322430,1.294,24.8,buy,False,2022-10-31T14:50:22.929827+00:00
837,5274322222,1.294,27.2,buy,False,2022-10-31T14:50:22.303394+00:00
838,5274321881,1.294,26.6,buy,False,2022-10-31T14:50:20.483982+00:00
839,5274321470,1.294,24.3,buy,False,2022-10-31T14:50:18.693906+00:00
840,5274321358,1.294,18.5,buy,False,2022-10-31T14:50:17.491508+00:00
841,5274321113,1.294,26.0,buy,False,2022-10-31T14:50:15.692780+00:00
842,5274320662,1.294,26.4,buy,False,2022-10-31T14:50:13.905768+00:00
843,5274320233,1.294,25.9,buy,False,2022-10-31T14:50:12.374354+00:00
844,5274319455,1.294,28.8,buy,False,2022-10-31T14:50:08.348723+00:00
845,5274319407,1.294,24.7,buy,False,2022-10-31T14:50:07.814614+00:00
846,5274319368,1.294,26.0,buy,False,2022-10-31T14:50:07.283947+00:00
847,5274318802,1.294,28.6,buy,False,2022-10-31T14:50:04.516687+00:00
848,5274318721,1.294,25.2,buy,False,2022-10-31T14:50:03.986469+00:00
849,5274318453,1.294,26.8,buy,False,2022-10-31T14:50:02.194728+00:00
850,5274318310,1.294,29.6,buy,False,2022-10-31T14:50:00.402894+00:00
851,5274318041,1.294,28.4,buy,False,2022-10-31T14:49:58.301671+00:00
852,5274317737,1.294,28.5,buy,False,2022-10-31T14:49:56.521514+00:00
853,5274317413,1.294,24.9,buy,False,2022-10-31T14:49:54.690434+00:00
854,5274316990,1.294,26.1,buy,False,2022-10-31T14:49:50.187390+00:00
855,5274316916,1.294,27.8,buy,False,2022-10-31T14:49:49.654644+00:00
856,5274316840,1.294,27.4,buy,False,2022-10-31T14:49:48.994132+00:00
857,5274316657,1.294,18.6,buy,False,2022-10-31T14:49:47.497163+00:00
858,5274316367,1.294,23.2,buy,False,2022-10-31T14:49:46.516832+00:00
859,5274316234,1.294,23.6,buy,False,2022-10-31T14:49:45.981717+00:00
860,5274315918,1.294,25.3,buy,False,2022-10-31T14:49:44.176500+00:00
861,5274315792,1.294,24.9,buy,False,2022-10-31T14:49:42.684300+00:00
862,5274315436,1.294,26.7,buy,False,2022-10-31T14:49:40.885528+00:00
863,5274315172,1.294,25.0,buy,False,2022-10-31T14:49:39.092548+00:00
864,5274314930,1.294,26.5,buy,False,2022-10-31T14:49:37.399712+00:00
865,5274314707,1.294,28.1,buy,False,2022-10-31T14:49:35.487916+00:00
866,5274314551,1.294,26.7,buy,False,2022-10-31T14:49:33.743297+00:00
867,5274314213,1.294,29.7,buy,False,2022-10-31T14:49:30.800705+00:00
868,5274314149,1.294,29.4,buy,False,2022-10-31T14:49:30.087395+00:00
869,5274313927,1.294,26.2,buy,False,2022-10-31T14:49:28.334611+00:00
870,5274313754,1.294,26.7,buy,False,2022-10-31T14:49:26.499493+00:00
871,5274313341,1.294,29.4,buy,False,2022-10-31T14:49:24.464791+00:00
872,5274313015,1.294,25.9,buy,False,2022-10-31T14:49:21.389890+00:00
873,5274312973,1.294,29.3,buy,False,2022-10-31T14:49:21.093395+00:00
874,5274312697,1.294,27.9,buy,False,2022-10-31T14:49:19.312356+00:00
875,5274309695,1.294,29.4,buy,False,2022-10-31T14:48:58.951197+00:00
876,5274309689,1.294,801.9,sell,False,2022-10-31T14:48:58.873383+00:00
877,5273394990,1.2764,0.4,sell,False,2022-10-31T13:56:52.479033+00:00
878,5273394887,1.2764,0.1,sell,False,2022-10-31T13:56:52.295922+00:00
879,5273394873,1.2764,0.1,sell,False,2022-10-31T13:56:52.253453+00:00
880,5273394730,1.2764,0.1,sell,False,2022-10-31T13:56:51.717570+00:00
881,5273394602,1.2764,0.2,sell,False,2022-10-31T13:56:51.325544+00:00
882,5273394591,1.2764,0.2,sell,False,2022-10-31T13:56:51.290510+00:00
883,5273394311,1.2764,0.2,sell,False,2022-10-31T13:56:50.547765+00:00
884,5273394214,1.2764,0.3,sell,False,2022-10-31T13:56:50.467661+00:00
885,5273393579,1.2764,0.4,sell,False,2022-10-31T13:56:49.515315+00:00
886,5273393563,1.2764,0.4,sell,False,2022-10-31T13:56:49.440799+00:00
887,5273393467,1.2764,0.8,sell,False,2022-10-31T13:56:49.087904+00:00
888,5273393463,1.2764,0.8,sell,False,2022-10-31T13:56:49.073674+00:00
889,5273393279,1.2764,0.9,sell,False,2022-10-31T13:56:48.524849+00:00
890,5273393266,1.2764,1.5,sell,False,2022-10-31T13:56:48.474566+00:00
891,5273393152,1.2764,1.5,sell,False,2022-10-31T13:56:48.167960+00:00
892,5273199565,1.3017,7.7,buy,False,2022-10-31T13:46:08.932234+00:00
893,5273198302,1.2941,31.4,sell,False,2022-10-31T13:46:01.170966+00:00
894,5273109438,1.277,133.2,buy,False,2022-10-31T13:37:29.918393+00:00
895,5273107717,1.277,218.6,buy,False,2022-10-31T13:37:19.122547+00:00
896,5273105991,1.277,188.4,buy,False,2022-10-31T13:37:09.522551+00:00
897,5273100616,1.277,206.4,buy,False,2022-10-31T13:36:37.717857+00:00
898,5273098987,1.277,218.9,buy,False,2022-10-31T13:36:26.941821+00:00
899,5273097378,1.277,216.3,buy,False,2022-10-31T13:36:16.416675+00:00
900,5273094535,1.277,205.4,buy,False,2022-10-31T13:36:06.244311+00:00
901,5273084299,1.277,227.6,buy,False,2022-10-31T13:35:12.522748+00:00
902,5273081682,1.277,204.2,buy,False,2022-10-31T13:35:02.323509+00:00
903,5273080902,1.277,46.3,buy,False,2022-10-31T13:34:59.329238+00:00
904,5273080135,1.277,45.3,buy,False,2022-10-31T13:34:56.323883+00:00
905,5273042790,1.277,26.2,buy,False,2022-10-31T13:32:52.718495+00:00
906,5273042184,1.277,31.3,buy,False,2022-10-31T13:32:50.609032+00:00
907,5273041378,1.277,31.4,buy,False,2022-10-31T13:32:48.571790+00:00
908,5273040588,1.277,19.6,buy,False,2022-10-31T13:32:47.033863+00:00
909,5273040051,1.277,27.5,buy,False,2022-10-31T13:32:45.249140+00:00
910,5273039641,1.277,31.0,buy,False,2022-10-31T13:32:43.118752+00:00
911,5273039052,1.277,27.1,buy,False,2022-10-31T13:32:41.321441+00:00
912,5273038272,1.277,30.4,buy,False,2022-10-31T13:32:39.224008+00:00
913,5273037586,1.277,26.8,buy,False,2022-10-31T13:32:37.411489+00:00
914,5273036352,1.277,29.6,buy,False,2022-10-31T13:32:35.324681+00:00
915,5273035569,1.277,26.6,buy,False,2022-10-31T13:32:33.515570+00:00
916,5273035135,1.277,26.3,buy,False,2022-10-31T13:32:31.741339+00:00
917,5273033372,1.277,26.9,buy,False,2022-10-31T13:32:29.927976+00:00
918,5273032588,1.277,30.8,buy,False,2022-10-31T13:32:27.819845+00:00
919,5273031972,1.277,29.1,buy,False,2022-10-31T13:32:25.709295+00:00
920,5273031351,1.277,27.6,buy,False,2022-10-31T13:32:23.927695+00:00
921,5273030818,1.277,28.0,buy,False,2022-10-31T13:32:22.100539+00:00
922,5273030646,1.277,16.9,buy,False,2022-10-31T13:32:20.936352+00:00
923,5273030447,1.277,16.9,buy,False,2022-10-31T13:32:19.716359+00:00
924,5273030088,1.277,21.7,buy,False,2022-10-31T13:32:18.217854+00:00
925,5273029819,1.277,25.9,buy,False,2022-10-31T13:32:16.415971+00:00
926,5273029572,1.277,31.4,buy,False,2022-10-31T13:32:14.311956+00:00
927,5273029243,1.277,31.0,buy,False,2022-10-31T13:32:12.227734+00:00
928,5273028974,1.277,29.3,buy,False,2022-10-31T13:32:10.166300+00:00
929,5273028748,1.277,26.5,buy,False,2022-10-31T13:32:08.322593+00:00
930,5273028502,1.277,28.8,buy,False,2022-10-31T13:32:06.209249+00:00
931,5273028274,1.277,29.4,buy,False,2022-10-31T13:32:04.435564+00:00
932,5273027899,1.277,29.8,buy,False,2022-10-31T13:32:02.340333+00:00
933,5273027452,1.277,28.6,buy,False,2022-10-31T13:32:00.229913+00:00
934,5273027227,1.277,27.6,buy,False,2022-10-31T13:31:58.433001+00:00
935,5273026842,1.277,31.1,buy,False,2022-10-31T13:31:56.334463+00:00
936,5273026495,1.277,31.7,buy,False,2022-10-31T13:31:54.229687+00:00
937,5273026297,1.277,28.1,buy,False,2022-10-31T13:31:52.438611+00:00
938,5273026013,1.277,26.1,buy,False,2022-10-31T13:31:50.618787+00:00
939,5273025838,1.277,29.5,buy,False,2022-10-31T13:31:48.516421+00:00
940,5273025606,1.277,22.9,buy,False,2022-10-31T13:31:47.028960+00:00
941,5273025338,1.277,30.8,buy,False,2022-10-31T13:31:44.928368+00:00
942,5273024702,1.277,25.7,buy,False,2022-10-31T13:31:41.868446+00:00
943,5273024573,1.277,26.3,buy,False,2022-10-31T13:31:41.336444+00:00
944,5273024183,1.277,27.6,buy,False,2022-10-31T13:31:39.605387+00:00
945,5273023562,1.277,29.4,buy,False,2022-10-31T13:31:37.432874+00:00
946,5273023295,1.277,28.5,buy,False,2022-10-31T13:31:35.640326+00:00
947,5273022801,1.277,22.3,buy,False,2022-10-31T13:31:34.175939+00:00
948,5273022543,1.277,25.9,buy,False,2022-10-31T13:31:32.332270+00:00
949,5273022376,1.277,21.7,buy,False,2022-10-31T13:31:30.868422+00:00
950,5273021940,1.277,25.2,buy,False,2022-10-31T13:31:29.072363+00:00
951,5273021777,1.277,21.7,buy,False,2022-10-31T13:31:28.349571+00:00
952,5273021725,1.277,18.5,buy,False,2022-10-31T13:31:27.811830+00:00
953,5273021667,1.277,23.1,buy,False,2022-10-31T13:31:27.272902+00:00
954,5273021562,1.277,17.2,buy,False,2022-10-31T13:31:26.736282+00:00
955,5273021464,1.277,15.4,buy,False,2022-10-31T13:31:26.200426+00:00
956,5273021343,1.277,21.2,buy,False,2022-10-31T13:31:25.665332+00:00
957,5273021265,1.277,15.9,buy,False,2022-10-31T13:31:25.130002+00:00
958,5273021204,1.277,18.1,buy,False,2022-10-31T13:31:24.500472+00:00
959,5273021130,1.277,17.6,buy,False,2022-10-31T13:31:23.953478+00:00
960,5273021083,1.277,12.2,buy,False,2022-10-31T13:31:23.388638+00:00
961,5273021035,1.277,13.6,buy,False,2022-10-31T13:31:22.855555+00:00
962,5273020958,1.277,12.7,buy,False,2022-10-31T13:31:22.305291+00:00
963,5273020765,1.277,16.7,buy,False,2022-10-31T13:31:21.738561+00:00
964,5273020694,1.277,16.3,buy,False,2022-10-31T13:31:21.159812+00:00
965,5273020588,1.277,11.3,buy,False,2022-10-31T13:31:20.628348+00:00
966,5273020587,1.2769,12.3,buy,False,2022-10-31T13:31:20.628348+00:00
967,5270569546,1.2441,16.1,sell,False,2022-10-31T08:05:47.251223+00:00
968,5258534879,1.297,7.8,sell,False,2022-10-29T23:09:25.324902+00:00
969,5258534245,1.3227,2.9,buy,False,2022-10-29T23:09:16.198258+00:00
970,5258534244,1.3227,4.7,buy,False,2022-10-29T23:09:16.198258+00:00
971,5258145742,1.2492,15.2,sell,False,2022-10-29T22:13:59.408671+00:00
972,5251967348,1.2799,4.7,sell,False,2022-10-29T09:27:05.331295+00:00
973,5251967347,1.28,5.5,sell,False,2022-10-29T09:27:05.331295+00:00
974,5251859670,1.3278,192.4,buy,False,2022-10-29T09:13:28.195132+00:00
975,5251859669,1.3278,233.7,buy,False,2022-10-29T09:13:28.195132+00:00
976,5251859668,1.31,26.5,buy,False,2022-10-29T09:13:28.195132+00:00
977,5251859667,1.299,1.0,buy,False,2022-10-29T09:13:28.195132+00:00
978,5251688614,1.28,17.9,sell,False,2022-10-29T08:49:58.614902+00:00
979,5247631105,1.3116,3.7,buy,False,2022-10-28T20:13:05.986850+00:00
980,5247631104,1.31,1.0,buy,False,2022-10-28T20:13:05.986850+00:00
981,5246878262,1.2839,0.4,buy,False,2022-10-28T17:44:47.527461+00:00
982,5246870524,1.271,0.9,buy,False,2022-10-28T17:43:56.372739+00:00
983,5245456048,1.2237,0.6,sell,False,2022-10-28T15:00:57.473452+00:00
984,5245456043,1.2237,0.6,sell,False,2022-10-28T15:00:57.438593+00:00
985,5245398740,1.2232,411.9,buy,False,2022-10-28T14:52:00.282410+00:00
986,5243147932,1.2074,0.5,sell,False,2022-10-28T09:57:59.512427+00:00
987,5237580712,1.2433,139.3,sell,False,2022-10-27T18:54:56.534809+00:00
988,5236887595,1.2738,3.4,buy,False,2022-10-27T16:42:48.087823+00:00
989,5235359685,1.3139,22.6,buy,False,2022-10-27T13:43:57.797249+00:00
990,5235359645,1.3139,21.3,buy,False,2022-10-27T13:43:57.259732+00:00
991,5234790978,1.2928,33.0,buy,False,2022-10-27T12:40:04.464907+00:00
992,5234161217,1.2577,8.6,sell,False,2022-10-27T11:22:48.026328+00:00
993,5234161203,1.2577,22.0,sell,False,2022-10-27T11:22:47.492651+00:00
994,5234156072,1.2577,78.9,sell,False,2022-10-27T11:21:21.713290+00:00
995,5234156070,1.2577,82.7,sell,False,2022-10-27T11:21:21.696363+00:00
996,5234155606,1.2577,52.7,sell,False,2022-10-27T11:21:15.682015+00:00
997,5234155605,1.2577,56.1,sell,False,2022-10-27T11:21:15.674030+00:00
998,5234155604,1.2578,0.1,sell,False,2022-10-27T11:21:15.674030+00:00
999,5234155432,1.2577,30.3,sell,False,2022-10-27T11:21:13.917959+00:00
1000,5234155428,1.2577,26.0,sell,False,2022-10-27T11:21:13.688557+00:00
1001,5234155404,1.2577,24.9,sell,False,2022-10-27T11:21:13.308748+00:00
1002,5234155399,1.2577,25.2,sell,False,2022-10-27T11:21:13.149071+00:00
1003,5234155393,1.2577,21.1,sell,False,2022-10-27T11:21:12.705724+00:00
1004,5234155389,1.2577,21.6,sell,False,2022-10-27T11:21:12.601678+00:00
1005,5234155377,1.2577,14.3,sell,False,2022-10-27T11:21:12.086294+00:00
1006,5234155376,1.2577,16.2,sell,False,2022-10-27T11:21:12.055089+00:00
1007,5234155357,1.2577,13.1,sell,False,2022-10-27T11:21:11.515582+00:00
1008,5234155356,1.2578,2.8,sell,False,2022-10-27T11:21:11.515582+00:00
1009,5234155355,1.2578,14.6,sell,False,2022-10-27T11:21:11.513546+00:00
1010,5234155327,1.2578,13.5,sell,False,2022-10-27T11:21:10.952841+00:00
1011,5234155322,1.2578,13.2,sell,False,2022-10-27T11:21:10.836505+00:00
1012,5234155290,1.2578,8.3,sell,False,2022-10-27T11:21:10.406552+00:00
1013,5234155279,1.2578,8.4,sell,False,2022-10-27T11:21:10.281348+00:00
1014,5234155270,1.2578,8.0,sell,False,2022-10-27T11:21:09.873682+00:00
1015,5234155268,1.2578,8.0,sell,False,2022-10-27T11:21:09.710886+00:00
1016,5233943791,1.3003,17.2,buy,False,2022-10-27T10:44:52.165003+00:00
1017,5233943790,1.2954,30.9,buy,False,2022-10-27T10:44:52.165003+00:00
1018,5233943789,1.2905,31.0,buy,False,2022-10-27T10:44:52.165003+00:00
1019,5233943788,1.2904,1.6,buy,False,2022-10-27T10:44:52.165003+00:00
1020,5233047964,1.2856,4.0,buy,False,2022-10-27T08:13:05.100999+00:00
1021,5233047916,1.2856,10.1,buy,False,2022-10-27T08:13:04.559591+00:00
1022,5233047858,1.2856,9.2,buy,False,2022-10-27T08:13:04.033582+00:00
1023,5233047831,1.2856,7.9,buy,False,2022-10-27T08:13:03.469574+00:00
1024,5233047229,1.2807,8.5,buy,False,2022-10-27T08:12:56.739468+00:00
1025,5233047170,1.2807,14.9,buy,False,2022-10-27T08:12:56.214891+00:00
1026,5233047125,1.2807,7.9,buy,False,2022-10-27T08:12:55.675036+00:00
1027,5233046836,1.2757,10.8,buy,False,2022-10-27T08:12:52.827863+00:00
1028,5233046796,1.2757,12.6,buy,False,2022-10-27T08:12:52.300343+00:00
1029,5233046785,1.2757,8.0,buy,False,2022-10-27T08:12:51.765003+00:00
1030,5233046524,1.2708,10.2,buy,False,2022-10-27T08:12:49.082411+00:00
1031,5233046481,1.2708,13.5,buy,False,2022-10-27T08:12:48.545801+00:00
1032,5233046455,1.2708,7.8,buy,False,2022-10-27T08:12:48.013843+00:00
1033,5233046162,1.2659,22.0,buy,False,2022-10-27T08:12:45.185548+00:00
1034,5233046138,1.2659,9.6,buy,False,2022-10-27T08:12:44.658030+00:00
1035,5233046103,1.2636,1.4,buy,False,2022-10-27T08:12:44.101625+00:00
1036,5233046057,1.2636,23.8,buy,False,2022-10-27T08:12:43.573322+00:00
1037,5233046026,1.261,0.5,buy,False,2022-10-27T08:12:43.042915+00:00
1038,5233045974,1.26,16.0,buy,False,2022-10-27T08:12:42.513697+00:00
1039,5233045919,1.26,8.5,buy,False,2022-10-27T08:12:41.908239+00:00
1040,5232646127,1.26,17.9,buy,False,2022-10-27T07:10:46.658262+00:00
1041,5231975307,1.26,10.6,buy,False,2022-10-27T05:37:30.268226+00:00
1042,5231721734,1.261,0.1,buy,False,2022-10-27T04:52:16.027329+00:00
1043,5231668621,1.261,0.1,buy,False,2022-10-27T04:42:16.650973+00:00
1044,5231628525,1.261,0.1,buy,False,2022-10-27T04:32:15.500569+00:00
1045,5231534966,1.261,0.1,buy,False,2022-10-27T04:12:16.731356+00:00
1046,5231488277,1.261,0.2,buy,False,2022-10-27T04:02:16.583715+00:00
1047,5230729730,1.261,0.2,buy,False,2022-10-27T01:59:12.340663+00:00
1048,5230446383,1.261,0.3,buy,False,2022-10-27T01:06:45.928343+00:00
1049,5230444597,1.261,0.4,buy,False,2022-10-27T01:06:25.277520+00:00
1050,5230428011,1.261,0.4,buy,False,2022-10-27T01:03:30.942867+00:00
1051,5230232400,1.261,0.5,buy,False,2022-10-27T00:29:12.079949+00:00
1052,5230191761,1.261,0.7,buy,False,2022-10-27T00:25:04.059386+00:00
1053,5230188825,1.261,0.8,buy,False,2022-10-27T00:24:38.936582+00:00
1054,5230188795,1.261,1.1,buy,False,2022-10-27T00:24:38.568726+00:00
1055,5230188740,1.261,1.3,buy,False,2022-10-27T00:24:37.917355+00:00
1056,5230188694,1.261,1.7,buy,False,2022-10-27T00:24:37.169298+00:00
1057,5230185214,1.261,2.1,buy,False,2022-10-27T00:24:05.096604+00:00
1058,5230185180,1.261,2.6,buy,False,2022-10-27T00:24:04.474268+00:00
1059,5230181457,1.261,3.2,buy,False,2022-10-27T00:23:29.266338+00:00
1060,5230179888,1.261,4.0,buy,False,2022-10-27T00:23:16.874323+00:00
1061,5230179824,1.261,5.1,buy,False,2022-10-27T00:23:16.423377+00:00
1062,5230179756,1.261,6.3,buy,False,2022-10-27T00:23:15.786290+00:00
1063,5230179719,1.2607,0.1,buy,False,2022-10-27T00:23:15.438080+00:00
1064,5230179535,1.2607,0.1,buy,False,2022-10-27T00:23:14.437050+00:00
1065,5230175247,1.2607,0.1,buy,False,2022-10-27T00:22:51.089748+00:00
1066,5230174260,1.2607,0.1,buy,False,2022-10-27T00:22:40.325611+00:00
1067,5230174225,1.2607,0.1,buy,False,2022-10-27T00:22:39.913033+00:00
1068,5230174163,1.2607,0.1,buy,False,2022-10-27T00:22:39.278579+00:00
1069,5230174116,1.2607,0.1,buy,False,2022-10-27T00:22:38.902553+00:00
1070,5230174069,1.2607,0.1,buy,False,2022-10-27T00:22:38.276990+00:00
1071,5230174017,1.2607,0.2,buy,False,2022-10-27T00:22:37.907417+00:00
1072,5230173940,1.2607,0.2,buy,False,2022-10-27T00:22:37.258395+00:00
1073,5230173901,1.2607,0.2,buy,False,2022-10-27T00:22:36.896273+00:00
1074,5230173831,1.2607,0.3,buy,False,2022-10-27T00:22:36.240378+00:00
1075,5230173781,1.2607,0.4,buy,False,2022-10-27T00:22:35.870062+00:00
1076,5230173711,1.2607,0.5,buy,False,2022-10-27T00:22:35.258866+00:00
1077,5230173677,1.2607,0.6,buy,False,2022-10-27T00:22:34.878652+00:00
1078,5230173610,1.2607,0.7,buy,False,2022-10-27T00:22:34.262382+00:00
1079,5230173479,1.2607,0.9,buy,False,2022-10-27T00:22:33.187915+00:00
1080,5230173447,1.2607,1.2,buy,False,2022-10-27T00:22:32.864127+00:00
1081,5230173365,1.2607,1.5,buy,False,2022-10-27T00:22:32.232339+00:00
1082,5230173324,1.2607,1.8,buy,False,2022-10-27T00:22:31.831961+00:00
1083,5230173253,1.2607,2.3,buy,False,2022-10-27T00:22:31.186935+00:00
1084,5230173202,1.2607,2.8,buy,False,2022-10-27T00:22:30.808960+00:00
1085,5230173131,1.2607,3.6,buy,False,2022-10-27T00:22:30.179270+00:00
1086,5230173094,1.2607,4.5,buy,False,2022-10-27T00:22:29.849245+00:00
1087,5230173041,1.2607,5.6,buy,False,2022-10-27T00:22:29.164379+00:00
1088,5230172964,1.2607,7.0,buy,False,2022-10-27T00:22:28.801290+00:00
1089,5230172878,1.2607,0.2,buy,False,2022-10-27T00:22:28.125017+00:00
1090,5230172804,1.2606,0.1,buy,False,2022-10-27T00:22:27.110832+00:00
1091,5230172780,1.2606,0.1,buy,False,2022-10-27T00:22:26.792605+00:00
1092,5230172741,1.2606,0.1,buy,False,2022-10-27T00:22:26.129477+00:00
1093,5230172662,1.2606,0.1,buy,False,2022-10-27T00:22:25.103838+00:00
1094,5230172635,1.2606,0.1,buy,False,2022-10-27T00:22:24.732653+00:00
1095,5230172586,1.2606,0.1,buy,False,2022-10-27T00:22:24.193694+00:00
1096,5230172522,1.2606,0.1,buy,False,2022-10-27T00:22:23.802949+00:00
1097,5230172340,1.2606,0.1,buy,False,2022-10-27T00:22:23.055771+00:00
1098,5230172303,1.2606,0.1,buy,False,2022-10-27T00:22:22.740406+00:00
1099,5230172215,1.2606,0.2,buy,False,2022-10-27T00:22:21.673257+00:00
1100,5230172163,1.2606,0.2,buy,False,2022-10-27T00:22:21.065287+00:00
1101,5230172144,1.2606,0.3,buy,False,2022-10-27T00:22:20.680564+00:00
1102,5230172108,1.2606,0.4,buy,False,2022-10-27T00:22:20.035368+00:00
1103,5230172090,1.2606,0.5,buy,False,2022-10-27T00:22:19.654943+00:00
1104,5230171641,1.2606,0.6,buy,False,2022-10-27T00:22:16.011127+00:00
1105,5230169529,1.2606,0.7,buy,False,2022-10-27T00:21:59.350001+00:00
1106,5230167515,1.2606,0.9,buy,False,2022-10-27T00:21:40.466311+00:00
1107,5230167484,1.2606,1.1,buy,False,2022-10-27T00:21:40.101449+00:00
1108,5230167458,1.2606,1.4,buy,False,2022-10-27T00:21:39.633537+00:00
1109,5230167433,1.2606,1.7,buy,False,2022-10-27T00:21:39.229835+00:00
1110,5230161337,1.2606,0.6,buy,False,2022-10-27T00:20:51.857974+00:00
1111,5230161336,1.2606,1.6,buy,False,2022-10-27T00:20:51.857974+00:00
1112,5230161271,1.2606,0.8,buy,False,2022-10-27T00:20:51.434437+00:00
1113,5230158028,1.2606,2.9,buy,False,2022-10-27T00:20:36.210595+00:00
1114,5230157834,1.2606,3.7,buy,False,2022-10-27T00:20:35.439885+00:00
1115,5230152390,1.2606,1.1,buy,False,2022-10-27T00:19:59.772732+00:00
1116,5230147996,1.2606,4.9,buy,False,2022-10-27T00:19:30.319278+00:00
1117,5230068507,1.2606,6.1,buy,False,2022-10-27T00:12:16.051477+00:00
1118,5229909347,1.2372,1.6,sell,False,2022-10-26T23:53:20.465641+00:00
1119,5229641394,1.2372,9.5,sell,False,2022-10-26T23:09:44.104390+00:00
1120,5228922568,1.2606,8.3,buy,False,2022-10-26T20:57:20.780282+00:00
1121,5228685819,1.2561,31.9,buy,False,2022-10-26T20:14:12.650921+00:00
1122,5228685018,1.2512,32.0,buy,False,2022-10-26T20:14:06.985820+00:00
1123,5228685017,1.2463,28.9,buy,False,2022-10-26T20:14:06.985820+00:00
1124,5228685007,1.2463,3.2,buy,False,2022-10-26T20:14:06.887851+00:00
1125,5228684840,1.2414,29.1,buy,False,2022-10-26T20:14:06.190305+00:00
1126,5228684828,1.2414,3.2,buy,False,2022-10-26T20:14:06.080889+00:00
1127,5228684669,1.2365,29.2,buy,False,2022-10-26T20:14:05.602322+00:00
1128,5228684667,1.2365,3.2,buy,False,2022-10-26T20:14:05.560265+00:00
1129,5228684623,1.2635,3.2,buy,False,2022-10-26T20:14:05.104949+00:00
1130,5228684605,1.2316,32.5,buy,False,2022-10-26T20:14:05.000631+00:00
1131,5228682766,1.2271,0.9,sell,False,2022-10-26T20:13:48.441441+00:00
1132,5228682560,1.2271,31.7,sell,False,2022-10-26T20:13:46.884890+00:00
1133,5227024292,1.3041,465.3,buy,False,2022-10-26T16:19:58.758750+00:00
1134,5226964648,1.3041,139.3,buy,False,2022-10-26T16:13:08.564267+00:00
1135,5226554816,1.3049,1.0,buy,False,2022-10-26T15:27:21.333993+00:00
1136,5226505660,1.305,7.5,buy,False,2022-10-26T15:20:34.716870+00:00
1137,5226505299,1.305,9.3,buy,False,2022-10-26T15:20:34.182768+00:00
1138,5226505272,1.305,10.8,buy,False,2022-10-26T15:20:33.651609+00:00
1139,5226505232,1.305,8.8,buy,False,2022-10-26T15:20:33.121446+00:00
1140,5226505161,1.305,8.6,buy,False,2022-10-26T15:20:32.591601+00:00
1141,5226505081,1.305,8.4,buy,False,2022-10-26T15:20:32.061314+00:00
1142,5226505004,1.305,8.2,buy,False,2022-10-26T15:20:31.519338+00:00
1143,5226504948,1.305,7.9,buy,False,2022-10-26T15:20:30.948766+00:00
1144,5226504872,1.305,7.7,buy,False,2022-10-26T15:20:30.377745+00:00
1145,5226160307,1.283,1.0,buy,False,2022-10-26T14:46:45.677343+00:00
1146,5226146337,1.2738,8.3,sell,False,2022-10-26T14:45:50.164929+00:00
1147,5226066328,1.27,1.0,buy,False,2022-10-26T14:41:33.593493+00:00
1148,5225199702,1.2333,5.0,buy,False,2022-10-26T13:48:36.171330+00:00
1149,5225199599,1.2333,41.0,buy,False,2022-10-26T13:48:35.641229+00:00
1150,5225199400,1.2333,31.2,buy,False,2022-10-26T13:48:35.103053+00:00
1151,5225176874,1.2502,77.2,sell,False,2022-10-26T13:46:27.685520+00:00
1152,5225042621,1.2631,14.8,buy,False,2022-10-26T13:35:57.781201+00:00
1153,5225032780,1.2377,14.8,sell,False,2022-10-26T13:34:49.575456+00:00
1154,5224343181,1.2719,3.0,buy,False,2022-10-26T12:02:02.020407+00:00
1155,5223675701,1.2751,2.4,buy,False,2022-10-26T09:57:36.273760+00:00
1156,5223258486,1.2837,0.4,buy,False,2022-10-26T08:47:21.888330+00:00
1157,5223247278,1.2565,0.5,buy,False,2022-10-26T08:46:27.670861+00:00
1158,5223241724,1.2456,0.5,buy,False,2022-10-26T08:46:08.770963+00:00
1159,5223241294,1.2456,7.9,buy,False,2022-10-26T08:46:08.242303+00:00
1160,5223169987,1.2456,7.3,buy,False,2022-10-26T08:40:57.731754+00:00
1161,5223169986,1.245,1.0,buy,False,2022-10-26T08:40:57.731754+00:00
1162,5220211849,1.2456,16.9,buy,False,2022-10-26T00:06:28.982598+00:00
1163,5219400758,1.2225,1.0,buy,False,2022-10-25T21:48:53.565247+00:00
1164,5219297041,1.2225,1.0,buy,False,2022-10-25T21:23:14.211250+00:00
1165,5217001144,1.2171,57.9,buy,False,2022-10-25T17:51:10.465449+00:00
1166,5215448373,1.2252,7.0,buy,False,2022-10-25T16:22:31.641991+00:00
1167,5215447926,1.2252,7.8,buy,False,2022-10-25T16:22:26.661121+00:00
1168,5215180762,1.2314,8.1,sell,False,2022-10-25T16:00:34.051290+00:00
1169,5214675881,1.2223,1.0,sell,False,2022-10-25T15:14:52.588969+00:00
1170,5214672020,1.2223,1.0,sell,False,2022-10-25T15:14:30.138399+00:00
1171,5214670291,1.2223,1.0,sell,False,2022-10-25T15:14:19.732852+00:00
1172,5214539217,1.2026,158.4,sell,False,2022-10-25T15:04:06.874940+00:00
1173,5214321711,1.1952,7.1,buy,False,2022-10-25T14:35:19.249939+00:00
1174,5214321666,1.1952,9.5,buy,False,2022-10-25T14:35:18.719982+00:00
1175,5214321622,1.1952,8.5,buy,False,2022-10-25T14:35:18.178773+00:00
1176,5214321588,1.1952,8.3,buy,False,2022-10-25T14:35:17.636949+00:00
1177,5214321532,1.1952,9.1,buy,False,2022-10-25T14:35:17.069568+00:00
1178,5214321471,1.1952,9.2,buy,False,2022-10-25T14:35:16.537510+00:00
1179,5214321406,1.1952,9.0,buy,False,2022-10-25T14:35:16.003782+00:00
1180,5214321317,1.1952,8.6,buy,False,2022-10-25T14:35:15.443402+00:00
1181,5214321267,1.1952,8.4,buy,False,2022-10-25T14:35:14.911937+00:00
1182,5214321174,1.1952,8.4,buy,False,2022-10-25T14:35:14.205791+00:00
1183,5214321098,1.1952,8.4,buy,False,2022-10-25T14:35:13.635319+00:00
1184,5214321025,1.1952,8.4,buy,False,2022-10-25T14:35:13.034909+00:00
1185,5214264084,1.1952,0.5,buy,False,2022-10-25T14:28:03.463334+00:00
1186,5214256721,1.1789,1.0,buy,False,2022-10-25T14:27:10.687621+00:00
1187,5213835136,1.1347,8.9,buy,False,2022-10-25T13:46:58.949901+00:00
1188,5209397547,1.0535,158.4,buy,False,2022-10-24T18:37:21.075444+00:00
1189,5208794328,1.0633,8.9,buy,False,2022-10-24T16:15:28.942908+00:00
1190,5207817893,1.0733,25.8,buy,False,2022-10-24T13:55:17.033954+00:00
1191,5207817860,1.0733,25.5,buy,False,2022-10-24T13:55:16.768040+00:00
1192,5207817843,1.0733,29.0,buy,False,2022-10-24T13:55:16.491607+00:00
1193,5202283095,1.1172,8.9,sell,False,2022-10-23T18:01:38.935322+00:00
1194,5201196126,1.13,10.0,sell,False,2022-10-23T13:03:04.162063+00:00
1195,5200856027,1.13,9.0,sell,False,2022-10-23T11:43:01.744334+00:00
1196,5200856022,1.13,1.0,buy,False,2022-10-23T11:43:01.631987+00:00
1197,5200196137,1.061,129.2,sell,False,2022-10-23T08:53:55.370210+00:00
1198,5200193522,1.098,40.2,sell,False,2022-10-23T08:52:58.127992+00:00
1199,5200153670,1.0983,30.5,sell,False,2022-10-23T08:40:47.446756+00:00
1200,5195084155,1.0595,10.9,sell,False,2022-10-22T07:51:58.622218+00:00
1201,5195083277,1.0595,39.1,sell,False,2022-10-22T07:51:39.291279+00:00
1202,5195083276,1.0596,0.1,sell,False,2022-10-22T07:51:39.291279+00:00
1203,5193136478,1.0587,16.6,sell,False,2022-10-21T20:22:57.935868+00:00
1204,5193134520,1.0587,22.2,sell,False,2022-10-21T20:22:00.127353+00:00
1205,5193132852,1.0587,29.6,sell,False,2022-10-21T20:21:22.482673+00:00
1206,5193131748,1.094,7.9,buy,False,2022-10-21T20:20:54.366980+00:00
1207,5193131715,1.094,13.6,buy,False,2022-10-21T20:20:53.831559+00:00
1208,5193131427,1.093,17.0,buy,False,2022-10-21T20:20:46.565781+00:00
1209,5193131081,1.092,13.5,buy,False,2022-10-21T20:20:39.304618+00:00
1210,5193130600,1.091,10.7,buy,False,2022-10-21T20:20:32.666007+00:00
1211,5193129573,1.09,8.5,buy,False,2022-10-21T20:20:16.100056+00:00
1212,5193119968,1.0587,40.8,sell,False,2022-10-21T20:17:34.659585+00:00
1213,5193119967,1.0588,9.2,sell,False,2022-10-21T20:17:34.659585+00:00
1214,5192123320,1.0952,79.9,sell,False,2022-10-21T16:43:48.097297+00:00
1215,5192018610,1.1135,104.6,buy,False,2022-10-21T16:27:01.425177+00:00
1216,5191994244,1.1034,1.1,buy,False,2022-10-21T16:23:25.390240+00:00
1217,5191885676,1.1034,13.9,buy,False,2022-10-21T16:08:51.313761+00:00
1218,5191865586,1.1034,100.0,buy,False,2022-10-21T16:06:33.911022+00:00
1219,5191862678,1.1034,100.0,buy,False,2022-10-21T16:06:15.969332+00:00
1220,5191463647,1.0728,38.3,buy,False,2022-10-21T15:10:59.829574+00:00
1221,5191463621,1.0728,52.3,buy,False,2022-10-21T15:10:59.288434+00:00
1222,5191290129,1.0622,8.3,sell,False,2022-10-21T14:39:36.629997+00:00
1223,5191289992,1.0622,23.8,sell,False,2022-10-21T14:39:36.098283+00:00
1224,5191289947,1.0622,13.9,sell,False,2022-10-21T14:39:35.560050+00:00
1225,5191289921,1.0622,16.2,sell,False,2022-10-21T14:39:35.019088+00:00
1226,5191289887,1.0622,19.0,sell,False,2022-10-21T14:39:34.474318+00:00
1227,5191289841,1.0622,9.4,sell,False,2022-10-21T14:39:33.805959+00:00
1228,5188528043,1.09,4.7,buy,False,2022-10-21T07:23:47.800780+00:00
1229,5188527642,1.09,14.8,buy,False,2022-10-21T07:23:47.275133+00:00
1230,5188527557,1.09,14.6,buy,False,2022-10-21T07:23:46.724339+00:00
1231,5188527380,1.09,14.5,buy,False,2022-10-21T07:23:46.090041+00:00
1232,5188527226,1.09,15.1,buy,False,2022-10-21T07:23:45.516059+00:00
1233,5188526988,1.09,14.9,buy,False,2022-10-21T07:23:44.984130+00:00
1234,5188526598,1.09,17.4,buy,False,2022-10-21T07:23:44.433376+00:00
1235,5188526290,1.09,17.3,buy,False,2022-10-21T07:23:43.897280+00:00
1236,5188526121,1.09,14.4,buy,False,2022-10-21T07:23:43.283299+00:00
1237,5188525914,1.09,13.0,buy,False,2022-10-21T07:23:42.752168+00:00
1238,5188525820,1.09,12.6,buy,False,2022-10-21T07:23:42.216121+00:00
1239,5187675930,1.128,3.0,buy,False,2022-10-21T02:39:11.915646+00:00
1240,5186469864,1.1301,100.6,buy,False,2022-10-20T22:01:50.426705+00:00
1241,5184467529,1.1269,8.2,buy,False,2022-10-20T15:39:02.912352+00:00
1242,5184467514,1.1269,9.6,buy,False,2022-10-20T15:39:02.384315+00:00
1243,5184467496,1.1269,9.2,buy,False,2022-10-20T15:39:01.848521+00:00
1244,5184249234,1.1163,9.1,buy,False,2022-10-20T14:47:18.805992+00:00
1245,5184249212,1.1163,9.1,buy,False,2022-10-20T14:47:18.247547+00:00
1246,5184249190,1.1163,9.1,buy,False,2022-10-20T14:47:17.644123+00:00
1247,5183809835,1.0693,0.7,buy,False,2022-10-20T13:33:23.094889+00:00
1248,5183482327,1.0613,8.7,buy,False,2022-10-20T12:31:24.316888+00:00
1249,5182547152,1.0518,9.7,sell,False,2022-10-20T08:25:56.219356+00:00
1250,5182547136,1.0518,0.1,sell,False,2022-10-20T08:25:55.612121+00:00
1251,5182547135,1.0518,9.8,sell,False,2022-10-20T08:25:55.612121+00:00
1252,5179306666,1.0628,9.1,sell,False,2022-10-19T19:59:49.688403+00:00
1253,5179306665,1.0628,0.4,sell,False,2022-10-19T19:59:49.687398+00:00
1254,5179306664,1.0628,9.5,sell,False,2022-10-19T19:59:49.687398+00:00
1255,5178639486,1.0731,9.4,buy,False,2022-10-19T17:12:40.062511+00:00
1256,5178638180,1.0731,9.4,buy,False,2022-10-19T17:12:12.287424+00:00
1257,5175992687,1.1648,30.6,buy,False,2022-10-19T08:16:05.576741+00:00
1258,5171125185,1.1239,31.7,buy,False,2022-10-18T14:43:38.786338+00:00
1259,5171125114,1.1239,54.0,buy,False,2022-10-18T14:43:38.255835+00:00
1260,5171083248,1.113,0.5,sell,False,2022-10-18T14:38:46.514427+00:00
1261,5171083213,1.1139,23.7,sell,False,2022-10-18T14:38:45.963843+00:00
1262,5171083185,1.1139,33.8,sell,False,2022-10-18T14:38:45.431760+00:00
1263,5171083142,1.1139,28.2,sell,False,2022-10-18T14:38:44.891805+00:00
1264,5169966172,1.1257,87.2,sell,False,2022-10-18T10:54:27.871976+00:00
1265,5169416291,1.1841,0.5,sell,False,2022-10-18T08:52:26.166774+00:00
1266,5169415954,1.1914,81.9,buy,False,2022-10-18T08:52:20.711002+00:00
1267,5169415953,1.1841,5.3,buy,False,2022-10-18T08:52:20.711002+00:00
1268,5166658304,1.1462,8.7,sell,False,2022-10-17T20:34:42.961927+00:00
1269,5166290557,1.1281,443.2,buy,False,2022-10-17T18:37:09.812212+00:00
1270,5165870273,1.1469,46.1,buy,False,2022-10-17T16:48:13.693847+00:00
1271,5165870248,1.1469,87.0,buy,False,2022-10-17T16:48:13.169744+00:00
1272,5159400480,1.0297,0.1,buy,False,2022-10-16T10:30:42.362994+00:00
1273,5159400284,1.0865,197.8,buy,False,2022-10-16T10:30:40.406657+00:00
1274,5159400283,1.0688,36.1,buy,False,2022-10-16T10:30:40.406657+00:00
1275,5159160862,1.0688,2.3,buy,False,2022-10-16T09:03:31.373921+00:00
1276,5150050535,1.0452,18.2,buy,False,2022-10-14T16:04:15.363264+00:00
1277,5150050437,1.0452,73.1,buy,False,2022-10-14T16:04:14.813011+00:00
1278,5149984101,1.0413,10.2,sell,False,2022-10-14T15:53:38.230441+00:00
1279,5149950611,1.0527,9.8,sell,False,2022-10-14T15:47:27.320446+00:00
1280,5149453295,1.0638,9.5,sell,False,2022-10-14T14:39:32.519641+00:00
1281,5149437365,1.0741,9.4,buy,False,2022-10-14T14:37:36.574166+00:00
1282,5148838572,1.125,7.6,sell,False,2022-10-14T13:40:35.916969+00:00
1283,5148838488,1.125,49.3,sell,False,2022-10-14T13:40:35.384319+00:00
1284,5148838447,1.125,34.4,sell,False,2022-10-14T13:40:34.853641+00:00
1285,5148800516,1.1245,9.5,buy,False,2022-10-14T13:35:09.175049+00:00
1286,5148785977,1.1317,9.5,sell,False,2022-10-14T13:33:37.260070+00:00
1287,5148768001,1.1256,135.5,buy,False,2022-10-14T13:31:23.847318+00:00
1288,5143503505,1.1044,1.0,buy,False,2022-10-13T19:26:31.355060+00:00
1289,5143104600,1.1045,50.0,buy,False,2022-10-13T18:36:31.912826+00:00
1290,5141639341,1.113,133.8,buy,False,2022-10-13T15:17:56.448739+00:00
1291,5133249500,1.0346,15.2,buy,False,2022-10-12T15:53:08.204283+00:00
1292,5133116738,1.0245,85.0,buy,False,2022-10-12T15:19:05.118842+00:00
1293,5131834038,1.0269,82.0,sell,False,2022-10-12T10:59:38.165190+00:00
1294,5131834037,1.027,100.2,sell,False,2022-10-12T10:59:38.165190+00:00
1295,5131816777,1.0975,116.1,buy,False,2022-10-12T10:53:36.438115+00:00
1296,5131816776,1.0827,66.1,buy,False,2022-10-12T10:53:36.438115+00:00
1297,5129422639,1.0827,14.4,buy,False,2022-10-12T00:05:23.707392+00:00
1298,5127193980,1.0433,39.9,buy,False,2022-10-11T14:56:48.772513+00:00
1299,5127193960,1.0433,23.7,buy,False,2022-10-11T14:56:48.213724+00:00
1300,5127193959,1.0422,9.6,buy,False,2022-10-11T14:56:48.213724+00:00
1301,5127107047,1.0242,40.5,buy,False,2022-10-11T14:39:13.591586+00:00
1302,5127107022,1.0242,49.0,buy,False,2022-10-11T14:39:12.965725+00:00
1303,5127107011,1.0242,10.9,buy,False,2022-10-11T14:39:12.462508+00:00
1304,5127024923,1.0011,10.0,buy,False,2022-10-11T14:23:08.085206+00:00
1305,5126950461,0.9932,14.0,sell,False,2022-10-11T14:13:13.636040+00:00
1306,5126950460,0.9932,14.0,sell,False,2022-10-11T14:13:13.636040+00:00
1307,5126924014,1.0004,12.0,sell,False,2022-10-11T14:08:53.155792+00:00
1308,5126924013,1.0004,12.0,sell,False,2022-10-11T14:08:53.155792+00:00
1309,5126923812,1.002,1.9,sell,False,2022-10-11T14:08:51.364724+00:00
1310,5126923595,1.002,12.0,sell,False,2022-10-11T14:08:49.905924+00:00
1311,5126923344,1.009,13.4,sell,False,2022-10-11T14:08:49.280982+00:00
1312,5126923343,1.009,13.4,sell,False,2022-10-11T14:08:49.280982+00:00
1313,5126900544,1.013,3.2,sell,False,2022-10-11T14:06:32.538315+00:00
1314,5126900512,1.013,8.3,sell,False,2022-10-11T14:06:31.814270+00:00
1315,5126900511,1.013,1.6,sell,False,2022-10-11T14:06:31.814270+00:00
1316,5126900467,1.013,9.9,sell,False,2022-10-11T14:06:31.263074+00:00
1317,5126898092,1.018,13.3,sell,False,2022-10-11T14:06:13.414072+00:00
1318,5126855286,1.024,6.0,sell,False,2022-10-11T14:02:05.859688+00:00
1319,5126855205,1.024,6.8,sell,False,2022-10-11T14:02:05.325174+00:00
1320,5126855204,1.024,3.0,sell,False,2022-10-11T14:02:05.325174+00:00
1321,5126854933,1.024,9.8,sell,False,2022-10-11T14:02:04.521037+00:00
1322,5126853615,1.025,11.0,sell,False,2022-10-11T14:01:58.775709+00:00
1323,5126853614,1.025,11.0,sell,False,2022-10-11T14:01:58.775709+00:00
1324,5126853613,1.0259,29.9,sell,False,2022-10-11T14:01:58.775709+00:00
1325,5126853450,1.0259,70.5,sell,False,2022-10-11T14:01:58.142310+00:00
1326,5126835429,1.034,2.9,sell,False,2022-10-11T14:01:06.271402+00:00
1327,5126835258,1.034,9.8,sell,False,2022-10-11T14:01:05.734890+00:00
1328,5126832014,1.038,1.5,sell,False,2022-10-11T14:00:54.557415+00:00
1329,5126831810,1.038,9.1,sell,False,2022-10-11T14:00:53.906783+00:00
1330,5126831809,1.038,10.6,sell,False,2022-10-11T14:00:53.906783+00:00
1331,5126831808,1.039,1.1,sell,False,2022-10-11T14:00:53.906783+00:00
1332,5126831807,1.039,2.3,sell,False,2022-10-11T14:00:53.906783+00:00
1333,5126831519,1.039,9.9,sell,False,2022-10-11T14:00:53.261211+00:00
1334,5126831518,1.039,0.8,sell,False,2022-10-11T14:00:53.261211+00:00
1335,5123614914,1.039,11.4,sell,False,2022-10-11T00:34:30.988202+00:00
1336,5123614913,1.041,2.6,sell,False,2022-10-11T00:34:30.988202+00:00
1337,5123351170,1.078,14.3,buy,False,2022-10-11T00:11:33.265439+00:00
1338,5123096601,1.05,5.0,sell,False,2022-10-10T23:55:40.917867+00:00
1339,5123006158,1.078,5.0,buy,False,2022-10-10T23:41:19.675896+00:00
1340,5121731923,1.05,9.0,sell,False,2022-10-10T18:22:34.696415+00:00
1341,5120989821,1.066,93.8,buy,False,2022-10-10T15:51:51.928351+00:00
1342,5120986589,1.054,37.7,buy,False,2022-10-10T15:51:16.472838+00:00
1343,5120986561,1.054,60.0,buy,False,2022-10-10T15:51:15.915391+00:00
1344,5120899732,1.049,5.5,sell,False,2022-10-10T15:27:52.309437+00:00
1345,5120899690,1.049,6.6,sell,False,2022-10-10T15:27:51.211967+00:00
1346,5120899689,1.05,10.2,sell,False,2022-10-10T15:27:51.211967+00:00
1347,5120899688,1.05,0.1,sell,False,2022-10-10T15:27:51.211967+00:00
1348,5120899670,1.05,10.1,sell,False,2022-10-10T15:27:50.685778+00:00
1349,5120899534,1.053,14.4,sell,False,2022-10-10T15:27:48.916102+00:00
1350,5120899490,1.053,9.9,sell,False,2022-10-10T15:27:48.380853+00:00
1351,5120782866,1.053,23.1,sell,False,2022-10-10T15:00:04.156911+00:00
1352,5120761694,1.054,11.7,sell,False,2022-10-10T14:55:32.241862+00:00
1353,5120761693,1.054,11.7,sell,False,2022-10-10T14:55:32.241862+00:00
1354,5120761583,1.061,9.8,sell,False,2022-10-10T14:55:31.243203+00:00
1355,5120761582,1.061,9.8,sell,False,2022-10-10T14:55:31.243203+00:00
1356,5120655488,1.064,1.7,sell,False,2022-10-10T14:38:05.330342+00:00
1357,5120655421,1.064,9.9,sell,False,2022-10-10T14:38:04.739681+00:00
1358,5120654452,1.068,11.2,sell,False,2022-10-10T14:37:55.673678+00:00
1359,5120654451,1.068,11.2,sell,False,2022-10-10T14:37:55.673678+00:00
1360,5120654450,1.07,28.6,sell,False,2022-10-10T14:37:55.673678+00:00
1361,5120654298,1.07,205.0,sell,False,2022-10-10T14:37:54.486383+00:00
1362,5120654297,1.072,9.4,sell,False,2022-10-10T14:37:54.486383+00:00
1363,5120654296,1.072,9.4,sell,False,2022-10-10T14:37:54.486383+00:00
1364,5120590234,1.075,7.1,sell,False,2022-10-10T14:27:03.483985+00:00
1365,5120589905,1.075,9.6,sell,False,2022-10-10T14:27:02.487716+00:00
1366,5120589453,1.075,10.2,sell,False,2022-10-10T14:27:01.825092+00:00
1367,5120589170,1.075,9.8,sell,False,2022-10-10T14:27:01.281973+00:00
1368,5120589108,1.075,9.8,sell,False,2022-10-10T14:27:00.620986+00:00
1369,5120587212,1.079,11.1,sell,False,2022-10-10T14:26:42.811285+00:00
1370,5120587184,1.082,10.8,sell,False,2022-10-10T14:26:42.252631+00:00
1371,5120587183,1.082,10.8,sell,False,2022-10-10T14:26:42.252631+00:00
1372,5120570457,1.083,9.3,buy,False,2022-10-10T14:21:41.809573+00:00
1373,5120570414,1.083,9.3,buy,False,2022-10-10T14:21:40.933609+00:00
1374,5120537251,1.092,10.7,sell,False,2022-10-10T14:11:33.148358+00:00
1375,5120531910,1.096,10.3,sell,False,2022-10-10T14:10:03.306947+00:00
1376,5120531909,1.096,10.3,sell,False,2022-10-10T14:10:03.306947+00:00
1377,5120530151,1.106,10.2,sell,False,2022-10-10T14:09:44.481848+00:00
1378,5120530150,1.109,9.9,sell,False,2022-10-10T14:09:44.481848+00:00
1379,5120530149,1.109,9.9,sell,False,2022-10-10T14:09:44.481848+00:00
1380,5120446699,1.127,10.5,sell,False,2022-10-10T13:51:46.198011+00:00
1381,5120446672,1.127,12.9,sell,False,2022-10-10T13:51:45.640275+00:00
1382,5120446623,1.127,31.4,sell,False,2022-10-10T13:51:45.103071+00:00
1383,5120446551,1.127,42.9,sell,False,2022-10-10T13:51:44.505244+00:00
1384,5120430570,1.135,17.3,buy,False,2022-10-10T13:47:45.413782+00:00
1385,5120370555,1.115,9.2,sell,False,2022-10-10T13:36:05.982445+00:00
1386,5120370394,1.119,9.8,sell,False,2022-10-10T13:36:05.424885+00:00
1387,5120370393,1.121,9.5,sell,False,2022-10-10T13:36:05.424885+00:00
1388,5120370392,1.121,9.5,sell,False,2022-10-10T13:36:05.424885+00:00
1389,5120355446,1.13,9.0,sell,False,2022-10-10T13:34:03.976165+00:00
1390,5120354993,1.132,9.4,sell,False,2022-10-10T13:34:03.406624+00:00
1391,5120354992,1.134,9.1,sell,False,2022-10-10T13:34:03.406624+00:00
1392,5120354991,1.134,9.1,sell,False,2022-10-10T13:34:03.406624+00:00
1393,5119846593,1.135,7.9,sell,False,2022-10-10T11:01:22.934167+00:00
1394,5119846592,1.14,8.0,sell,False,2022-10-10T11:01:22.934167+00:00
1395,5119846591,1.144,9.1,sell,False,2022-10-10T11:01:22.934167+00:00
1396,5118901164,1.153,16.3,sell,False,2022-10-10T08:06:50.423809+00:00
1397,5118901119,1.153,9.0,sell,False,2022-10-10T08:06:49.820253+00:00
1398,5117509887,1.186,12.6,buy,False,2022-10-10T00:04:53.899233+00:00
1399,5116250278,1.198,3.0,buy,False,2022-10-09T15:31:39.468891+00:00
1400,5115751242,1.145,0.2,sell,False,2022-10-09T11:25:17.147935+00:00
1401,5115751241,1.145,8.8,sell,False,2022-10-09T11:25:17.147935+00:00
1402,5115751240,1.145,8.8,sell,False,2022-10-09T11:25:17.147935+00:00
1403,5115750383,1.15,7.0,sell,False,2022-10-09T11:24:52.406453+00:00
1404,5114514000,1.2,12.5,buy,False,2022-10-09T00:49:49.276093+00:00
1405,5113902489,1.2,0.8,buy,False,2022-10-08T21:21:52.448391+00:00
1406,5113852322,1.2,30.0,buy,False,2022-10-08T20:53:00.173344+00:00
1407,5111934946,1.189,102.6,sell,False,2022-10-08T04:48:11.047376+00:00
1408,5111934939,1.189,23.5,buy,False,2022-10-08T04:48:10.797579+00:00
1409,5111608881,1.189,2.2,buy,False,2022-10-08T02:22:36.742992+00:00
1410,5111608880,1.188,10.7,buy,False,2022-10-08T02:22:36.742992+00:00
1411,5111200748,1.156,0.1,sell,False,2022-10-07T23:55:55.689313+00:00
1412,5111200740,1.156,8.6,sell,False,2022-10-07T23:55:55.149500+00:00
1413,5110753567,1.157,10.7,sell,False,2022-10-07T20:54:37.010572+00:00
1414,5110525422,1.168,8.6,buy,False,2022-10-07T19:45:08.078472+00:00
1415,5110518549,1.157,8.7,buy,False,2022-10-07T19:43:09.102929+00:00
