,id,price,size,side,liquidation,time
0,5400510737,165.0,0.2,sell,False,2022-11-10T08:03:56.698920+00:00
1,5399324954,162.025,0.12,sell,False,2022-11-10T05:36:51.483952+00:00
2,5398830658,168.55,0.26,buy,False,2022-11-10T04:27:46.648667+00:00
3,5398403025,210.675,0.53,buy,False,2022-11-10T03:21:32.083674+00:00
4,5398402664,192.0,0.53,buy,False,2022-11-10T03:21:29.100185+00:00
5,5397419972,240.0,0.01,buy,False,2022-11-10T01:05:47.381748+00:00
6,5397419971,240.0,0.1,buy,False,2022-11-10T01:05:47.381748+00:00
7,5397419970,235.0,0.1,buy,False,2022-11-10T01:05:47.381748+00:00
8,5397419969,230.0,0.1,buy,False,2022-11-10T01:05:47.381748+00:00
9,5397419968,208.6,1.0,buy,False,2022-11-10T01:05:47.381748+00:00
10,5397415879,201.4,1.0,buy,False,2022-11-10T01:05:16.588535+00:00
11,5397415878,192.5,1.0,buy,False,2022-11-10T01:05:16.588535+00:00
12,5397415877,182.275,1.0,buy,False,2022-11-10T01:05:16.588535+00:00
13,5396653430,170.0,1.0,buy,False,2022-11-09T23:51:45.316369+00:00
14,5396653429,163.0,1.0,buy,False,2022-11-09T23:51:45.316369+00:00
15,5396426771,227.825,1.0,buy,False,2022-11-09T23:31:49.446702+00:00
16,5396426067,225.0,0.1,buy,False,2022-11-09T23:31:45.686667+00:00
17,5396418127,220.0,0.01,buy,False,2022-11-09T23:31:10.168300+00:00
18,5396418126,220.0,0.1,buy,False,2022-11-09T23:31:10.168300+00:00
19,5396418125,219.975,0.37,buy,False,2022-11-09T23:31:10.168300+00:00
20,5396418124,215.0,0.1,buy,False,2022-11-09T23:31:10.168300+00:00
21,5396354645,153.025,0.01,sell,False,2022-11-09T23:25:22.577312+00:00
22,5395605976,152.025,0.18,sell,False,2022-11-09T22:26:04.519998+00:00
23,5395605910,152.025,0.18,sell,False,2022-11-09T22:26:04.364458+00:00
24,5395602421,210.0,0.01,buy,False,2022-11-09T22:25:46.995321+00:00
25,5395602420,210.0,0.1,buy,False,2022-11-09T22:25:46.995321+00:00
26,5395602419,205.0,0.1,buy,False,2022-11-09T22:25:46.995321+00:00
27,5395602418,178.0,0.25,buy,False,2022-11-09T22:25:46.995321+00:00
28,5394917367,180.0,1.23,buy,False,2022-11-09T21:40:15.297834+00:00
29,5394917366,180.0,35.77,buy,False,2022-11-09T21:40:15.297834+00:00
30,5394803199,158.0,1.48,sell,False,2022-11-09T21:33:52.614978+00:00
31,5394738911,180.0,16.38,buy,False,2022-11-09T21:30:18.632119+00:00
32,5394202987,170.0,3.0,buy,False,2022-11-09T20:59:31.291150+00:00
33,5394202986,167.275,3.0,buy,False,2022-11-09T20:59:31.291150+00:00
34,5394202985,165.0,3.0,buy,False,2022-11-09T20:59:31.291150+00:00
35,5394202984,162.0,3.0,buy,False,2022-11-09T20:59:31.291150+00:00
36,5394202983,161.975,0.76,buy,False,2022-11-09T20:59:31.291150+00:00
37,5394119383,145.0,0.04,sell,False,2022-11-09T20:54:00.478697+00:00
38,5394119382,145.0,0.01,sell,False,2022-11-09T20:54:00.478697+00:00
39,5394119381,145.025,0.76,sell,False,2022-11-09T20:54:00.478697+00:00
40,5394119380,159.2,3.0,sell,False,2022-11-09T20:54:00.478697+00:00
41,5393938470,159.2,6.0,sell,False,2022-11-09T20:43:58.304855+00:00
42,5393938469,160.225,3.0,sell,False,2022-11-09T20:43:58.304855+00:00
43,5393454936,200.0,0.09,buy,False,2022-11-09T20:01:17.704343+00:00
44,5393454856,200.0,0.01,buy,False,2022-11-09T20:01:17.407573+00:00
45,5393454855,195.0,0.01,buy,False,2022-11-09T20:01:17.407573+00:00
46,5393454854,195.0,0.1,buy,False,2022-11-09T20:01:17.407573+00:00
47,5393454853,190.0,0.01,buy,False,2022-11-09T20:01:17.407573+00:00
48,5393454852,185.0,0.01,buy,False,2022-11-09T20:01:17.407573+00:00
49,5393454396,183.85,0.11,sell,False,2022-11-09T20:01:14.371667+00:00
50,5393454367,183.85,0.11,sell,False,2022-11-09T20:01:14.072608+00:00
51,5393450990,180.0,0.06,buy,False,2022-11-09T20:01:04.174465+00:00
52,5393450989,180.0,0.01,buy,False,2022-11-09T20:01:04.174465+00:00
53,5393450988,175.2,0.01,buy,False,2022-11-09T20:01:04.174465+00:00
54,5393450987,172.525,0.01,buy,False,2022-11-09T20:01:04.174465+00:00
55,5393450986,172.5,0.01,buy,False,2022-11-09T20:01:04.174465+00:00
56,5393450985,172.425,0.01,buy,False,2022-11-09T20:01:04.174465+00:00
57,5393450984,172.425,0.01,buy,False,2022-11-09T20:01:04.174465+00:00
58,5393450983,171.0,0.01,buy,False,2022-11-09T20:01:04.174465+00:00
59,5393433929,160.2,10.0,buy,False,2022-11-09T19:59:51.281595+00:00
60,5393433928,160.175,0.69,buy,False,2022-11-09T19:59:51.281595+00:00
61,5392227590,158.5,9.0,buy,False,2022-11-09T18:28:21.048677+00:00
62,5392220003,158.775,0.31,sell,False,2022-11-09T18:27:49.214558+00:00
63,5392220002,158.8,0.19,sell,False,2022-11-09T18:27:49.214558+00:00
64,5392219451,158.8,0.5,sell,False,2022-11-09T18:27:46.298952+00:00
65,5390795114,160.5,8.11,sell,False,2022-11-09T16:44:35.838157+00:00
66,5390795059,160.5,110.69,buy,False,2022-11-09T16:44:35.764165+00:00
67,5390795058,160.375,5.13,buy,False,2022-11-09T16:44:35.764165+00:00
68,5390795057,160.35,0.68,buy,False,2022-11-09T16:44:35.764165+00:00
69,5390595140,158.775,5.73,sell,False,2022-11-09T16:32:16.252452+00:00
70,5390595139,158.8,0.67,sell,False,2022-11-09T16:32:16.252452+00:00
71,5389284489,160.9,16.3,sell,False,2022-11-09T15:20:50.221095+00:00
72,5389282388,160.9,112.8,sell,False,2022-11-09T15:20:35.203080+00:00
73,5389278686,160.9,163.93,sell,False,2022-11-09T15:20:10.872997+00:00
74,5389278682,160.875,171.58,buy,False,2022-11-09T15:20:10.798011+00:00
75,5389166006,160.5,73.8,sell,False,2022-11-09T15:08:47.344923+00:00
76,5389164237,160.5,80.69,sell,False,2022-11-09T15:08:34.274336+00:00
77,5389156196,160.475,5.9,buy,False,2022-11-09T15:07:34.079165+00:00
78,5388956467,158.8,0.01,sell,False,2022-11-09T14:51:05.593718+00:00
79,5388726340,160.2,117.29,sell,False,2022-11-09T14:37:21.279931+00:00
80,5388723345,160.2,138.43,sell,False,2022-11-09T14:37:04.158809+00:00
81,5388720678,160.2,128.55,sell,False,2022-11-09T14:36:47.951241+00:00
82,5388718684,160.2,86.23,sell,False,2022-11-09T14:36:35.396965+00:00
83,5388716080,160.2,78.29,sell,False,2022-11-09T14:36:23.714487+00:00
84,5388715593,160.2,75.62,sell,False,2022-11-09T14:36:20.672202+00:00
85,5388550057,159.425,0.01,sell,False,2022-11-09T14:24:37.741621+00:00
86,5388491243,160.0,0.01,sell,False,2022-11-09T14:18:46.882801+00:00
87,5386538127,159.9,1.84,buy,False,2022-11-09T11:58:17.637331+00:00
88,5386538126,159.875,0.67,buy,False,2022-11-09T11:58:17.637331+00:00
89,5385905468,158.775,2.31,sell,False,2022-11-09T11:07:07.991953+00:00
90,5385197630,158.775,10.0,sell,False,2022-11-09T10:22:50.245180+00:00
91,5381954889,147.775,0.36,sell,False,2022-11-09T06:44:38.156539+00:00
92,5381453979,160.0,0.12,buy,False,2022-11-09T06:01:08.276384+00:00
93,5381343179,158.425,0.59,sell,False,2022-11-09T05:53:34.979886+00:00
94,5381210859,158.375,0.53,sell,False,2022-11-09T05:44:23.449267+00:00
95,5381106161,158.35,1.62,sell,False,2022-11-09T05:37:05.678879+00:00
96,5381106160,158.375,0.67,sell,False,2022-11-09T05:37:05.678879+00:00
97,5380840243,159.9,0.53,buy,False,2022-11-09T05:18:19.836323+00:00
98,5380025560,159.975,0.36,buy,False,2022-11-09T04:01:44.358037+00:00
99,5374550248,160.225,24.33,sell,False,2022-11-08T20:48:39.643639+00:00
100,5374519429,160.225,5.0,buy,False,2022-11-08T20:47:12.699250+00:00
101,5374519428,160.2,0.67,buy,False,2022-11-08T20:47:12.699250+00:00
102,5374016948,158.6,0.06,sell,False,2022-11-08T20:22:02.980691+00:00
103,5374016947,158.7,3.94,sell,False,2022-11-08T20:22:02.980691+00:00
104,5373075499,158.625,0.14,sell,False,2022-11-08T19:49:34.129840+00:00
105,5373075498,158.625,0.17,sell,False,2022-11-08T19:49:34.129840+00:00
106,5371937772,158.55,0.01,sell,False,2022-11-08T19:26:42.627387+00:00
107,5371721162,158.65,0.5,sell,False,2022-11-08T19:23:14.966095+00:00
108,5371647639,160.225,3.32,buy,False,2022-11-08T19:21:42.827135+00:00
109,5371647638,160.175,5.0,buy,False,2022-11-08T19:21:42.827135+00:00
110,5371647637,160.125,5.0,buy,False,2022-11-08T19:21:42.827135+00:00
111,5371647636,160.075,5.0,buy,False,2022-11-08T19:21:42.827135+00:00
112,5371647635,160.05,0.66,buy,False,2022-11-08T19:21:42.827135+00:00
113,5371403786,158.725,2.61,sell,False,2022-11-08T19:13:01.377118+00:00
114,5371030226,150.6,0.3,sell,False,2022-11-08T19:00:22.712608+00:00
115,5370944429,150.6,0.38,sell,False,2022-11-08T18:57:38.221653+00:00
116,5370397092,156.525,2.71,sell,False,2022-11-08T18:40:17.127116+00:00
117,5370397091,156.55,0.66,sell,False,2022-11-08T18:40:17.127116+00:00
118,5370397090,159.55,5.0,sell,False,2022-11-08T18:40:17.127116+00:00
119,5370397089,159.575,5.0,sell,False,2022-11-08T18:40:17.127116+00:00
120,5370397088,159.6,5.0,sell,False,2022-11-08T18:40:17.127116+00:00
121,5370383689,159.625,5.0,sell,False,2022-11-08T18:39:51.701676+00:00
122,5370356492,159.65,5.0,sell,False,2022-11-08T18:38:50.721158+00:00
123,5368491903,159.65,1.97,buy,False,2022-11-08T17:56:44.583655+00:00
124,5368098636,159.525,0.92,sell,False,2022-11-08T17:45:41.063368+00:00
125,5367263557,159.475,0.63,sell,False,2022-11-08T17:14:37.584226+00:00
126,5367213442,159.55,0.3,sell,False,2022-11-08T17:12:48.453176+00:00
127,5367162977,159.6,0.63,sell,False,2022-11-08T17:10:19.067040+00:00
128,5367018588,159.675,0.63,buy,False,2022-11-08T17:04:30.131291+00:00
129,5366920126,159.55,0.01,sell,False,2022-11-08T17:01:18.663648+00:00
130,5366517987,159.875,0.06,buy,False,2022-11-08T16:44:09.060094+00:00
131,5365968663,159.975,0.08,buy,False,2022-11-08T16:27:24.818014+00:00
132,5365102690,159.525,0.63,buy,False,2022-11-08T16:07:40.909569+00:00
133,5364821166,159.6,0.31,buy,False,2022-11-08T16:02:24.652251+00:00
134,5364348819,159.225,0.63,buy,False,2022-11-08T15:31:36.016380+00:00
135,5364139105,158.85,0.63,buy,False,2022-11-08T15:19:19.513024+00:00
136,5364123011,158.675,0.63,buy,False,2022-11-08T15:18:24.563623+00:00
137,5364096766,158.4,0.63,buy,False,2022-11-08T15:16:48.186250+00:00
138,5364063746,158.2,0.63,buy,False,2022-11-08T15:14:30.619680+00:00
139,5364000926,158.05,0.63,buy,False,2022-11-08T15:10:12.488298+00:00
140,5363999554,157.9,0.63,buy,False,2022-11-08T15:10:06.737941+00:00
141,5363998280,157.75,0.63,buy,False,2022-11-08T15:10:02.175373+00:00
142,5363994384,157.575,0.63,buy,False,2022-11-08T15:09:44.302248+00:00
143,5363994103,157.45,0.64,buy,False,2022-11-08T15:09:42.292602+00:00
144,5363992694,157.25,0.64,buy,False,2022-11-08T15:09:32.232095+00:00
145,5363990986,157.2,0.04,buy,False,2022-11-08T15:09:23.484835+00:00
146,5363990635,157.2,11.84,buy,False,2022-11-08T15:09:20.467023+00:00
147,5363990466,157.1,0.64,buy,False,2022-11-08T15:09:19.283094+00:00
148,5363985855,156.825,0.64,buy,False,2022-11-08T15:08:58.738886+00:00
149,5363791256,156.4,4.79,buy,False,2022-11-08T14:56:20.547468+00:00
150,5363724938,156.375,0.64,buy,False,2022-11-08T14:52:54.610758+00:00
151,5363554035,156.225,0.64,buy,False,2022-11-08T14:45:04.136344+00:00
152,5363239880,155.9,0.02,buy,False,2022-11-08T14:30:07.035832+00:00
153,5362766514,155.525,0.64,sell,False,2022-11-08T13:59:02.989791+00:00
154,5360470901,155.3,0.64,sell,False,2022-11-08T09:38:53.137864+00:00
155,5360088710,155.05,0.64,sell,False,2022-11-08T09:00:10.049313+00:00
156,5359874651,155.025,47.93,buy,False,2022-11-08T08:37:55.185021+00:00
157,5359866146,155.025,87.29,buy,False,2022-11-08T08:37:13.304174+00:00
158,5359865270,155.025,74.62,buy,False,2022-11-08T08:37:10.811018+00:00
159,5359841273,155.025,76.78,buy,False,2022-11-08T08:35:27.489126+00:00
160,5359827047,155.025,6.5,sell,False,2022-11-08T08:34:51.416848+00:00
161,5359827046,155.075,6.34,sell,False,2022-11-08T08:34:51.416848+00:00
162,5359815503,155.075,4.29,sell,False,2022-11-08T08:33:46.393336+00:00
163,5359801097,155.125,0.03,sell,False,2022-11-08T08:32:29.113373+00:00
164,5359702855,155.15,78.41,buy,False,2022-11-08T08:22:47.292382+00:00
165,5359699996,155.15,94.88,buy,False,2022-11-08T08:22:34.104686+00:00
166,5359698091,155.15,84.97,buy,False,2022-11-08T08:22:21.848387+00:00
167,5359696390,155.15,83.31,buy,False,2022-11-08T08:22:10.793201+00:00
168,5359694494,155.15,76.4,buy,False,2022-11-08T08:21:58.456847+00:00
169,5359691213,155.15,88.19,buy,False,2022-11-08T08:21:41.419843+00:00
170,5359690551,155.15,80.69,buy,False,2022-11-08T08:21:37.827128+00:00
171,5359665037,155.15,85.77,buy,False,2022-11-08T08:19:39.573910+00:00
172,5359664993,155.15,74.44,buy,False,2022-11-08T08:19:39.239043+00:00
173,5359659626,155.175,4.24,sell,False,2022-11-08T08:19:15.712449+00:00
174,5359552800,155.3,82.69,buy,False,2022-11-08T08:10:51.244517+00:00
175,5359552674,155.3,75.62,buy,False,2022-11-08T08:10:50.616281+00:00
176,5359550170,155.3,75.88,buy,False,2022-11-08T08:10:38.367346+00:00
177,5359549999,155.3,76.38,buy,False,2022-11-08T08:10:37.734931+00:00
178,5359512957,155.3,84.24,buy,False,2022-11-08T08:06:49.421802+00:00
179,5359510933,155.3,93.58,buy,False,2022-11-08T08:06:36.191788+00:00
180,5359508766,155.3,105.17,buy,False,2022-11-08T08:06:22.110882+00:00
181,5359505953,155.3,110.83,buy,False,2022-11-08T08:06:07.414986+00:00
182,5359503545,155.3,112.46,buy,False,2022-11-08T08:05:52.711791+00:00
183,5359501440,155.3,102.67,buy,False,2022-11-08T08:05:38.909519+00:00
184,5359500442,155.3,85.85,buy,False,2022-11-08T08:05:34.435334+00:00
185,5359438202,155.45,87.65,buy,False,2022-11-08T08:00:33.854171+00:00
186,5359411125,155.45,84.09,buy,False,2022-11-08T07:58:51.220946+00:00
187,5359408334,155.45,82.86,buy,False,2022-11-08T07:58:39.460657+00:00
188,5359407327,155.45,82.15,buy,False,2022-11-08T07:58:33.249281+00:00
189,5359400482,155.45,77.87,buy,False,2022-11-08T07:57:56.850121+00:00
190,5359400379,155.425,0.67,buy,False,2022-11-08T07:57:56.313351+00:00
191,5359399936,155.45,77.97,buy,False,2022-11-08T07:57:53.425927+00:00
192,5358403584,155.475,1.28,sell,False,2022-11-08T06:39:28.880681+00:00
193,5357471535,155.225,14.82,sell,False,2022-11-08T05:40:25.568404+00:00
194,5357471534,155.275,0.01,sell,False,2022-11-08T05:40:25.568404+00:00
195,5357456448,155.275,17.38,sell,False,2022-11-08T05:39:38.176226+00:00
196,5357443735,155.275,13.7,sell,False,2022-11-08T05:39:00.448538+00:00
197,5357427701,155.3,16.68,sell,False,2022-11-08T05:38:14.720664+00:00
198,5357422184,155.25,17.49,sell,False,2022-11-08T05:38:05.083947+00:00
199,5357422183,155.3,0.01,sell,False,2022-11-08T05:38:05.083947+00:00
200,5357367758,155.3,17.83,sell,False,2022-11-08T05:35:51.566049+00:00
201,5357320301,155.4,0.06,sell,False,2022-11-08T05:33:20.357083+00:00
202,5357315583,155.475,0.02,sell,False,2022-11-08T05:33:05.751364+00:00
203,5357309469,155.4,0.03,sell,False,2022-11-08T05:32:50.385079+00:00
204,5357302827,155.4,0.04,sell,False,2022-11-08T05:32:35.561523+00:00
205,5357296468,155.4,0.05,sell,False,2022-11-08T05:32:20.587415+00:00
206,5357289938,155.4,0.04,sell,False,2022-11-08T05:32:05.351482+00:00
207,5357284621,155.4,0.06,sell,False,2022-11-08T05:31:50.468330+00:00
208,5357277445,155.5,0.03,sell,False,2022-11-08T05:31:35.858144+00:00
209,5357271899,155.4,0.03,sell,False,2022-11-08T05:31:20.458990+00:00
210,5357266559,155.4,0.04,sell,False,2022-11-08T05:31:05.422744+00:00
211,5357259854,155.4,0.03,sell,False,2022-11-08T05:30:50.831703+00:00
212,5357253916,155.4,0.05,sell,False,2022-11-08T05:30:35.399990+00:00
213,5357246950,155.4,0.03,sell,False,2022-11-08T05:30:20.489902+00:00
214,5357240431,155.325,0.06,sell,False,2022-11-08T05:30:06.028999+00:00
215,5357233975,155.325,0.03,sell,False,2022-11-08T05:29:50.890890+00:00
216,5357227312,155.325,0.03,sell,False,2022-11-08T05:29:35.981488+00:00
217,5357219174,155.475,0.04,sell,False,2022-11-08T05:29:20.566790+00:00
218,5357208762,155.325,0.03,sell,False,2022-11-08T05:29:05.558335+00:00
219,5357199866,155.325,0.03,sell,False,2022-11-08T05:28:50.712312+00:00
220,5357190256,155.325,0.04,sell,False,2022-11-08T05:28:35.560902+00:00
221,5357181142,155.325,0.05,sell,False,2022-11-08T05:28:20.696314+00:00
222,5357175366,155.475,0.03,sell,False,2022-11-08T05:28:05.791642+00:00
223,5357169757,155.45,0.02,sell,False,2022-11-08T05:27:50.528775+00:00
224,5357163495,155.45,0.04,sell,False,2022-11-08T05:27:35.339346+00:00
225,5357157988,155.45,0.04,sell,False,2022-11-08T05:27:20.732734+00:00
226,5357150488,155.45,0.04,sell,False,2022-11-08T05:27:05.610746+00:00
227,5357144045,155.325,0.02,sell,False,2022-11-08T05:26:50.949947+00:00
228,5357135144,155.325,0.05,sell,False,2022-11-08T05:26:35.437732+00:00
229,5357125277,155.325,0.05,sell,False,2022-11-08T05:26:20.806239+00:00
230,5357106406,155.325,0.03,sell,False,2022-11-08T05:26:06.450083+00:00
231,5357094545,155.325,0.04,sell,False,2022-11-08T05:25:50.468638+00:00
232,5357087613,155.325,0.02,sell,False,2022-11-08T05:25:35.356553+00:00
233,5357079912,155.425,0.03,sell,False,2022-11-08T05:25:20.715812+00:00
234,5357071215,155.325,0.03,sell,False,2022-11-08T05:25:05.495648+00:00
235,5357063078,155.325,0.04,sell,False,2022-11-08T05:24:50.951959+00:00
236,5357055765,155.325,0.05,sell,False,2022-11-08T05:24:35.787261+00:00
237,5357047828,155.325,0.03,sell,False,2022-11-08T05:24:20.553524+00:00
238,5357035716,155.325,0.05,sell,False,2022-11-08T05:24:05.519631+00:00
239,5357019817,155.325,0.05,sell,False,2022-11-08T05:23:50.641206+00:00
240,5357005862,155.325,0.02,sell,False,2022-11-08T05:23:35.509017+00:00
241,5356994149,155.325,0.05,sell,False,2022-11-08T05:23:20.330000+00:00
242,5356986307,155.325,0.02,sell,False,2022-11-08T05:23:05.739167+00:00
243,5356980711,155.325,0.04,sell,False,2022-11-08T05:22:50.500208+00:00
244,5356974810,155.325,0.03,sell,False,2022-11-08T05:22:35.944729+00:00
245,5356967977,155.325,0.02,sell,False,2022-11-08T05:22:20.400732+00:00
246,5356957572,155.325,0.04,sell,False,2022-11-08T05:22:05.349977+00:00
247,5356950554,155.325,0.04,sell,False,2022-11-08T05:21:50.343083+00:00
248,5356944648,155.325,0.03,sell,False,2022-11-08T05:21:35.341653+00:00
249,5356937951,155.325,0.03,sell,False,2022-11-08T05:21:20.548871+00:00
250,5356929803,155.325,0.05,sell,False,2022-11-08T05:21:05.997515+00:00
251,5356918064,155.325,0.04,sell,False,2022-11-08T05:20:50.956048+00:00
252,5356907009,155.325,0.03,sell,False,2022-11-08T05:20:35.820355+00:00
253,5356899938,155.325,0.02,sell,False,2022-11-08T05:20:20.326664+00:00
254,5356894220,155.325,0.02,sell,False,2022-11-08T05:20:06.422879+00:00
255,5356889323,155.325,0.05,sell,False,2022-11-08T05:19:50.494375+00:00
256,5356885100,155.325,0.05,sell,False,2022-11-08T05:19:35.953905+00:00
257,5356879956,155.325,0.02,sell,False,2022-11-08T05:19:20.706661+00:00
258,5356875738,155.325,0.04,sell,False,2022-11-08T05:19:05.617737+00:00
259,5356870487,155.325,0.02,sell,False,2022-11-08T05:18:50.575220+00:00
260,5356865599,155.325,0.04,sell,False,2022-11-08T05:18:35.496686+00:00
261,5356859145,155.325,0.05,sell,False,2022-11-08T05:18:20.458850+00:00
262,5356854305,155.325,0.03,sell,False,2022-11-08T05:18:05.522795+00:00
263,5356849562,155.325,0.02,sell,False,2022-11-08T05:17:50.369600+00:00
264,5356845441,155.325,0.03,sell,False,2022-11-08T05:17:35.851939+00:00
265,5356839423,155.325,0.05,sell,False,2022-11-08T05:17:20.328944+00:00
266,5356833835,155.325,0.03,sell,False,2022-11-08T05:17:06.568422+00:00
267,5356828062,155.325,0.02,sell,False,2022-11-08T05:16:50.863122+00:00
268,5356823472,155.325,0.02,sell,False,2022-11-08T05:16:36.072938+00:00
269,5356817839,155.325,0.02,sell,False,2022-11-08T05:16:20.823837+00:00
270,5356812310,155.325,0.03,sell,False,2022-11-08T05:16:05.429040+00:00
271,5356807906,155.325,0.06,sell,False,2022-11-08T05:15:51.175471+00:00
272,5356803489,155.325,0.03,sell,False,2022-11-08T05:15:36.178308+00:00
273,5356798940,155.425,0.02,sell,False,2022-11-08T05:15:20.629285+00:00
274,5356792791,155.325,0.05,sell,False,2022-11-08T05:15:05.889068+00:00
275,5356786750,155.25,0.05,sell,False,2022-11-08T05:14:50.587451+00:00
276,5356785036,155.3,15.17,buy,False,2022-11-08T05:14:48.106542+00:00
277,5356784987,155.325,14.46,sell,False,2022-11-08T05:14:48.030157+00:00
278,5356779201,155.3,0.04,sell,False,2022-11-08T05:14:35.340293+00:00
279,5356773126,155.3,0.03,sell,False,2022-11-08T05:14:20.342681+00:00
280,5356771176,155.3,9.67,buy,False,2022-11-08T05:14:16.144623+00:00
281,5356771100,155.3,6.42,sell,False,2022-11-08T05:14:15.974707+00:00
282,5356765323,155.3,0.03,sell,False,2022-11-08T05:14:05.707720+00:00
283,5356761407,155.3,3.92,sell,False,2022-11-08T05:13:58.084245+00:00
284,5356761406,155.325,12.17,sell,False,2022-11-08T05:13:58.084245+00:00
285,5356756736,155.3,0.03,sell,False,2022-11-08T05:13:51.988143+00:00
286,5356753435,155.3,14.42,sell,False,2022-11-08T05:13:48.535006+00:00
287,5356753434,155.35,1.67,sell,False,2022-11-08T05:13:48.535006+00:00
288,5356732734,155.35,15.84,sell,False,2022-11-08T05:13:38.446883+00:00
289,5356732733,155.35,0.25,sell,False,2022-11-08T05:13:38.446883+00:00
290,5356728174,155.35,0.03,sell,False,2022-11-08T05:13:35.383918+00:00
291,5356722749,155.35,0.06,sell,False,2022-11-08T05:13:20.947299+00:00
292,5356718487,155.35,0.04,sell,False,2022-11-08T05:13:05.330646+00:00
293,5356714174,155.35,0.05,sell,False,2022-11-08T05:12:50.317708+00:00
294,5356709051,155.35,0.03,sell,False,2022-11-08T05:12:35.613913+00:00
295,5356703086,155.35,0.04,sell,False,2022-11-08T05:12:20.765984+00:00
296,5356697359,155.35,0.03,sell,False,2022-11-08T05:12:05.389167+00:00
297,5356688289,155.35,0.03,sell,False,2022-11-08T05:11:50.735679+00:00
298,5356673397,155.35,0.03,sell,False,2022-11-08T05:11:35.564706+00:00
299,5356662636,155.375,0.05,sell,False,2022-11-08T05:11:20.568024+00:00
300,5356657179,155.375,0.05,sell,False,2022-11-08T05:11:05.788289+00:00
301,5356651094,155.375,0.05,sell,False,2022-11-08T05:10:50.434136+00:00
302,5356646151,155.375,0.04,sell,False,2022-11-08T05:10:35.524167+00:00
303,5356642382,155.375,0.03,sell,False,2022-11-08T05:10:20.480462+00:00
304,5356636697,155.375,0.03,sell,False,2022-11-08T05:10:05.759370+00:00
305,5356630043,155.375,0.03,sell,False,2022-11-08T05:09:50.924986+00:00
306,5356625150,155.375,0.05,sell,False,2022-11-08T05:09:35.327630+00:00
307,5356622425,155.375,0.04,sell,False,2022-11-08T05:09:20.896285+00:00
308,5356618461,155.375,0.04,sell,False,2022-11-08T05:09:05.430734+00:00
309,5356615377,155.375,0.04,sell,False,2022-11-08T05:08:50.690736+00:00
310,5356611572,155.425,0.05,sell,False,2022-11-08T05:08:35.320641+00:00
311,5356608284,155.425,0.03,sell,False,2022-11-08T05:08:20.716026+00:00
312,5356605522,155.425,0.02,sell,False,2022-11-08T05:08:06.137609+00:00
313,5356602190,155.425,0.03,sell,False,2022-11-08T05:07:51.015617+00:00
314,5356598300,155.425,0.02,sell,False,2022-11-08T05:07:36.198497+00:00
315,5356594769,155.425,0.04,sell,False,2022-11-08T05:07:20.488638+00:00
316,5356591116,155.425,0.05,sell,False,2022-11-08T05:07:06.115881+00:00
317,5356585967,155.425,0.04,sell,False,2022-11-08T05:06:50.857950+00:00
318,5356582455,155.425,0.05,sell,False,2022-11-08T05:06:36.310276+00:00
319,5356577154,155.425,0.03,sell,False,2022-11-08T05:06:20.782856+00:00
320,5356573291,155.425,0.04,sell,False,2022-11-08T05:06:06.705173+00:00
321,5356568748,155.425,0.04,sell,False,2022-11-08T05:05:51.636644+00:00
322,5356564314,155.425,0.04,sell,False,2022-11-08T05:05:35.396249+00:00
323,5356559407,155.425,0.03,sell,False,2022-11-08T05:05:21.067978+00:00
324,5356554744,155.425,0.04,sell,False,2022-11-08T05:05:05.602940+00:00
325,5356551296,155.425,0.04,sell,False,2022-11-08T05:04:50.930089+00:00
326,5356547826,155.425,0.04,sell,False,2022-11-08T05:04:36.246152+00:00
327,5356543851,155.425,0.04,sell,False,2022-11-08T05:04:21.147707+00:00
328,5356539373,155.425,0.03,sell,False,2022-11-08T05:04:05.958048+00:00
329,5356532601,155.425,0.04,sell,False,2022-11-08T05:03:50.527138+00:00
330,5356528084,155.425,0.05,sell,False,2022-11-08T05:03:36.276359+00:00
331,5356523926,155.425,0.05,sell,False,2022-11-08T05:03:20.985169+00:00
332,5356519856,155.425,0.05,sell,False,2022-11-08T05:03:05.362797+00:00
333,5356514701,155.425,0.05,sell,False,2022-11-08T05:02:50.350820+00:00
334,5356509291,155.425,0.02,sell,False,2022-11-08T05:02:35.860679+00:00
335,5356504833,155.425,0.03,sell,False,2022-11-08T05:02:20.805044+00:00
336,5356499914,155.425,0.05,sell,False,2022-11-08T05:02:06.192776+00:00
337,5356495226,155.425,0.06,sell,False,2022-11-08T05:01:50.765407+00:00
338,5356490493,155.425,0.06,sell,False,2022-11-08T05:01:36.337903+00:00
339,5356486614,155.425,0.05,sell,False,2022-11-08T05:01:23.987716+00:00
340,5356480344,155.425,0.05,sell,False,2022-11-08T05:01:07.375527+00:00
341,5356475309,155.425,0.04,sell,False,2022-11-08T05:00:52.476014+00:00
342,5356470733,155.425,0.03,sell,False,2022-11-08T05:00:38.981864+00:00
343,5356467404,155.425,0.03,sell,False,2022-11-08T05:00:28.879965+00:00
344,5356454209,155.425,0.02,sell,False,2022-11-08T04:59:47.684109+00:00
345,5356450469,155.425,0.03,sell,False,2022-11-08T04:59:32.905375+00:00
346,5356447371,155.425,0.05,sell,False,2022-11-08T04:59:17.697268+00:00
347,5356443366,155.425,0.03,sell,False,2022-11-08T04:59:02.895731+00:00
348,5356439372,155.425,0.04,sell,False,2022-11-08T04:58:47.889393+00:00
349,5356434408,155.425,0.06,sell,False,2022-11-08T04:58:32.767572+00:00
350,5356428762,155.425,0.03,sell,False,2022-11-08T04:58:18.073565+00:00
351,5356423246,155.425,0.04,sell,False,2022-11-08T04:58:03.002887+00:00
352,5356417542,155.425,0.04,sell,False,2022-11-08T04:57:47.617044+00:00
353,5356413486,155.425,0.04,sell,False,2022-11-08T04:57:33.044829+00:00
354,5356408591,155.425,0.02,sell,False,2022-11-08T04:57:17.676256+00:00
355,5356403302,155.425,0.02,sell,False,2022-11-08T04:57:02.693932+00:00
356,5356398027,155.425,0.04,sell,False,2022-11-08T04:56:48.377091+00:00
357,5356392388,155.425,0.02,sell,False,2022-11-08T04:56:32.897938+00:00
358,5356388449,155.425,0.06,sell,False,2022-11-08T04:56:18.083584+00:00
359,5356383671,155.425,0.05,sell,False,2022-11-08T04:56:03.534959+00:00
360,5356376883,155.425,0.02,sell,False,2022-11-08T04:55:48.386784+00:00
361,5356371274,155.425,0.03,sell,False,2022-11-08T04:55:33.665956+00:00
362,5356362641,155.425,0.05,sell,False,2022-11-08T04:55:17.767714+00:00
363,5356358640,155.425,0.03,sell,False,2022-11-08T04:55:03.428200+00:00
364,5356355142,155.425,0.04,sell,False,2022-11-08T04:54:48.321026+00:00
365,5356350073,155.425,0.03,sell,False,2022-11-08T04:54:32.727940+00:00
366,5356346413,155.425,0.03,sell,False,2022-11-08T04:54:17.800078+00:00
367,5356343067,155.425,0.05,sell,False,2022-11-08T04:54:02.638760+00:00
368,5356339770,155.425,0.04,sell,False,2022-11-08T04:53:48.143881+00:00
369,5356335983,155.425,0.03,sell,False,2022-11-08T04:53:33.238530+00:00
370,5356332020,155.425,0.05,sell,False,2022-11-08T04:53:17.905811+00:00
371,5356326588,155.425,0.03,sell,False,2022-11-08T04:53:02.707989+00:00
372,5356323226,155.425,0.05,sell,False,2022-11-08T04:52:48.257586+00:00
373,5356319208,155.425,0.03,sell,False,2022-11-08T04:52:32.905775+00:00
374,5356315478,155.425,0.03,sell,False,2022-11-08T04:52:17.855981+00:00
375,5356311756,155.425,0.03,sell,False,2022-11-08T04:52:02.701000+00:00
376,5356307553,155.425,0.05,sell,False,2022-11-08T04:51:47.719386+00:00
377,5356303963,155.425,0.05,sell,False,2022-11-08T04:51:33.002952+00:00
378,5356298678,155.425,0.04,sell,False,2022-11-08T04:51:18.308393+00:00
379,5356294904,155.425,0.02,sell,False,2022-11-08T04:51:03.080662+00:00
380,5356291823,155.425,0.03,sell,False,2022-11-08T04:50:48.049253+00:00
381,5356287969,155.425,0.04,sell,False,2022-11-08T04:50:32.823912+00:00
382,5356282420,155.425,0.05,sell,False,2022-11-08T04:50:17.718961+00:00
383,5356278496,155.425,0.05,sell,False,2022-11-08T04:50:03.037100+00:00
384,5356274118,155.425,0.05,sell,False,2022-11-08T04:49:47.596346+00:00
385,5356270476,155.425,0.02,sell,False,2022-11-08T04:49:33.413819+00:00
386,5356264668,155.425,0.04,sell,False,2022-11-08T04:49:17.798271+00:00
387,5356259002,155.425,0.03,sell,False,2022-11-08T04:49:02.974776+00:00
388,5356253836,155.425,0.02,sell,False,2022-11-08T04:48:48.007577+00:00
389,5356247408,155.425,0.05,sell,False,2022-11-08T04:48:32.895692+00:00
390,5356242025,155.425,0.05,sell,False,2022-11-08T04:48:18.545209+00:00
391,5356237102,155.425,0.05,sell,False,2022-11-08T04:48:02.920261+00:00
392,5356233515,155.425,0.02,sell,False,2022-11-08T04:47:48.312488+00:00
393,5356230168,155.425,0.02,sell,False,2022-11-08T04:47:33.277054+00:00
394,5356226043,155.425,0.04,sell,False,2022-11-08T04:47:17.892184+00:00
395,5356222125,155.425,0.04,sell,False,2022-11-08T04:47:02.935385+00:00
396,5356217884,155.425,0.05,sell,False,2022-11-08T04:46:48.429110+00:00
397,5356213672,155.425,0.05,sell,False,2022-11-08T04:46:33.284664+00:00
398,5356208819,155.425,0.03,sell,False,2022-11-08T04:46:17.633821+00:00
399,5356204539,155.425,0.06,sell,False,2022-11-08T04:46:03.514657+00:00
400,5356200811,155.45,0.06,sell,False,2022-11-08T04:45:48.891895+00:00
401,5356196117,155.375,0.02,sell,False,2022-11-08T04:45:33.312274+00:00
402,5356191529,155.375,0.05,sell,False,2022-11-08T04:45:18.368791+00:00
403,5356187891,155.375,0.05,sell,False,2022-11-08T04:45:02.731800+00:00
404,5356183342,155.375,0.04,sell,False,2022-11-08T04:44:47.587090+00:00
405,5356180271,155.35,0.05,sell,False,2022-11-08T04:44:33.146782+00:00
406,5356175917,155.425,0.03,sell,False,2022-11-08T04:44:18.213970+00:00
407,5356172759,155.475,0.02,sell,False,2022-11-08T04:44:03.630738+00:00
408,5356169074,155.475,0.02,sell,False,2022-11-08T04:43:47.688086+00:00
409,5356165906,155.475,0.03,sell,False,2022-11-08T04:43:33.286766+00:00
410,5356161995,155.475,0.02,sell,False,2022-11-08T04:43:18.044176+00:00
411,5356158741,155.475,0.03,sell,False,2022-11-08T04:43:03.749293+00:00
412,5356154809,155.475,0.03,sell,False,2022-11-08T04:42:47.709363+00:00
413,5356149836,155.475,0.03,sell,False,2022-11-08T04:42:32.599477+00:00
414,5356144014,155.475,0.04,sell,False,2022-11-08T04:42:18.155979+00:00
415,5356139240,155.475,0.04,sell,False,2022-11-08T04:42:02.717835+00:00
416,5356135264,155.475,0.02,sell,False,2022-11-08T04:41:47.973244+00:00
417,5356130811,155.525,0.05,sell,False,2022-11-08T04:41:33.119326+00:00
418,5356126388,155.475,0.05,sell,False,2022-11-08T04:41:18.238382+00:00
419,5356122785,155.475,0.05,sell,False,2022-11-08T04:41:02.820766+00:00
420,5356119212,155.475,0.03,sell,False,2022-11-08T04:40:48.097658+00:00
421,5356114899,155.475,0.04,sell,False,2022-11-08T04:40:33.017404+00:00
422,5356110561,155.475,0.02,sell,False,2022-11-08T04:40:18.118979+00:00
423,5356105571,155.475,0.05,sell,False,2022-11-08T04:40:03.382462+00:00
424,5356101052,155.475,0.04,sell,False,2022-11-08T04:39:47.812059+00:00
425,5356095847,155.475,0.03,sell,False,2022-11-08T04:39:32.886879+00:00
426,5356090566,155.475,0.05,sell,False,2022-11-08T04:39:18.059926+00:00
427,5356084497,155.475,0.04,sell,False,2022-11-08T04:39:03.158596+00:00
428,5356078030,155.475,0.05,sell,False,2022-11-08T04:38:48.207065+00:00
429,5356073603,155.475,0.04,sell,False,2022-11-08T04:38:32.787731+00:00
430,5356069566,155.475,0.05,sell,False,2022-11-08T04:38:17.709051+00:00
431,5356063842,155.475,0.04,sell,False,2022-11-08T04:38:02.693521+00:00
432,5356060027,155.475,0.04,sell,False,2022-11-08T04:37:47.670233+00:00
433,5356055793,155.475,0.04,sell,False,2022-11-08T04:37:32.677212+00:00
434,5356051768,155.475,0.05,sell,False,2022-11-08T04:37:17.694932+00:00
435,5356047615,155.475,0.03,sell,False,2022-11-08T04:37:02.956632+00:00
436,5356043188,155.475,0.05,sell,False,2022-11-08T04:36:48.636724+00:00
437,5356037444,155.475,0.02,sell,False,2022-11-08T04:36:33.431139+00:00
438,5356032956,155.475,0.05,sell,False,2022-11-08T04:36:18.328201+00:00
439,5356026298,155.475,0.05,sell,False,2022-11-08T04:36:02.909149+00:00
440,5356020690,155.475,0.02,sell,False,2022-11-08T04:35:48.161662+00:00
441,5356016343,155.475,0.06,sell,False,2022-11-08T04:35:33.014908+00:00
442,5356012000,155.475,0.05,sell,False,2022-11-08T04:35:18.372269+00:00
443,5356007577,155.475,0.03,sell,False,2022-11-08T04:35:02.720172+00:00
444,5356003082,155.55,0.02,sell,False,2022-11-08T04:34:48.013190+00:00
445,5355999471,155.55,0.04,sell,False,2022-11-08T04:34:32.612794+00:00
446,5355995974,155.55,0.05,sell,False,2022-11-08T04:34:18.171929+00:00
447,5355992206,155.55,0.03,sell,False,2022-11-08T04:34:02.690367+00:00
448,5355988593,155.55,0.04,sell,False,2022-11-08T04:33:47.614104+00:00
449,5355985108,155.55,0.05,sell,False,2022-11-08T04:33:32.706215+00:00
450,5355981335,155.55,0.06,sell,False,2022-11-08T04:33:17.851070+00:00
451,5355976726,155.55,0.03,sell,False,2022-11-08T04:33:03.037379+00:00
452,5355970577,155.55,0.04,sell,False,2022-11-08T04:32:47.826933+00:00
453,5355966074,155.575,0.03,sell,False,2022-11-08T04:32:32.654850+00:00
454,5355961824,155.55,0.04,sell,False,2022-11-08T04:32:17.987219+00:00
455,5355957273,155.55,0.04,sell,False,2022-11-08T04:32:03.822957+00:00
456,5355952841,155.55,0.02,sell,False,2022-11-08T04:31:47.796877+00:00
457,5355948639,155.55,0.05,sell,False,2022-11-08T04:31:32.711098+00:00
458,5355944186,155.55,0.05,sell,False,2022-11-08T04:31:17.776607+00:00
459,5355938870,155.55,0.04,sell,False,2022-11-08T04:31:03.301570+00:00
460,5355932843,155.55,0.02,sell,False,2022-11-08T04:30:47.647659+00:00
461,5355926518,155.55,0.04,sell,False,2022-11-08T04:30:33.290701+00:00
462,5355918522,155.55,0.03,sell,False,2022-11-08T04:30:18.388938+00:00
463,5355910723,155.55,0.04,sell,False,2022-11-08T04:30:02.781954+00:00
464,5355906205,155.55,0.05,sell,False,2022-11-08T04:29:48.080690+00:00
465,5355901379,155.55,0.05,sell,False,2022-11-08T04:29:33.393055+00:00
466,5355895208,155.55,0.05,sell,False,2022-11-08T04:29:17.604050+00:00
467,5355889989,155.55,0.02,sell,False,2022-11-08T04:29:03.371773+00:00
468,5355883589,155.625,0.03,sell,False,2022-11-08T04:28:47.620327+00:00
469,5355876550,155.55,0.03,sell,False,2022-11-08T04:28:32.823954+00:00
470,5355868671,155.55,0.05,sell,False,2022-11-08T04:28:18.047871+00:00
471,5355861605,155.55,0.03,sell,False,2022-11-08T04:28:03.612342+00:00
472,5355854314,155.625,0.02,sell,False,2022-11-08T04:27:48.190990+00:00
473,5355849779,155.625,0.05,sell,False,2022-11-08T04:27:33.463359+00:00
474,5355845201,155.625,0.03,sell,False,2022-11-08T04:27:17.678376+00:00
475,5355841521,155.625,0.05,sell,False,2022-11-08T04:27:02.963953+00:00
476,5355837313,155.625,0.05,sell,False,2022-11-08T04:26:48.168861+00:00
477,5355832575,155.625,0.04,sell,False,2022-11-08T04:26:32.850280+00:00
478,5355828802,155.625,0.04,sell,False,2022-11-08T04:26:18.003278+00:00
479,5355824353,155.625,0.04,sell,False,2022-11-08T04:26:04.765683+00:00
480,5355819797,155.625,0.04,sell,False,2022-11-08T04:25:48.121833+00:00
481,5355814442,155.625,0.05,sell,False,2022-11-08T04:25:32.592666+00:00
482,5355810106,155.625,0.02,sell,False,2022-11-08T04:25:18.244828+00:00
483,5355805382,155.65,0.05,sell,False,2022-11-08T04:25:02.941635+00:00
484,5355799366,155.65,0.03,sell,False,2022-11-08T04:24:47.899940+00:00
485,5355795190,155.65,0.02,sell,False,2022-11-08T04:24:33.954684+00:00
486,5355788709,155.65,0.05,sell,False,2022-11-08T04:24:17.811673+00:00
487,5355783688,155.65,0.03,sell,False,2022-11-08T04:24:02.604146+00:00
488,5355777604,155.65,0.06,sell,False,2022-11-08T04:23:47.909282+00:00
489,5355771933,155.65,0.04,sell,False,2022-11-08T04:23:33.143361+00:00
490,5355764594,155.65,0.02,sell,False,2022-11-08T04:23:18.219723+00:00
491,5355758794,155.65,0.05,sell,False,2022-11-08T04:23:03.597698+00:00
492,5355751215,155.65,0.03,sell,False,2022-11-08T04:22:48.261581+00:00
493,5355745096,155.65,0.05,sell,False,2022-11-08T04:22:33.170785+00:00
494,5355738150,155.65,0.02,sell,False,2022-11-08T04:22:18.284202+00:00
495,5355731461,155.65,0.03,sell,False,2022-11-08T04:22:03.309793+00:00
496,5355726063,155.65,0.02,sell,False,2022-11-08T04:21:48.194717+00:00
497,5355720484,155.65,0.06,sell,False,2022-11-08T04:21:33.041865+00:00
498,5355715525,155.65,0.04,sell,False,2022-11-08T04:21:18.131021+00:00
499,5355710725,155.65,0.06,sell,False,2022-11-08T04:21:03.370109+00:00
500,5355705611,155.65,0.03,sell,False,2022-11-08T04:20:47.970833+00:00
501,5355699549,155.65,0.04,sell,False,2022-11-08T04:20:32.931995+00:00
502,5355692067,155.65,0.03,sell,False,2022-11-08T04:20:17.898040+00:00
503,5355684309,155.65,0.05,sell,False,2022-11-08T04:20:02.828676+00:00
504,5355678252,155.725,0.04,sell,False,2022-11-08T04:19:47.753917+00:00
505,5355671723,155.725,0.03,sell,False,2022-11-08T04:19:33.732439+00:00
506,5355663731,155.725,0.06,sell,False,2022-11-08T04:19:17.975437+00:00
507,5355655001,155.725,0.02,sell,False,2022-11-08T04:19:02.793995+00:00
508,5355645771,155.65,0.05,sell,False,2022-11-08T04:18:48.032310+00:00
509,5355630795,155.7,0.03,sell,False,2022-11-08T04:18:32.908847+00:00
510,5355621743,155.7,0.05,sell,False,2022-11-08T04:18:18.739275+00:00
511,5355614453,155.7,0.04,sell,False,2022-11-08T04:18:02.722280+00:00
512,5355606839,155.7,0.04,sell,False,2022-11-08T04:17:47.851985+00:00
513,5355593268,155.7,0.04,sell,False,2022-11-08T04:17:33.327372+00:00
514,5355586897,155.7,0.05,sell,False,2022-11-08T04:17:18.770343+00:00
515,5355578038,155.7,0.03,sell,False,2022-11-08T04:17:03.015941+00:00
516,5355570977,155.7,0.05,sell,False,2022-11-08T04:16:47.932152+00:00
517,5355563217,155.7,0.03,sell,False,2022-11-08T04:16:32.915645+00:00
518,5355553444,155.7,0.04,sell,False,2022-11-08T04:16:18.629544+00:00
519,5355544745,155.7,0.05,sell,False,2022-11-08T04:16:02.630913+00:00
520,5355537300,155.7,0.05,sell,False,2022-11-08T04:15:47.608033+00:00
521,5355529468,155.7,0.05,sell,False,2022-11-08T04:15:32.659487+00:00
522,5355519807,155.7,0.03,sell,False,2022-11-08T04:15:18.434941+00:00
523,5355509993,155.7,0.04,sell,False,2022-11-08T04:15:03.176232+00:00
524,5355502136,155.7,0.06,sell,False,2022-11-08T04:14:48.241037+00:00
525,5355493457,155.7,0.05,sell,False,2022-11-08T04:14:32.846942+00:00
526,5355483636,155.7,0.03,sell,False,2022-11-08T04:14:18.437142+00:00
527,5355469563,155.7,0.05,sell,False,2022-11-08T04:14:02.988734+00:00
528,5355451772,155.7,0.05,sell,False,2022-11-08T04:13:47.939793+00:00
529,5355435453,155.7,0.04,sell,False,2022-11-08T04:13:33.242229+00:00
530,5355423252,155.7,0.05,sell,False,2022-11-08T04:13:17.606732+00:00
531,5355412100,155.7,0.02,sell,False,2022-11-08T04:13:03.251790+00:00
532,5355233730,155.7,6.0,sell,False,2022-11-08T04:10:17.411688+00:00
533,5352421014,156.025,0.64,sell,False,2022-11-08T01:04:56.813688+00:00
534,5351796400,156.025,0.63,buy,False,2022-11-07T23:57:13.855076+00:00
535,5351598263,155.85,0.01,sell,False,2022-11-07T23:33:15.520633+00:00
536,5351594805,155.85,0.23,sell,False,2022-11-07T23:32:48.984457+00:00
537,5351588356,155.975,0.01,buy,False,2022-11-07T23:32:00.480139+00:00
538,5351588335,155.975,0.01,buy,False,2022-11-07T23:32:00.283969+00:00
539,5351588315,155.975,0.01,buy,False,2022-11-07T23:32:00.090928+00:00
540,5351588284,155.975,0.01,buy,False,2022-11-07T23:31:59.892783+00:00
541,5351588258,155.975,0.01,buy,False,2022-11-07T23:31:59.689454+00:00
542,5351588238,155.975,0.01,buy,False,2022-11-07T23:31:59.482715+00:00
543,5351588195,155.975,0.01,buy,False,2022-11-07T23:31:59.286577+00:00
544,5351588172,155.975,0.01,buy,False,2022-11-07T23:31:59.072629+00:00
545,5351588151,155.975,0.01,buy,False,2022-11-07T23:31:58.875386+00:00
546,5351588115,155.975,0.01,buy,False,2022-11-07T23:31:58.679057+00:00
547,5351588091,155.975,0.01,buy,False,2022-11-07T23:31:58.483562+00:00
548,5351588049,155.975,0.01,buy,False,2022-11-07T23:31:58.280213+00:00
549,5351588022,155.975,0.01,buy,False,2022-11-07T23:31:58.087284+00:00
550,5351587975,155.975,0.01,buy,False,2022-11-07T23:31:57.537750+00:00
551,5351587944,155.975,0.01,buy,False,2022-11-07T23:31:57.342852+00:00
552,5351587920,155.975,0.01,buy,False,2022-11-07T23:31:57.148386+00:00
553,5351587912,155.975,0.01,buy,False,2022-11-07T23:31:56.955554+00:00
554,5351587869,155.975,0.01,buy,False,2022-11-07T23:31:56.752335+00:00
555,5351587853,155.975,0.01,buy,False,2022-11-07T23:31:56.557014+00:00
556,5351587836,155.975,0.01,buy,False,2022-11-07T23:31:56.357680+00:00
557,5351587799,155.975,0.01,buy,False,2022-11-07T23:31:56.163773+00:00
558,5351587773,155.975,0.01,buy,False,2022-11-07T23:31:55.964985+00:00
559,5351587748,155.975,0.01,buy,False,2022-11-07T23:31:55.763475+00:00
560,5351587714,155.975,0.01,buy,False,2022-11-07T23:31:55.546916+00:00
561,5351581150,155.975,11.65,buy,False,2022-11-07T23:31:12.049808+00:00
562,5351332640,156.05,11.0,buy,False,2022-11-07T23:06:40.124896+00:00
563,5351329333,156.05,17.27,buy,False,2022-11-07T23:06:19.831650+00:00
564,5351326056,156.05,17.78,buy,False,2022-11-07T23:06:01.568743+00:00
565,5349846336,156.05,0.64,sell,False,2022-11-07T20:50:12.776845+00:00
566,5349319158,156.2,0.64,sell,False,2022-11-07T19:38:40.732239+00:00
567,5349319086,156.2,0.64,sell,False,2022-11-07T19:38:40.194057+00:00
568,5348593054,156.05,0.02,sell,False,2022-11-07T17:57:42.625770+00:00
569,5348593053,156.05,0.01,sell,False,2022-11-07T17:57:42.625770+00:00
570,5348014741,156.325,97.0,buy,False,2022-11-07T16:38:48.396937+00:00
571,5348002208,156.275,87.19,sell,False,2022-11-07T16:37:04.745509+00:00
572,5348002207,156.275,0.64,sell,False,2022-11-07T16:37:04.745509+00:00
573,5347979848,156.325,0.64,sell,False,2022-11-07T16:34:15.067571+00:00
574,5347834774,156.475,138.95,buy,False,2022-11-07T16:18:01.430983+00:00
575,5347725346,156.15,10.0,sell,False,2022-11-07T16:08:13.581568+00:00
576,5347228720,155.95,0.01,sell,False,2022-11-07T15:26:47.655802+00:00
577,5346900648,156.425,0.64,buy,False,2022-11-07T14:56:39.237242+00:00
578,5346900506,156.45,0.64,buy,False,2022-11-07T14:56:38.701390+00:00
579,5346893204,156.375,38.25,sell,False,2022-11-07T14:55:43.764011+00:00
580,5346860250,156.35,0.64,buy,False,2022-11-07T14:52:09.595973+00:00
581,5346817403,156.425,0.64,buy,False,2022-11-07T14:48:00.192734+00:00
582,5346806130,156.575,0.64,buy,False,2022-11-07T14:46:42.942004+00:00
583,5346764501,156.4,0.64,buy,False,2022-11-07T14:42:16.431674+00:00
584,5346700278,156.25,0.64,buy,False,2022-11-07T14:37:09.167080+00:00
585,5346672316,156.35,0.64,buy,False,2022-11-07T14:35:36.173893+00:00
586,5345798930,156.1,0.64,sell,False,2022-11-07T12:48:35.195059+00:00
587,5345600287,155.9,0.64,sell,False,2022-11-07T12:23:27.255538+00:00
588,5345111423,156.125,0.64,sell,False,2022-11-07T11:13:29.694570+00:00
589,5344169072,156.1,40.4,sell,False,2022-11-07T09:04:38.223182+00:00
590,5344164735,156.1,166.38,sell,False,2022-11-07T09:04:11.734050+00:00
591,5344164726,156.1,24.23,buy,False,2022-11-07T09:04:11.670626+00:00
592,5344164725,156.05,14.71,buy,False,2022-11-07T09:04:11.670626+00:00
593,5344129322,155.85,4.0,buy,False,2022-11-07T09:00:43.984816+00:00
594,5344122285,156.025,0.64,sell,False,2022-11-07T09:00:01.243402+00:00
595,5344080277,155.85,1.42,buy,False,2022-11-07T08:54:42.678620+00:00
596,5343091329,155.5,0.64,sell,False,2022-11-07T07:28:37.936558+00:00
597,5343045546,155.525,8.5,sell,False,2022-11-07T07:23:05.707004+00:00
598,5343045526,155.525,30.5,sell,False,2022-11-07T07:23:05.483695+00:00
599,5343045477,155.525,61.0,sell,False,2022-11-07T07:23:05.289871+00:00
600,5343044034,155.55,0.67,sell,False,2022-11-07T07:22:49.073961+00:00
601,5342831198,155.75,0.64,sell,False,2022-11-07T07:03:07.241250+00:00
602,5341110091,156.025,0.64,sell,False,2022-11-07T02:47:54.086865+00:00
603,5341109765,155.95,0.64,sell,False,2022-11-07T02:47:50.729595+00:00
604,5340496856,156.225,399.99,buy,False,2022-11-07T01:32:46.945957+00:00
605,5340496855,156.225,0.66,buy,False,2022-11-07T01:32:46.945957+00:00
606,5340229422,155.8,11.0,sell,False,2022-11-07T01:01:02.380387+00:00
607,5340229406,155.8,29.5,sell,False,2022-11-07T01:01:02.099685+00:00
608,5340229386,155.8,59.5,sell,False,2022-11-07T01:01:01.845941+00:00
609,5340227953,155.825,100.0,sell,False,2022-11-07T01:00:51.767105+00:00
610,5340227662,155.85,0.66,sell,False,2022-11-07T01:00:49.483883+00:00
611,5340223874,156.575,0.64,buy,False,2022-11-07T01:00:35.548950+00:00
612,5340223846,156.4,0.64,buy,False,2022-11-07T01:00:35.301881+00:00
613,5339576665,156.85,0.64,sell,False,2022-11-06T23:55:41.284140+00:00
614,5339269389,156.625,5.11,buy,False,2022-11-06T23:27:42.619365+00:00
615,5339268110,156.65,6.15,buy,False,2022-11-06T23:27:32.993460+00:00
616,5339268109,156.575,0.64,buy,False,2022-11-06T23:27:32.993460+00:00
617,5339179947,156.6,3.92,buy,False,2022-11-06T23:20:17.147726+00:00
618,5337857292,156.325,80.9,buy,False,2022-11-06T20:19:41.693360+00:00
619,5337857289,156.4,6.96,sell,False,2022-11-06T20:19:41.622075+00:00
620,5337851642,156.35,81.68,buy,False,2022-11-06T20:18:21.140828+00:00
621,5337851630,156.35,17.73,sell,False,2022-11-06T20:18:21.065067+00:00
622,5337848856,156.4,5.7,sell,False,2022-11-06T20:17:42.817184+00:00
623,5337845279,156.425,5.3,sell,False,2022-11-06T20:17:03.775956+00:00
624,5337844317,156.4,6.7,sell,False,2022-11-06T20:16:49.746923+00:00
625,5337836775,156.375,79.26,buy,False,2022-11-06T20:15:33.209998+00:00
626,5337836773,156.375,5.99,sell,False,2022-11-06T20:15:33.147119+00:00
627,5337834411,156.4,74.64,buy,False,2022-11-06T20:15:13.857092+00:00
628,5337833457,156.4,79.49,buy,False,2022-11-06T20:15:02.004753+00:00
629,5337833155,156.4,12.42,buy,False,2022-11-06T20:14:59.064318+00:00
630,5337832807,156.4,87.58,buy,False,2022-11-06T20:14:53.761283+00:00
631,5337827626,156.425,17.53,buy,False,2022-11-06T20:13:54.529730+00:00
632,5337827625,156.4,99.98,buy,False,2022-11-06T20:13:54.529730+00:00
633,5337827550,156.4,0.02,sell,False,2022-11-06T20:13:53.665998+00:00
634,5337826490,156.425,100.0,buy,False,2022-11-06T20:13:40.725009+00:00
635,5337825630,156.425,100.0,buy,False,2022-11-06T20:13:26.937137+00:00
636,5337824970,156.425,69.54,buy,False,2022-11-06T20:13:20.333275+00:00
637,5337824961,156.425,15.58,sell,False,2022-11-06T20:13:20.178701+00:00
638,5337824960,156.5,14.88,sell,False,2022-11-06T20:13:20.178701+00:00
639,5336846677,156.775,0.64,sell,False,2022-11-06T17:51:44.570776+00:00
640,5336846605,156.925,0.64,sell,False,2022-11-06T17:51:44.037201+00:00
641,5336846456,156.925,0.64,sell,False,2022-11-06T17:51:43.140466+00:00
642,5336846359,156.85,0.64,sell,False,2022-11-06T17:51:42.591706+00:00
643,5333357785,156.625,0.12,buy,False,2022-11-06T09:36:10.266852+00:00
644,5333321491,156.65,0.64,sell,False,2022-11-06T09:29:01.202236+00:00
645,5326609294,156.55,0.04,sell,False,2022-11-05T15:32:00.961170+00:00
646,5326609293,156.675,0.28,sell,False,2022-11-05T15:32:00.961170+00:00
647,5326600159,156.725,0.27,buy,False,2022-11-05T15:31:20.309876+00:00
648,5326600158,156.725,0.05,buy,False,2022-11-05T15:31:20.309876+00:00
649,5326513175,156.675,0.04,sell,False,2022-11-05T15:25:13.070957+00:00
650,5326513039,156.675,0.08,sell,False,2022-11-05T15:25:12.627183+00:00
651,5326512917,156.675,0.1,sell,False,2022-11-05T15:25:12.146240+00:00
652,5326512768,156.675,0.12,sell,False,2022-11-05T15:25:11.422079+00:00
653,5321265198,156.675,0.02,sell,False,2022-11-05T01:31:07.894457+00:00
654,5319608787,156.7,0.64,sell,False,2022-11-04T22:19:47.864659+00:00
655,5319304812,156.55,12.74,sell,False,2022-11-04T21:24:44.948627+00:00
656,5319303581,156.55,11.41,sell,False,2022-11-04T21:24:34.785031+00:00
657,5318770249,156.55,0.64,sell,False,2022-11-04T20:07:47.831322+00:00
658,5318770091,156.5,0.64,sell,False,2022-11-04T20:07:46.857328+00:00
659,5318711649,156.6,6.38,buy,False,2022-11-04T20:01:35.633336+00:00
660,5318676249,156.6,49.96,sell,False,2022-11-04T19:58:25.748661+00:00
661,5318674725,156.6,116.42,sell,False,2022-11-04T19:58:10.750812+00:00
662,5318672670,156.6,95.57,sell,False,2022-11-04T19:57:57.251334+00:00
663,5318671105,156.6,109.73,sell,False,2022-11-04T19:57:42.847813+00:00
664,5318669383,156.6,87.41,sell,False,2022-11-04T19:57:30.267722+00:00
665,5318668409,156.6,82.5,sell,False,2022-11-04T19:57:18.247553+00:00
666,5318666355,156.6,90.12,sell,False,2022-11-04T19:57:05.354511+00:00
667,5318665008,156.6,78.64,sell,False,2022-11-04T19:56:53.651327+00:00
668,5318664025,156.6,81.76,sell,False,2022-11-04T19:56:41.651112+00:00
669,5318663699,156.6,89.91,sell,False,2022-11-04T19:56:36.521487+00:00
670,5318639690,156.55,75.07,sell,False,2022-11-04T19:52:53.622232+00:00
671,5318636938,156.55,76.01,sell,False,2022-11-04T19:52:23.953823+00:00
672,5318636036,156.85,31.87,buy,False,2022-11-04T19:52:17.665037+00:00
673,5318634863,156.55,76.78,sell,False,2022-11-04T19:52:06.854892+00:00
674,5318633813,156.55,75.78,sell,False,2022-11-04T19:51:55.456222+00:00
675,5318632285,156.55,81.67,sell,False,2022-11-04T19:51:43.534768+00:00
676,5318631081,156.55,86.28,sell,False,2022-11-04T19:51:30.849559+00:00
677,5318630085,156.55,82.11,sell,False,2022-11-04T19:51:18.848332+00:00
678,5318628094,156.55,88.16,sell,False,2022-11-04T19:51:06.265590+00:00
679,5318627432,156.55,78.0,sell,False,2022-11-04T19:51:00.175880+00:00
680,5318622778,156.55,84.98,sell,False,2022-11-04T19:50:28.963773+00:00
681,5318620677,156.55,76.58,sell,False,2022-11-04T19:50:17.564528+00:00
682,5318618768,156.55,83.36,sell,False,2022-11-04T19:50:05.267794+00:00
683,5318616193,156.55,83.98,sell,False,2022-11-04T19:49:54.871740+00:00
684,5318613557,156.55,84.26,sell,False,2022-11-04T19:49:38.261883+00:00
685,5318613140,156.55,86.52,sell,False,2022-11-04T19:49:33.717736+00:00
686,5318603893,156.575,0.64,sell,False,2022-11-04T19:48:09.474848+00:00
687,5318602044,156.575,110.31,sell,False,2022-11-04T19:47:54.745696+00:00
688,5318600363,156.575,85.47,sell,False,2022-11-04T19:47:42.473817+00:00
689,5318598459,156.575,97.31,sell,False,2022-11-04T19:47:28.996291+00:00
690,5318596709,156.575,82.51,sell,False,2022-11-04T19:47:16.899758+00:00
691,5318596644,156.7,0.64,sell,False,2022-11-04T19:47:16.365678+00:00
692,5318596162,156.575,76.25,sell,False,2022-11-04T19:47:13.758763+00:00
693,5318497712,156.575,0.64,sell,False,2022-11-04T19:34:35.028765+00:00
694,5318324795,156.575,0.64,sell,False,2022-11-04T19:12:12.437766+00:00
695,5318272856,156.425,0.64,sell,False,2022-11-04T19:06:03.093207+00:00
696,5318061458,156.375,0.01,buy,False,2022-11-04T18:39:20.099258+00:00
697,5317417241,155.825,0.64,buy,False,2022-11-04T17:10:58.776273+00:00
698,5317272137,155.85,0.64,buy,False,2022-11-04T16:54:45.448450+00:00
699,5317242620,155.825,0.64,buy,False,2022-11-04T16:50:47.377679+00:00
700,5317166297,155.675,0.64,buy,False,2022-11-04T16:41:02.130747+00:00
701,5316821529,155.45,0.64,buy,False,2022-11-04T16:09:07.406528+00:00
702,5316536545,155.575,0.64,buy,False,2022-11-04T15:53:25.606569+00:00
703,5316460181,155.65,0.64,buy,False,2022-11-04T15:48:16.903865+00:00
704,5316460114,155.65,0.64,buy,False,2022-11-04T15:48:16.374671+00:00
705,5316459956,155.625,0.64,buy,False,2022-11-04T15:48:15.809999+00:00
706,5316459863,155.675,0.64,buy,False,2022-11-04T15:48:15.252996+00:00
707,5316459809,155.7,0.64,buy,False,2022-11-04T15:48:14.720999+00:00
708,5316434322,155.6,11.88,buy,False,2022-11-04T15:45:51.763540+00:00
709,5316286612,155.6,0.64,buy,False,2022-11-04T15:35:23.485326+00:00
710,5316282161,155.55,0.64,buy,False,2022-11-04T15:35:00.475561+00:00
711,5316282096,155.55,0.64,buy,False,2022-11-04T15:34:59.937685+00:00
712,5315707149,155.85,0.64,sell,False,2022-11-04T14:45:12.133577+00:00
713,5315600554,155.95,25.93,buy,False,2022-11-04T14:38:02.701466+00:00
714,5315600553,155.925,6.21,buy,False,2022-11-04T14:38:02.701466+00:00
715,5315378415,155.65,0.64,sell,False,2022-11-04T14:24:48.118414+00:00
716,5314838060,154.875,0.65,buy,False,2022-11-04T13:50:25.457246+00:00
717,5314788908,154.875,0.65,buy,False,2022-11-04T13:46:02.226956+00:00
718,5314765734,154.8,0.65,buy,False,2022-11-04T13:44:37.261252+00:00
719,5314760543,154.775,0.65,buy,False,2022-11-04T13:44:10.889580+00:00
720,5314726079,154.85,0.65,buy,False,2022-11-04T13:41:00.982952+00:00
721,5314725146,154.775,0.65,buy,False,2022-11-04T13:40:55.665685+00:00
722,5314694155,154.9,11.13,buy,False,2022-11-04T13:37:40.565731+00:00
723,5314512020,154.95,4.0,sell,False,2022-11-04T13:23:24.229831+00:00
724,5314501464,155.1,3.84,sell,False,2022-11-04T13:22:17.610419+00:00
725,5314431665,155.125,7.25,sell,False,2022-11-04T13:17:03.958578+00:00
726,5314427881,155.15,7.41,sell,False,2022-11-04T13:16:49.458501+00:00
727,5314393412,155.075,4.61,sell,False,2022-11-04T13:14:14.325101+00:00
728,5314363119,154.825,6.66,sell,False,2022-11-04T13:11:29.888133+00:00
729,5314298130,154.75,6.15,sell,False,2022-11-04T13:06:01.972962+00:00
730,5314255398,154.825,5.48,sell,False,2022-11-04T13:03:25.874359+00:00
731,5314121940,154.25,5.27,sell,False,2022-11-04T12:56:59.993611+00:00
732,5314120536,154.3,6.46,sell,False,2022-11-04T12:56:50.516805+00:00
733,5314118676,154.35,6.84,sell,False,2022-11-04T12:56:37.376191+00:00
734,5314114420,154.4,4.03,sell,False,2022-11-04T12:56:15.406958+00:00
735,5314081779,154.25,4.8,sell,False,2022-11-04T12:53:03.897433+00:00
736,5314033976,154.425,6.74,sell,False,2022-11-04T12:48:38.564459+00:00
737,5314023203,154.475,4.84,sell,False,2022-11-04T12:47:56.576227+00:00
738,5314002022,154.325,6.8,sell,False,2022-11-04T12:46:29.345978+00:00
739,5313970784,154.15,7.0,sell,False,2022-11-04T12:44:02.770507+00:00
740,5313939501,153.95,4.08,sell,False,2022-11-04T12:42:11.965473+00:00
741,5313937474,154.025,5.09,sell,False,2022-11-04T12:42:05.406541+00:00
742,5313919975,153.975,5.92,sell,False,2022-11-04T12:41:04.002645+00:00
743,5313873378,153.975,6.04,sell,False,2022-11-04T12:39:13.614380+00:00
744,5313871405,154.0,6.02,sell,False,2022-11-04T12:39:09.564930+00:00
745,5313857968,154.075,7.17,sell,False,2022-11-04T12:38:48.053132+00:00
746,5313855164,154.075,4.85,sell,False,2022-11-04T12:38:43.824805+00:00
747,5313853431,154.075,10.0,sell,False,2022-11-04T12:38:39.163337+00:00
748,5313853421,154.075,6.55,sell,False,2022-11-04T12:38:39.135115+00:00
749,5313830697,154.075,6.94,sell,False,2022-11-04T12:37:45.407824+00:00
750,5313827088,154.1,6.81,sell,False,2022-11-04T12:37:36.230361+00:00
751,5313809745,154.175,4.23,sell,False,2022-11-04T12:36:53.760936+00:00
752,5313806142,154.225,7.33,sell,False,2022-11-04T12:36:46.091755+00:00
753,5313754194,153.8,0.65,buy,False,2022-11-04T12:35:27.771568+00:00
754,5313719896,153.525,6.21,sell,False,2022-11-04T12:33:33.180792+00:00
755,5313709904,153.65,4.71,sell,False,2022-11-04T12:33:16.189339+00:00
756,5313171194,153.825,7.13,sell,False,2022-11-04T11:51:27.646025+00:00
757,5313018995,153.875,4.79,sell,False,2022-11-04T11:31:27.726272+00:00
758,5312346758,153.3,1.0,sell,False,2022-11-04T10:09:21.633488+00:00
759,5311342664,153.375,0.65,buy,False,2022-11-04T08:04:32.943583+00:00
760,5311341163,153.375,0.65,buy,False,2022-11-04T08:04:26.914475+00:00
761,5309760755,153.025,0.65,buy,False,2022-11-04T04:55:36.393305+00:00
762,5309632020,152.65,0.66,buy,False,2022-11-04T04:35:20.758877+00:00
763,5309439264,152.55,0.08,buy,False,2022-11-04T04:11:40.740694+00:00
764,5309346843,152.05,0.07,sell,False,2022-11-04T04:00:54.102056+00:00
765,5309029392,152.375,0.66,buy,False,2022-11-04T03:21:24.821664+00:00
766,5308898180,152.2,0.66,buy,False,2022-11-04T03:03:23.380411+00:00
767,5306537773,151.775,0.66,buy,False,2022-11-03T22:11:25.888028+00:00
768,5306193029,151.775,6.06,sell,False,2022-11-03T20:58:39.364107+00:00
769,5305916193,152.0,0.38,buy,False,2022-11-03T20:06:03.161868+00:00
770,5305887170,151.925,5.82,sell,False,2022-11-03T20:01:27.599255+00:00
771,5305868855,151.825,0.66,buy,False,2022-11-03T19:58:39.872843+00:00
772,5305868828,151.9,4.92,sell,False,2022-11-03T19:58:39.579824+00:00
773,5305868805,151.825,0.66,buy,False,2022-11-03T19:58:39.333919+00:00
774,5305868757,151.825,0.66,buy,False,2022-11-03T19:58:38.794407+00:00
775,5305824700,151.95,4.64,sell,False,2022-11-03T19:48:39.319721+00:00
776,5305606351,152.025,6.27,sell,False,2022-11-03T19:11:27.824588+00:00
777,5305593178,152.0,37.91,buy,False,2022-11-03T19:09:02.348557+00:00
778,5305593177,152.0,49.99,buy,False,2022-11-03T19:09:02.348557+00:00
779,5305554402,151.975,4.37,sell,False,2022-11-03T19:01:27.945266+00:00
780,5305383126,151.875,6.7,sell,False,2022-11-03T18:28:38.872514+00:00
781,5305337196,151.75,6.53,sell,False,2022-11-03T18:21:11.597391+00:00
782,5305181582,151.7,0.66,buy,False,2022-11-03T18:01:52.910889+00:00
783,5305177388,151.775,4.92,sell,False,2022-11-03T18:01:28.221521+00:00
784,5305103220,151.85,6.89,sell,False,2022-11-03T17:51:58.755376+00:00
785,5305083550,151.9,5.61,sell,False,2022-11-03T17:48:38.866795+00:00
786,5305039720,151.85,5.6,sell,False,2022-11-03T17:41:27.732529+00:00
787,5305023713,151.8,7.06,sell,False,2022-11-03T17:39:03.921666+00:00
788,5304981204,151.775,4.22,sell,False,2022-11-03T17:31:28.040362+00:00
789,5304780062,151.625,0.66,sell,False,2022-11-03T17:00:53.187848+00:00
790,5304779887,151.675,0.66,sell,False,2022-11-03T17:00:51.334267+00:00
791,5304637881,151.425,3.82,sell,False,2022-11-03T16:38:38.749510+00:00
792,5304593112,151.475,5.22,sell,False,2022-11-03T16:31:27.949273+00:00
793,5304591522,151.475,4.24,sell,False,2022-11-03T16:31:10.775033+00:00
794,5304425335,151.3,26.71,buy,False,2022-11-03T16:06:50.022482+00:00
795,5304424463,151.3,78.86,buy,False,2022-11-03T16:06:41.300429+00:00
796,5304422648,151.3,83.59,buy,False,2022-11-03T16:06:33.228164+00:00
797,5304421322,151.3,82.56,buy,False,2022-11-03T16:06:23.323562+00:00
798,5304419646,151.3,85.24,buy,False,2022-11-03T16:06:12.807298+00:00
799,5304418302,151.3,81.81,buy,False,2022-11-03T16:06:02.607177+00:00
800,5304417330,151.3,82.86,buy,False,2022-11-03T16:05:53.909705+00:00
801,5304415826,151.3,78.79,buy,False,2022-11-03T16:05:44.007519+00:00
802,5304414691,151.3,79.47,buy,False,2022-11-03T16:05:34.456560+00:00
803,5304413404,151.3,84.84,buy,False,2022-11-03T16:05:24.520275+00:00
804,5304411925,151.3,88.58,buy,False,2022-11-03T16:05:15.822493+00:00
805,5304410960,151.3,84.62,buy,False,2022-11-03T16:05:07.139029+00:00
806,5304409212,151.3,86.01,buy,False,2022-11-03T16:04:58.496408+00:00
807,5304407855,151.3,116.0,buy,False,2022-11-03T16:04:50.583425+00:00
808,5304407554,151.3,87.16,buy,False,2022-11-03T16:04:48.812600+00:00
809,5304406100,151.3,76.47,buy,False,2022-11-03T16:04:41.002988+00:00
810,5304405466,151.3,217.0,buy,False,2022-11-03T16:04:36.907473+00:00
811,5304404905,151.3,78.96,buy,False,2022-11-03T16:04:31.705776+00:00
812,5304403503,151.3,87.02,buy,False,2022-11-03T16:04:21.561311+00:00
813,5304401924,151.3,88.46,buy,False,2022-11-03T16:04:12.264630+00:00
814,5304400161,151.3,90.19,buy,False,2022-11-03T16:04:01.034205+00:00
815,5304400139,151.3,7.0,buy,False,2022-11-03T16:04:00.830675+00:00
816,5304398947,151.3,88.41,buy,False,2022-11-03T16:03:50.683704+00:00
817,5304396020,151.3,211.16,buy,False,2022-11-03T16:03:29.914586+00:00
818,5304393262,151.3,82.45,buy,False,2022-11-03T16:03:17.996809+00:00
819,5304388415,151.3,228.92,buy,False,2022-11-03T16:02:56.606983+00:00
820,5304384164,151.3,179.07,buy,False,2022-11-03T16:02:26.714260+00:00
821,5304384151,151.3,207.35,sell,False,2022-11-03T16:02:26.658476+00:00
822,5304384150,151.325,130.44,sell,False,2022-11-03T16:02:26.658476+00:00
823,5303850136,151.575,0.66,sell,False,2022-11-03T14:48:39.962266+00:00
824,5303824599,151.55,0.07,buy,False,2022-11-03T14:45:44.127851+00:00
825,5303401870,150.925,0.66,buy,False,2022-11-03T14:01:24.446312+00:00
826,5303398786,150.8,0.66,buy,False,2022-11-03T14:01:07.531556+00:00
827,5303312543,150.95,0.66,buy,False,2022-11-03T13:53:05.914562+00:00
828,5303308270,150.95,0.66,buy,False,2022-11-03T13:52:24.002149+00:00
829,5303268306,150.95,0.66,buy,False,2022-11-03T13:47:36.157132+00:00
830,5303264447,151.0,0.66,buy,False,2022-11-03T13:47:08.876331+00:00
831,5303090686,150.75,0.66,buy,False,2022-11-03T13:30:48.230129+00:00
832,5302878358,150.8,0.66,buy,False,2022-11-03T13:00:23.865351+00:00
833,5302458971,151.225,0.66,buy,False,2022-11-03T12:08:53.676986+00:00
834,5301941784,151.025,0.12,buy,False,2022-11-03T11:20:27.664396+00:00
835,5301163922,151.05,0.66,sell,False,2022-11-03T09:30:28.166910+00:00
836,5300824470,151.525,0.23,buy,False,2022-11-03T08:24:17.658009+00:00
837,5300822626,151.525,0.23,buy,False,2022-11-03T08:23:55.412017+00:00
838,5300772041,151.625,0.66,sell,False,2022-11-03T08:14:52.398313+00:00
839,5300680498,151.55,0.66,sell,False,2022-11-03T08:02:46.294495+00:00
840,5300663242,151.725,0.66,sell,False,2022-11-03T08:00:28.678762+00:00
841,5300345067,152.15,0.17,buy,False,2022-11-03T07:07:29.311437+00:00
842,5300165692,152.3,0.3,buy,False,2022-11-03T06:34:42.381467+00:00
843,5297001239,152.45,0.01,buy,False,2022-11-02T21:43:53.440817+00:00
844,5296066446,152.5,0.66,buy,False,2022-11-02T20:00:22.014500+00:00
845,5296066293,152.475,0.66,buy,False,2022-11-02T20:00:20.908522+00:00
846,5296012054,152.425,0.66,buy,False,2022-11-02T19:53:41.711837+00:00
847,5295946253,152.65,0.66,buy,False,2022-11-02T19:47:40.043934+00:00
848,5295715857,152.575,0.66,buy,False,2022-11-02T19:30:31.590743+00:00
849,5295679830,152.5,0.66,buy,False,2022-11-02T19:28:47.653468+00:00
850,5295670542,152.525,0.66,buy,False,2022-11-02T19:28:27.964482+00:00
851,5295106266,153.65,0.65,buy,False,2022-11-02T18:58:13.725159+00:00
852,5295040233,153.425,0.65,buy,False,2022-11-02T18:54:32.329901+00:00
853,5294958752,153.45,0.65,buy,False,2022-11-02T18:52:25.995741+00:00
854,5294942680,153.45,6.07,sell,False,2022-11-02T18:51:57.774833+00:00
855,5294716990,154.75,0.65,sell,False,2022-11-02T18:42:58.230458+00:00
856,5294584863,154.475,0.65,buy,False,2022-11-02T18:39:44.220427+00:00
857,5294573800,154.35,0.65,buy,False,2022-11-02T18:39:22.625385+00:00
858,5293666379,154.675,0.65,sell,False,2022-11-02T18:03:57.672704+00:00
859,5292004289,153.775,1.0,sell,False,2022-11-02T14:06:29.730578+00:00
860,5291898794,154.15,0.65,buy,False,2022-11-02T13:45:17.325131+00:00
861,5291621861,154.45,1.0,buy,False,2022-11-02T12:56:12.101430+00:00
862,5290556578,154.15,0.65,sell,False,2022-11-02T09:58:59.780617+00:00
863,5290419621,154.175,0.65,sell,False,2022-11-02T09:40:51.981467+00:00
864,5290241169,154.2,0.32,sell,False,2022-11-02T09:22:23.346127+00:00
865,5290241147,154.225,0.32,sell,False,2022-11-02T09:22:22.689983+00:00
866,5290241099,154.225,0.32,sell,False,2022-11-02T09:22:22.047490+00:00
867,5290241055,154.225,0.32,sell,False,2022-11-02T09:22:21.403831+00:00
868,5290240994,154.15,0.32,sell,False,2022-11-02T09:22:20.743476+00:00
869,5284283439,153.225,0.33,sell,False,2022-11-01T15:58:22.328929+00:00
870,5284197641,153.225,0.33,sell,False,2022-11-01T15:39:38.576919+00:00
871,5284197602,153.225,0.33,sell,False,2022-11-01T15:39:38.031306+00:00
872,5284197579,153.225,0.33,sell,False,2022-11-01T15:39:37.487658+00:00
873,5284197540,153.225,0.33,sell,False,2022-11-01T15:39:36.954052+00:00
874,5283486006,153.7,0.01,sell,False,2022-11-01T13:57:07.761282+00:00
875,5282147977,153.725,0.07,sell,False,2022-11-01T10:53:54.928746+00:00
876,5281270923,153.525,0.08,buy,False,2022-11-01T08:59:40.055954+00:00
877,5280964990,153.2,0.67,buy,False,2022-11-01T08:00:04.250329+00:00
878,5280603918,153.1,0.01,buy,False,2022-11-01T06:59:29.848635+00:00
879,5278437266,152.15,4.0,buy,False,2022-11-01T01:00:10.400688+00:00
880,5278027367,152.075,0.06,buy,False,2022-11-01T00:00:05.408378+00:00
881,5277426280,152.15,0.67,sell,False,2022-10-31T22:18:17.835178+00:00
882,5276416772,152.05,0.01,sell,False,2022-10-31T19:10:24.453424+00:00
883,5275559286,152.45,0.01,sell,False,2022-10-31T16:59:59.488106+00:00
884,5274776031,152.525,0.01,sell,False,2022-10-31T15:40:17.528705+00:00
885,5274763898,152.55,0.01,sell,False,2022-10-31T15:38:34.285023+00:00
886,5274399818,152.825,87.0,sell,False,2022-10-31T14:57:40.286053+00:00
887,5272918543,152.325,2.98,sell,False,2022-10-31T13:18:44.854690+00:00
888,5272918541,152.325,10.0,sell,False,2022-10-31T13:18:44.819444+00:00
889,5270662852,152.6,0.49,buy,False,2022-10-31T08:19:25.411427+00:00
890,5270662850,152.6,0.57,buy,False,2022-10-31T08:19:25.315492+00:00
891,5268783960,152.875,0.04,sell,False,2022-10-31T02:31:54.978121+00:00
892,5266937471,153.05,0.02,sell,False,2022-10-30T22:00:24.980594+00:00
893,5266205673,153.275,0.04,buy,False,2022-10-30T19:03:42.483779+00:00
894,5264761612,153.275,0.15,buy,False,2022-10-30T15:15:05.272929+00:00
895,5249008453,153.275,0.06,buy,False,2022-10-29T01:27:37.992550+00:00
896,5248824113,153.275,0.01,buy,False,2022-10-29T00:40:58.544950+00:00
897,5248824050,153.275,0.01,buy,False,2022-10-29T00:40:57.557368+00:00
898,5248823984,153.275,0.01,buy,False,2022-10-29T00:40:56.571285+00:00
899,5248823943,153.275,0.01,buy,False,2022-10-29T00:40:55.974660+00:00
900,5248823924,153.275,0.01,buy,False,2022-10-29T00:40:55.520715+00:00
901,5248823887,153.275,0.01,buy,False,2022-10-29T00:40:54.548778+00:00
902,5248823827,153.275,0.01,buy,False,2022-10-29T00:40:53.530416+00:00
903,5248823774,153.275,0.01,buy,False,2022-10-29T00:40:52.478558+00:00
904,5248823706,153.275,0.01,buy,False,2022-10-29T00:40:51.464355+00:00
905,5248823662,153.275,0.02,buy,False,2022-10-29T00:40:50.514823+00:00
906,5248575004,153.35,0.24,buy,False,2022-10-29T00:01:44.378409+00:00
907,5247177158,153.125,0.07,buy,False,2022-10-28T18:40:24.069292+00:00
908,5243893633,153.275,0.61,sell,False,2022-10-28T12:25:43.125311+00:00
909,5243893632,153.275,9.39,sell,False,2022-10-28T12:25:43.125311+00:00
910,5243893631,153.275,10.0,sell,False,2022-10-28T12:25:43.122573+00:00
911,5236414877,154.75,0.01,sell,False,2022-10-27T15:41:47.797966+00:00
912,5235782910,154.875,0.01,sell,False,2022-10-27T14:19:33.247534+00:00
913,5234733557,154.625,0.66,buy,False,2022-10-27T12:35:11.328295+00:00
914,5234455023,154.45,15.49,sell,False,2022-10-27T12:20:10.422932+00:00
915,5234455022,154.475,22.2,sell,False,2022-10-27T12:20:10.421513+00:00
916,5234455021,154.5,12.31,sell,False,2022-10-27T12:20:10.421052+00:00
917,5233827639,154.625,1.63,sell,False,2022-10-27T10:27:31.118416+00:00
918,5230358517,155.25,0.66,sell,False,2022-10-27T00:50:45.224879+00:00
919,5229660313,155.0,0.55,sell,False,2022-10-26T23:11:00.098814+00:00
920,5225258848,155.025,24.5,sell,False,2022-10-26T13:54:13.517979+00:00
921,5225256074,155.025,24.92,sell,False,2022-10-26T13:53:49.597971+00:00
922,5222756350,155.675,15.11,sell,False,2022-10-26T08:02:25.734307+00:00
923,5222754797,155.65,11.31,sell,False,2022-10-26T08:02:07.595577+00:00
924,5222751592,155.65,15.57,sell,False,2022-10-26T08:01:33.362464+00:00
925,5222750327,155.5,12.01,sell,False,2022-10-26T08:01:22.298114+00:00
926,5222750326,155.575,22.24,sell,False,2022-10-26T08:01:22.298114+00:00
927,5222750325,155.65,15.75,sell,False,2022-10-26T08:01:22.298114+00:00
928,5222748791,155.45,21.93,sell,False,2022-10-26T08:01:06.470363+00:00
929,5222748790,155.55,17.13,sell,False,2022-10-26T08:01:06.470363+00:00
930,5222748789,155.6,10.94,sell,False,2022-10-26T08:01:06.470363+00:00
931,5222741204,155.6,0.5,sell,False,2022-10-26T08:00:07.000947+00:00
932,5215697877,154.175,0.01,sell,False,2022-10-25T16:45:58.999936+00:00
933,5214913620,154.35,0.07,sell,False,2022-10-25T15:38:55.938339+00:00
934,5214201495,154.5,4.2,sell,False,2022-10-25T14:19:38.197407+00:00
935,5214093478,154.5,3.88,sell,False,2022-10-25T14:08:08.030349+00:00
936,5213996848,154.6,5.86,sell,False,2022-10-25T14:00:00.185032+00:00
937,5213846941,154.65,6.61,sell,False,2022-10-25T13:47:43.395497+00:00
938,5210577351,154.025,0.06,buy,False,2022-10-25T00:00:04.577137+00:00
939,5208834972,153.925,1.63,buy,False,2022-10-24T16:24:23.589056+00:00
940,5208338155,153.35,6.45,sell,False,2022-10-24T14:47:40.589599+00:00
941,5207756236,153.975,15.0,sell,False,2022-10-24T13:47:00.567883+00:00
942,5207755751,154.05,5.36,sell,False,2022-10-24T13:46:57.545683+00:00
943,5207755680,154.025,7.02,sell,False,2022-10-24T13:46:57.102467+00:00
944,5207753062,153.925,4.1,sell,False,2022-10-24T13:46:44.533400+00:00
945,5207747437,153.95,7.16,sell,False,2022-10-24T13:46:09.222960+00:00
946,5207744504,153.9,3.97,sell,False,2022-10-24T13:45:54.132607+00:00
947,5207742819,153.9,4.76,sell,False,2022-10-24T13:45:46.775759+00:00
948,5207721473,153.45,33.0,buy,False,2022-10-24T13:45:02.267293+00:00
949,5207721472,153.45,86.65,buy,False,2022-10-24T13:45:02.265696+00:00
950,5207721471,153.4,13.35,buy,False,2022-10-24T13:45:02.265696+00:00
951,5207721448,153.4,100.0,buy,False,2022-10-24T13:45:02.259039+00:00
952,5207721447,153.4,47.69,buy,False,2022-10-24T13:45:02.258672+00:00
953,5207368132,153.75,4.0,sell,False,2022-10-24T12:42:49.938420+00:00
954,5207086116,153.65,4.0,sell,False,2022-10-24T11:53:21.230727+00:00
955,5207069120,153.925,0.07,buy,False,2022-10-24T11:49:17.175104+00:00
956,5204842493,154.225,4.19,sell,False,2022-10-24T02:37:05.216465+00:00
957,5204837620,154.225,3.8,sell,False,2022-10-24T02:36:05.505385+00:00
958,5202479946,154.5,0.64,buy,False,2022-10-23T18:26:43.947048+00:00
959,5200605705,154.6,0.48,buy,False,2022-10-23T11:01:31.666440+00:00
960,5197378366,155.1,3.73,buy,False,2022-10-22T17:42:59.068977+00:00
961,5197378365,155.025,36.43,buy,False,2022-10-22T17:42:59.068977+00:00
962,5197378364,154.925,33.17,buy,False,2022-10-22T17:42:59.068977+00:00
963,5197378363,154.85,27.56,buy,False,2022-10-22T17:42:59.068977+00:00
964,5197378362,154.75,20.89,buy,False,2022-10-22T17:42:59.068977+00:00
965,5197378361,154.675,18.81,buy,False,2022-10-22T17:42:59.068977+00:00
966,5197378360,154.6,15.71,buy,False,2022-10-22T17:42:59.068977+00:00
967,5197378359,154.5,5.69,buy,False,2022-10-22T17:42:59.068977+00:00
968,5193251993,154.375,5.18,sell,False,2022-10-21T21:04:56.884257+00:00
969,5192121407,153.85,0.01,sell,False,2022-10-21T16:43:26.880875+00:00
970,5192092941,153.9,4.24,sell,False,2022-10-21T16:38:26.427500+00:00
971,5191930250,153.7,4.29,sell,False,2022-10-21T16:13:54.856878+00:00
972,5191760719,153.775,7.41,sell,False,2022-10-21T15:59:13.142266+00:00
973,5191717578,153.625,7.06,sell,False,2022-10-21T15:55:31.490606+00:00
974,5191547291,153.125,158.98,sell,False,2022-10-21T15:28:12.710154+00:00
975,5191350533,152.925,7.25,sell,False,2022-10-21T14:49:02.718768+00:00
976,5190890898,152.75,6.99,sell,False,2022-10-21T13:51:43.815751+00:00
977,5190193611,151.0,16.19,sell,False,2022-10-21T12:30:57.220058+00:00
978,5189374738,151.45,0.01,buy,False,2022-10-21T09:54:51.770755+00:00
979,5185980686,151.525,0.62,buy,False,2022-10-20T20:05:46.129755+00:00
980,5185652228,151.7,0.06,sell,False,2022-10-20T18:50:49.184897+00:00
981,5183577690,152.2,0.06,buy,False,2022-10-20T12:45:34.387620+00:00
982,5182875982,152.175,0.03,sell,False,2022-10-20T09:57:47.473554+00:00
983,5181984879,151.7,0.01,sell,False,2022-10-20T05:26:38.179368+00:00
984,5181325487,151.3,0.06,sell,False,2022-10-20T02:38:27.961334+00:00
985,5180507039,151.45,0.01,buy,False,2022-10-20T00:06:34.369805+00:00
986,5180506964,151.45,0.01,buy,False,2022-10-20T00:06:33.336076+00:00
987,5180506864,151.45,0.01,buy,False,2022-10-20T00:06:32.300548+00:00
988,5180506631,151.45,0.01,buy,False,2022-10-20T00:06:31.290011+00:00
989,5180506547,151.45,0.01,buy,False,2022-10-20T00:06:30.277357+00:00
990,5180506449,151.45,0.01,buy,False,2022-10-20T00:06:29.282406+00:00
991,5180506386,151.45,0.01,buy,False,2022-10-20T00:06:28.774828+00:00
992,5180506259,151.45,0.01,buy,False,2022-10-20T00:06:27.083783+00:00
993,5180506122,151.45,0.02,buy,False,2022-10-20T00:06:23.961683+00:00
994,5180505473,151.45,0.02,buy,False,2022-10-20T00:06:12.932498+00:00
995,5180505411,151.45,0.02,buy,False,2022-10-20T00:06:12.487114+00:00
996,5180505370,151.45,0.03,buy,False,2022-10-20T00:06:12.080937+00:00
997,5178357781,151.7,0.02,sell,False,2022-10-19T16:17:30.725748+00:00
998,5178271312,151.9,0.1,sell,False,2022-10-19T16:00:49.661898+00:00
999,5178104770,152.05,6.46,sell,False,2022-10-19T15:29:29.741231+00:00
1000,5178104169,152.05,4.67,sell,False,2022-10-19T15:29:22.171108+00:00
1001,5178101472,152.025,6.11,sell,False,2022-10-19T15:28:42.908744+00:00
1002,5178101026,152.025,4.21,sell,False,2022-10-19T15:28:35.960310+00:00
1003,5178100165,152.075,7.48,sell,False,2022-10-19T15:28:19.295373+00:00
1004,5178099932,152.075,6.99,sell,False,2022-10-19T15:28:11.359641+00:00
1005,5178098410,152.05,3.85,sell,False,2022-10-19T15:27:41.550053+00:00
1006,5178098212,152.05,4.19,sell,False,2022-10-19T15:27:36.791290+00:00
1007,5178096850,152.05,4.45,sell,False,2022-10-19T15:27:11.963667+00:00
1008,5178096324,152.075,7.34,sell,False,2022-10-19T15:27:05.315231+00:00
1009,5178095824,152.1,7.32,sell,False,2022-10-19T15:26:59.043267+00:00
1010,5178095641,152.1,4.71,sell,False,2022-10-19T15:26:54.151464+00:00
1011,5178094899,152.1,4.69,sell,False,2022-10-19T15:26:35.822507+00:00
1012,5178094378,152.075,7.03,sell,False,2022-10-19T15:26:23.350452+00:00
1013,5178093014,152.1,7.48,sell,False,2022-10-19T15:26:05.475733+00:00
1014,5178092795,152.1,6.4,sell,False,2022-10-19T15:26:00.719799+00:00
1015,5178092603,152.1,6.52,sell,False,2022-10-19T15:25:55.850952+00:00
1016,5178092332,152.1,6.57,sell,False,2022-10-19T15:25:47.976549+00:00
1017,5178087575,152.1,7.32,sell,False,2022-10-19T15:24:51.957680+00:00
1018,5178086581,152.1,4.59,sell,False,2022-10-19T15:24:35.139625+00:00
1019,5178086370,152.1,5.12,sell,False,2022-10-19T15:24:29.733424+00:00
1020,5178085746,152.125,5.31,sell,False,2022-10-19T15:24:19.430835+00:00
1021,5178083555,152.125,4.91,sell,False,2022-10-19T15:23:44.883915+00:00
1022,5178082788,152.125,4.78,sell,False,2022-10-19T15:23:25.464769+00:00
1023,5178082787,152.125,0.02,sell,False,2022-10-19T15:23:25.464769+00:00
1024,5178081705,152.15,4.4,sell,False,2022-10-19T15:23:06.843370+00:00
1025,5178080693,152.15,6.39,sell,False,2022-10-19T15:22:53.646943+00:00
1026,5177878567,152.325,65.43,sell,False,2022-10-19T14:42:42.076861+00:00
1027,5177877362,152.325,89.73,sell,False,2022-10-19T14:42:29.477277+00:00
1028,5177876822,152.325,75.11,sell,False,2022-10-19T14:42:21.465251+00:00
1029,5177874970,152.325,85.14,sell,False,2022-10-19T14:42:01.883554+00:00
1030,5177873390,152.325,84.58,sell,False,2022-10-19T14:41:50.413472+00:00
1031,5177872720,152.35,44.36,sell,False,2022-10-19T14:41:41.781285+00:00
1032,5177872072,152.35,88.97,sell,False,2022-10-19T14:41:31.243399+00:00
1033,5177871096,152.375,30.05,sell,False,2022-10-19T14:41:21.784971+00:00
1034,5177870223,152.375,74.3,sell,False,2022-10-19T14:41:10.529802+00:00
1035,5177868529,152.375,28.98,sell,False,2022-10-19T14:40:53.490898+00:00
1036,5177868528,152.375,60.05,sell,False,2022-10-19T14:40:53.490898+00:00
1037,5177868452,152.375,73.28,sell,False,2022-10-19T14:40:51.799475+00:00
1038,5177272378,152.425,0.11,buy,False,2022-10-19T13:04:11.702723+00:00
1039,5176843029,152.2,0.13,buy,False,2022-10-19T11:26:57.740806+00:00
1040,5176583287,152.3,0.06,sell,False,2022-10-19T10:30:04.767846+00:00
1041,5176559456,152.5,0.52,buy,False,2022-10-19T10:22:48.646847+00:00
1042,5176559421,152.5,0.52,buy,False,2022-10-19T10:22:48.349938+00:00
1043,5176273363,152.85,0.13,buy,False,2022-10-19T09:14:21.012487+00:00
1044,5174966549,153.7,0.03,sell,False,2022-10-19T04:31:16.122579+00:00
1045,5174966548,153.825,0.07,sell,False,2022-10-19T04:31:16.122579+00:00
1046,5174713043,153.825,0.09,buy,False,2022-10-19T03:22:17.398209+00:00
1047,5174279510,153.95,0.68,sell,False,2022-10-19T01:45:06.821835+00:00
1048,5173083997,153.9,0.02,buy,False,2022-10-18T20:30:24.774426+00:00
1049,5169976550,153.8,0.01,buy,False,2022-10-18T10:57:51.818773+00:00
1050,5169976501,153.8,0.01,buy,False,2022-10-18T10:57:50.677010+00:00
1051,5169976469,153.8,0.01,buy,False,2022-10-18T10:57:50.125389+00:00
1052,5169976456,153.8,0.01,buy,False,2022-10-18T10:57:49.700459+00:00
1053,5169976390,153.8,0.01,buy,False,2022-10-18T10:57:48.614597+00:00
1054,5169976367,153.8,0.01,buy,False,2022-10-18T10:57:48.171304+00:00
1055,5168626242,154.55,4.94,buy,False,2022-10-18T05:15:57.145612+00:00
1056,5168525689,154.5,5.15,buy,False,2022-10-18T04:39:54.108438+00:00
1057,5168513244,154.45,4.82,buy,False,2022-10-18T04:35:18.848528+00:00
1058,5167273808,153.85,0.06,buy,False,2022-10-18T00:00:35.740610+00:00
1059,5165920242,154.525,32.51,buy,False,2022-10-17T17:00:50.000294+00:00
1060,5165920241,154.525,128.78,buy,False,2022-10-17T17:00:50.000294+00:00
1061,5165879735,154.425,0.01,sell,False,2022-10-17T16:50:14.842748+00:00
1062,5165835245,154.825,40.6,buy,False,2022-10-17T16:42:51.422468+00:00
1063,5165835244,154.8,133.33,buy,False,2022-10-17T16:42:51.422468+00:00
1064,5165835243,154.775,148.65,buy,False,2022-10-17T16:42:51.422468+00:00
1065,5165685615,154.875,0.01,sell,False,2022-10-17T16:12:03.137920+00:00
1066,5164425676,155.1,24.85,buy,False,2022-10-17T12:22:19.259319+00:00
1067,5164425675,155.05,13.83,buy,False,2022-10-17T12:22:19.235272+00:00
1068,5164425674,155.025,19.69,buy,False,2022-10-17T12:22:19.235272+00:00
1069,5164425673,154.975,15.37,buy,False,2022-10-17T12:22:19.235272+00:00
1070,5163457055,154.225,0.68,buy,False,2022-10-17T08:00:01.997823+00:00
1071,5163010906,153.95,6.2,buy,False,2022-10-17T06:01:05.153131+00:00
1072,5162998395,153.95,3.94,buy,False,2022-10-17T05:57:22.549353+00:00
1073,5162990535,153.95,6.4,buy,False,2022-10-17T05:55:36.276836+00:00
1074,5162977572,153.875,6.98,buy,False,2022-10-17T05:51:34.735501+00:00
1075,5162972018,153.85,3.93,buy,False,2022-10-17T05:49:22.214814+00:00
1076,5162963970,153.85,7.42,buy,False,2022-10-17T05:46:24.881644+00:00
1077,5162956258,153.825,4.5,buy,False,2022-10-17T05:43:04.244580+00:00
1078,5162486485,153.65,6.87,buy,False,2022-10-17T02:41:18.808167+00:00
1079,5162479710,153.625,5.77,buy,False,2022-10-17T02:38:25.963953+00:00
1080,5162478341,153.625,7.29,buy,False,2022-10-17T02:37:47.465566+00:00
1081,5162477800,153.6,5.78,buy,False,2022-10-17T02:37:31.200032+00:00
1082,5162445949,153.7,4.23,buy,False,2022-10-17T02:25:05.535583+00:00
1083,5162395966,153.8,4.32,buy,False,2022-10-17T02:05:52.199819+00:00
1084,5162392523,153.8,5.99,buy,False,2022-10-17T02:05:00.400140+00:00
1085,5162385261,153.8,4.36,buy,False,2022-10-17T02:03:01.526461+00:00
1086,5162296622,153.7,7.01,buy,False,2022-10-17T01:34:26.592674+00:00
1087,5156218523,153.0,0.81,sell,False,2022-10-15T17:10:12.501319+00:00
1088,5156218522,153.05,11.38,sell,False,2022-10-15T17:10:12.501319+00:00
1089,5156218521,153.05,0.03,sell,False,2022-10-15T17:10:12.501319+00:00
1090,5150088190,153.175,0.13,sell,False,2022-10-14T16:09:15.604069+00:00
1091,5147514234,154.275,0.02,sell,False,2022-10-14T09:28:09.465666+00:00
1092,5146652439,155.525,6.9,buy,False,2022-10-14T06:32:30.246450+00:00
1093,5146593162,155.525,4.28,buy,False,2022-10-14T06:17:44.793769+00:00
1094,5146531524,155.425,6.71,buy,False,2022-10-14T06:03:25.859312+00:00
1095,5146518561,155.375,4.65,buy,False,2022-10-14T06:00:40.065675+00:00
1096,5145882792,155.3,6.68,buy,False,2022-10-14T03:16:44.281463+00:00
1097,5145839238,155.375,4.37,buy,False,2022-10-14T03:05:49.445297+00:00
1098,5145789288,155.35,4.62,buy,False,2022-10-14T02:57:10.942622+00:00
1099,5145784740,155.325,4.67,buy,False,2022-10-14T02:56:03.958711+00:00
1100,5145671906,155.35,5.89,buy,False,2022-10-14T02:32:44.722162+00:00
1101,5145626769,155.325,6.1,buy,False,2022-10-14T02:26:17.153166+00:00
1102,5140014593,153.3,0.06,sell,False,2022-10-13T12:47:14.240260+00:00
1103,5139971389,154.0,0.06,sell,False,2022-10-13T12:44:53.823678+00:00
1104,5139327181,154.7,0.68,sell,False,2022-10-13T12:30:11.136764+00:00
1105,5139327180,154.7,0.06,sell,False,2022-10-13T12:30:11.136764+00:00
1106,5139324871,155.525,0.03,sell,False,2022-10-13T12:30:10.611891+00:00
1107,5138784722,156.1,0.29,buy,False,2022-10-13T11:31:51.339064+00:00
1108,5132576973,155.575,0.28,sell,False,2022-10-12T13:24:18.368586+00:00
1109,5132436963,155.75,2.0,sell,False,2022-10-12T12:53:43.536255+00:00
1110,5128288200,155.95,5.0,buy,False,2022-10-11T18:51:34.662999+00:00
1111,5128018112,156.4,109.0,buy,False,2022-10-11T17:46:02.841583+00:00
1112,5127850475,156.525,68.83,sell,False,2022-10-11T17:06:32.311838+00:00
1113,5127850474,156.525,6.38,sell,False,2022-10-11T17:06:32.311838+00:00
1114,5127790615,156.625,74.02,sell,False,2022-10-11T16:55:45.609619+00:00
1115,5127790614,156.625,6.38,sell,False,2022-10-11T16:55:45.609619+00:00
1116,5127766279,156.7,71.37,sell,False,2022-10-11T16:51:24.285126+00:00
1117,5127766278,156.7,6.38,sell,False,2022-10-11T16:51:24.285126+00:00
1118,5127739591,156.775,121.0,buy,False,2022-10-11T16:46:44.369489+00:00
1119,5127702794,156.65,0.42,sell,False,2022-10-11T16:40:16.530388+00:00
1120,5127484301,156.35,6.4,sell,False,2022-10-11T15:52:43.607351+00:00
1121,5127059274,155.3,6.43,sell,False,2022-10-11T14:30:09.819506+00:00
1122,5126826880,155.325,150.26,sell,False,2022-10-11T14:00:37.731398+00:00
1123,5126544404,155.475,0.02,sell,False,2022-10-11T13:17:49.195070+00:00
1124,5126517765,155.6,0.18,buy,False,2022-10-11T13:11:18.836153+00:00
1125,5126042619,155.625,0.04,buy,False,2022-10-11T11:29:40.012889+00:00
1126,5126040656,155.7,1.12,buy,False,2022-10-11T11:29:09.686232+00:00
1127,5126040655,155.65,15.36,buy,False,2022-10-11T11:29:09.686232+00:00
1128,5126038232,155.425,3.58,sell,False,2022-10-11T11:28:29.395434+00:00
1129,5126038231,155.475,16.61,sell,False,2022-10-11T11:28:29.395434+00:00
1130,5125085302,155.45,4.59,buy,False,2022-10-11T06:55:38.087751+00:00
1131,5125085301,155.45,0.42,buy,False,2022-10-11T06:55:38.087751+00:00
1132,5123117850,155.725,0.06,buy,False,2022-10-11T00:00:19.851270+00:00
1133,5123116391,155.4,16.46,sell,False,2022-10-11T00:00:12.796399+00:00
1134,5123116390,155.525,15.68,sell,False,2022-10-11T00:00:12.796399+00:00
1135,5122640044,155.55,0.03,buy,False,2022-10-10T22:19:30.700943+00:00
1136,5120185536,156.4,0.09,buy,False,2022-10-10T12:48:03.578440+00:00
1137,5119508027,156.525,0.07,sell,False,2022-10-10T09:27:39.504566+00:00
1138,5118366344,157.4,0.25,buy,False,2022-10-10T05:08:20.410933+00:00
1139,5118031113,157.75,0.1,buy,False,2022-10-10T02:44:22.303705+00:00
1140,5118029282,157.675,0.1,buy,False,2022-10-10T02:43:31.233787+00:00
1141,5118026934,157.675,0.1,buy,False,2022-10-10T02:42:31.824887+00:00
1142,5118024243,157.675,0.1,buy,False,2022-10-10T02:41:12.410577+00:00
1143,5118022610,157.775,0.1,buy,False,2022-10-10T02:40:38.343315+00:00
1144,5118021023,157.775,0.1,buy,False,2022-10-10T02:39:51.951478+00:00
1145,5118018161,157.775,0.1,buy,False,2022-10-10T02:38:41.070455+00:00
1146,5118016307,157.775,0.1,buy,False,2022-10-10T02:37:54.985235+00:00
1147,5118015388,157.775,0.1,buy,False,2022-10-10T02:37:29.490213+00:00
1148,5118015061,157.775,0.1,buy,False,2022-10-10T02:37:19.610217+00:00
1149,5118012810,157.775,0.1,buy,False,2022-10-10T02:36:10.357344+00:00
1150,5118012472,157.775,0.1,buy,False,2022-10-10T02:36:00.774275+00:00
1151,5118010768,157.775,0.1,buy,False,2022-10-10T02:35:15.572405+00:00
1152,5118010286,157.775,0.1,buy,False,2022-10-10T02:35:06.359175+00:00
1153,5118007489,157.775,0.1,buy,False,2022-10-10T02:33:57.934346+00:00
1154,5118006678,157.775,0.1,buy,False,2022-10-10T02:33:32.754546+00:00
1155,5117991766,157.775,0.1,buy,False,2022-10-10T02:28:08.889293+00:00
1156,5117985123,157.7,0.1,buy,False,2022-10-10T02:26:05.715223+00:00
1157,5117976106,157.8,0.1,buy,False,2022-10-10T02:23:30.657987+00:00
1158,5117974450,157.8,0.1,buy,False,2022-10-10T02:22:51.211867+00:00
1159,5117971631,157.8,0.1,buy,False,2022-10-10T02:21:34.184418+00:00
1160,5117960470,157.8,0.1,buy,False,2022-10-10T02:17:59.590243+00:00
1161,5117959661,157.8,0.1,buy,False,2022-10-10T02:17:39.155447+00:00
1162,5117955586,157.8,0.1,buy,False,2022-10-10T02:16:28.880884+00:00
1163,5117954146,157.8,0.1,buy,False,2022-10-10T02:16:11.066007+00:00
1164,5117950663,157.8,0.1,buy,False,2022-10-10T02:15:07.450948+00:00
1165,5117949239,157.8,0.1,buy,False,2022-10-10T02:14:41.518758+00:00
1166,5117948690,157.8,0.1,buy,False,2022-10-10T02:14:24.637785+00:00
1167,5117948043,157.8,0.1,buy,False,2022-10-10T02:14:05.071549+00:00
1168,5117945642,157.8,0.1,buy,False,2022-10-10T02:13:23.626554+00:00
1169,5117944768,157.8,0.1,buy,False,2022-10-10T02:13:15.106423+00:00
1170,5117943173,157.8,0.1,buy,False,2022-10-10T02:12:27.751277+00:00
1171,5117940308,157.8,0.1,buy,False,2022-10-10T02:11:04.019370+00:00
1172,5117939970,157.8,0.1,buy,False,2022-10-10T02:10:50.862291+00:00
1173,5117931002,157.8,0.1,buy,False,2022-10-10T02:08:05.967713+00:00
1174,5117928282,157.725,0.1,buy,False,2022-10-10T02:07:16.304902+00:00
1175,5117922544,157.8,0.1,buy,False,2022-10-10T02:05:18.714185+00:00
1176,5117919099,157.875,2.0,buy,False,2022-10-10T02:04:05.072055+00:00
1177,5117914614,157.875,2.0,buy,False,2022-10-10T02:02:37.844951+00:00
1178,5117907680,157.875,2.0,buy,False,2022-10-10T02:00:31.226150+00:00
1179,5117900154,157.875,2.0,buy,False,2022-10-10T01:57:36.571393+00:00
1180,5117894936,157.95,2.0,buy,False,2022-10-10T01:55:43.304277+00:00
1181,5116604893,157.95,3.0,buy,False,2022-10-09T18:31:20.120883+00:00
1182,5116599959,157.8,1.0,sell,False,2022-10-09T18:29:35.872621+00:00
1183,5116599088,157.8,1.0,sell,False,2022-10-09T18:29:02.826333+00:00
1184,5113548324,157.725,5.0,sell,False,2022-10-08T18:07:27.061934+00:00
1185,5113167500,157.95,37.98,sell,False,2022-10-08T14:54:28.877073+00:00
1186,5113167496,157.95,12.02,buy,False,2022-10-08T14:54:28.698998+00:00
1187,5112687526,157.9,0.67,sell,False,2022-10-08T11:15:31.194308+00:00
1188,5112469597,157.95,0.63,buy,False,2022-10-08T09:12:27.249710+00:00
1189,5112452100,157.8,0.63,sell,False,2022-10-08T09:03:44.084701+00:00
1190,5112274223,158.025,1.0,buy,False,2022-10-08T07:34:30.664053+00:00
1191,5111513463,159.7,0.07,sell,False,2022-10-08T01:38:18.296904+00:00
1192,5108871187,158.4,0.18,sell,False,2022-10-07T13:58:19.466658+00:00
1193,5108554062,158.275,0.31,buy,False,2022-10-07T13:11:25.987645+00:00
1194,5107062838,159.525,0.01,sell,False,2022-10-07T08:28:25.821462+00:00
1195,5107062384,159.65,0.01,buy,False,2022-10-07T08:28:21.255241+00:00
1196,5102252598,159.825,1.0,sell,False,2022-10-06T12:38:37.047926+00:00
1197,5099577488,160.2,2.18,sell,False,2022-10-06T00:56:51.144998+00:00
1198,5099540404,160.425,2.18,buy,False,2022-10-06T00:50:53.402926+00:00
1199,5098468289,160.075,0.09,buy,False,2022-10-05T20:15:08.706377+00:00
1200,5098268744,160.125,0.16,buy,False,2022-10-05T19:27:24.646258+00:00
1201,5097592685,159.425,3.5,buy,False,2022-10-05T17:08:27.625263+00:00
1202,5096502261,159.0,5.34,buy,False,2022-10-05T14:12:01.401623+00:00
1203,5096485981,159.0,7.27,sell,False,2022-10-05T14:09:13.923372+00:00
1204,5096483795,158.85,4.45,sell,False,2022-10-05T14:08:43.787662+00:00
1205,5096483794,158.925,7.35,sell,False,2022-10-05T14:08:43.787662+00:00
1206,5096334549,159.025,12.61,buy,False,2022-10-05T13:45:40.057943+00:00
1207,5095987606,159.475,0.32,sell,False,2022-10-05T12:50:52.534644+00:00
1208,5095937899,159.525,0.01,buy,False,2022-10-05T12:38:38.054064+00:00
1209,5095924489,159.65,0.31,buy,False,2022-10-05T12:36:28.098050+00:00
1210,5095840722,159.0,50.97,buy,False,2022-10-05T12:18:08.222193+00:00
1211,5095757662,159.0,73.1,buy,False,2022-10-05T12:00:32.782067+00:00
1212,5095757187,159.0,75.46,buy,False,2022-10-05T12:00:27.413077+00:00
1213,5095665164,158.9,11.56,buy,False,2022-10-05T11:42:10.217546+00:00
1214,5095663252,158.9,107.07,buy,False,2022-10-05T11:41:55.813309+00:00
1215,5095662228,158.9,98.62,buy,False,2022-10-05T11:41:45.437166+00:00
1216,5095662217,158.9,11.0,sell,False,2022-10-05T11:41:45.271305+00:00
1217,5095662216,158.9,17.88,sell,False,2022-10-05T11:41:45.271305+00:00
1218,5095525659,159.525,0.01,sell,False,2022-10-05T11:08:50.834985+00:00
1219,5095338257,158.9,0.01,sell,False,2022-10-05T10:14:41.469963+00:00
1220,5094693017,160.725,0.18,buy,False,2022-10-05T07:44:17.463210+00:00
1221,5093420801,160.6,5.0,sell,False,2022-10-05T01:03:45.494308+00:00
1222,5090518999,159.55,94.01,sell,False,2022-10-04T14:23:01.712914+00:00
1223,5089419393,159.575,11.84,buy,False,2022-10-04T10:32:01.400404+00:00
1224,5089250790,159.4,1.56,buy,False,2022-10-04T09:39:03.140210+00:00
1225,5089250789,159.3,16.61,buy,False,2022-10-04T09:39:03.140210+00:00
1226,5089250788,159.225,13.32,buy,False,2022-10-04T09:39:03.140210+00:00
1227,5089073204,159.325,0.08,buy,False,2022-10-04T08:59:06.547380+00:00
1228,5087476995,158.45,44.03,buy,False,2022-10-04T02:19:19.190813+00:00
1229,5087476994,158.45,5.39,buy,False,2022-10-04T02:19:19.190813+00:00
1230,5087476265,158.45,5.31,buy,False,2022-10-04T02:19:01.713166+00:00
1231,5087476264,158.45,6.91,buy,False,2022-10-04T02:19:01.713166+00:00
1232,5087475865,158.45,6.77,buy,False,2022-10-04T02:18:50.808330+00:00
1233,5087475864,158.45,5.84,buy,False,2022-10-04T02:18:50.808330+00:00
1234,5087475118,158.45,6.98,buy,False,2022-10-04T02:18:36.497903+00:00
1235,5087475117,158.45,5.63,buy,False,2022-10-04T02:18:36.497903+00:00
1236,5087473977,158.45,5.71,sell,False,2022-10-04T02:18:14.852496+00:00
1237,5087473973,158.45,5.54,buy,False,2022-10-04T02:18:14.686443+00:00
1238,5087473972,158.45,0.08,buy,False,2022-10-04T02:18:14.686443+00:00
1239,5087473971,158.35,0.67,buy,False,2022-10-04T02:18:14.686443+00:00
1240,5087001845,158.625,0.06,buy,False,2022-10-04T00:00:07.559198+00:00
1241,5086887916,158.675,0.15,buy,False,2022-10-03T23:24:22.318067+00:00
1242,5086887855,158.675,0.15,buy,False,2022-10-03T23:24:20.784024+00:00
1243,5086887814,158.675,0.15,buy,False,2022-10-03T23:24:19.443289+00:00
1244,5086886548,158.675,0.15,buy,False,2022-10-03T23:24:00.237646+00:00
1245,5086312145,158.525,1.0,buy,False,2022-10-03T20:20:01.109429+00:00
1246,5084202535,155.675,2.0,buy,False,2022-10-03T13:27:16.476819+00:00
1247,5083715667,155.1,0.06,sell,False,2022-10-03T11:12:38.498792+00:00
1248,5083694317,155.4,0.06,buy,False,2022-10-03T11:05:35.090804+00:00
1249,5083088946,154.75,13.86,sell,False,2022-10-03T07:46:59.897982+00:00
1250,5083088945,154.775,2.41,sell,False,2022-10-03T07:46:59.897982+00:00
1251,5083088944,154.775,7.98,sell,False,2022-10-03T07:46:59.897586+00:00
1252,5083088943,154.775,10.26,sell,False,2022-10-03T07:46:59.896676+00:00
1253,5083088942,154.85,15.49,sell,False,2022-10-03T07:46:59.896676+00:00
1254,5083088929,155.125,7.98,buy,False,2022-10-03T07:46:59.787172+00:00
1255,5083088928,155.075,25.75,buy,False,2022-10-03T07:46:59.787172+00:00
1256,5083088927,155.05,16.27,buy,False,2022-10-03T07:46:59.787172+00:00
1257,5082840144,155.1,6.45,buy,False,2022-10-03T06:36:21.176264+00:00
1258,5081955112,155.5,11.92,buy,False,2022-10-03T01:45:59.271469+00:00
1259,5081955111,155.425,3.85,buy,False,2022-10-03T01:45:59.271469+00:00
1260,5081955108,154.925,8.88,sell,False,2022-10-03T01:45:59.160159+00:00
1261,5081955107,155.025,7.12,sell,False,2022-10-03T01:45:59.160159+00:00
1262,5081607355,155.05,1.3,buy,False,2022-10-03T00:17:42.838876+00:00
1263,5079306108,154.7,1.05,sell,False,2022-10-02T14:14:20.564898+00:00
1264,5076154514,154.725,0.67,buy,False,2022-10-01T18:55:00.092223+00:00
1265,5075024052,154.725,0.64,buy,False,2022-10-01T12:55:10.695265+00:00
1266,5074596421,154.725,0.01,buy,False,2022-10-01T10:05:38.752477+00:00
1267,5072561084,154.825,1.0,buy,False,2022-09-30T21:20:28.250664+00:00
1268,5072171684,154.7,0.13,sell,False,2022-09-30T19:59:58.274767+00:00
1269,5072171614,154.7,0.05,sell,False,2022-09-30T19:59:57.640102+00:00
1270,5072171452,154.7,0.05,sell,False,2022-09-30T19:59:56.415049+00:00
1271,5072171428,154.7,0.13,sell,False,2022-09-30T19:59:56.132776+00:00
1272,5072171239,154.7,0.05,sell,False,2022-09-30T19:59:54.202768+00:00
1273,5072171164,154.7,0.13,sell,False,2022-09-30T19:59:53.840022+00:00
1274,5072171044,154.7,0.05,sell,False,2022-09-30T19:59:52.092413+00:00
1275,5072171026,154.7,0.13,sell,False,2022-09-30T19:59:51.822063+00:00
1276,5072170778,154.7,0.13,sell,False,2022-09-30T19:59:50.234897+00:00
1277,5072170728,154.7,0.05,sell,False,2022-09-30T19:59:50.024261+00:00
1278,5072170552,154.775,0.13,sell,False,2022-09-30T19:59:48.384730+00:00
1279,5072170513,154.775,0.05,sell,False,2022-09-30T19:59:47.759976+00:00
1280,5072170254,154.7,0.13,sell,False,2022-09-30T19:59:46.090223+00:00
1281,5072170238,154.7,0.05,sell,False,2022-09-30T19:59:45.905779+00:00
1282,5072169899,154.7,0.05,sell,False,2022-09-30T19:59:44.340857+00:00
1283,5072169874,154.7,0.13,sell,False,2022-09-30T19:59:43.889657+00:00
1284,5072169676,154.7,0.05,sell,False,2022-09-30T19:59:42.014618+00:00
1285,5072169656,154.7,0.13,sell,False,2022-09-30T19:59:41.857002+00:00
1286,5072169469,154.7,0.05,sell,False,2022-09-30T19:59:40.491642+00:00
1287,5072169464,154.7,0.13,sell,False,2022-09-30T19:59:40.364043+00:00
1288,5072169216,154.7,0.05,sell,False,2022-09-30T19:59:38.139130+00:00
1289,5072169122,154.7,0.13,sell,False,2022-09-30T19:59:37.695692+00:00
1290,5072168958,154.7,0.13,sell,False,2022-09-30T19:59:36.293519+00:00
1291,5072168940,154.7,0.05,sell,False,2022-09-30T19:59:36.035736+00:00
1292,5072168824,154.7,0.05,sell,False,2022-09-30T19:59:34.086685+00:00
1293,5072168813,154.7,0.13,sell,False,2022-09-30T19:59:33.790855+00:00
1294,5072168704,154.7,0.05,sell,False,2022-09-30T19:59:32.424350+00:00
1295,5072168622,154.7,0.13,sell,False,2022-09-30T19:59:31.656471+00:00
1296,5072168327,154.7,0.13,sell,False,2022-09-30T19:59:30.006596+00:00
1297,5072168306,154.7,0.05,sell,False,2022-09-30T19:59:29.568846+00:00
1298,5072168208,154.7,0.05,sell,False,2022-09-30T19:59:28.620014+00:00
1299,5072168166,154.7,0.13,sell,False,2022-09-30T19:59:28.368065+00:00
1300,5072167789,154.7,0.05,sell,False,2022-09-30T19:59:25.943981+00:00
1301,5072167745,154.7,0.13,sell,False,2022-09-30T19:59:25.696332+00:00
1302,5072167577,154.7,0.13,sell,False,2022-09-30T19:59:23.892253+00:00
1303,5072167573,154.7,0.05,sell,False,2022-09-30T19:59:23.863767+00:00
1304,5072167203,154.7,0.13,sell,False,2022-09-30T19:59:22.124809+00:00
1305,5072167191,154.7,0.05,sell,False,2022-09-30T19:59:22.011074+00:00
1306,5072166941,154.7,0.05,sell,False,2022-09-30T19:59:20.540257+00:00
1307,5072166898,154.7,0.13,sell,False,2022-09-30T19:59:20.335213+00:00
1308,5072166581,154.8,0.05,sell,False,2022-09-30T19:59:18.405217+00:00
1309,5072166530,154.8,0.13,sell,False,2022-09-30T19:59:17.952929+00:00
1310,5072166324,154.7,0.05,sell,False,2022-09-30T19:59:16.100488+00:00
1311,5072166316,154.7,0.13,sell,False,2022-09-30T19:59:15.992546+00:00
1312,5072166125,154.7,0.05,sell,False,2022-09-30T19:59:14.604312+00:00
1313,5072165996,154.7,0.13,sell,False,2022-09-30T19:59:13.597621+00:00
1314,5072165875,154.7,0.13,sell,False,2022-09-30T19:59:12.554247+00:00
1315,5072165869,154.7,0.05,sell,False,2022-09-30T19:59:12.507140+00:00
1316,5072165485,154.7,0.05,sell,False,2022-09-30T19:59:10.339555+00:00
1317,5072165476,154.7,0.13,sell,False,2022-09-30T19:59:10.258266+00:00
1318,5072165115,154.7,0.13,sell,False,2022-09-30T19:59:08.363801+00:00
1319,5072165072,154.7,0.05,sell,False,2022-09-30T19:59:08.209699+00:00
1320,5072164892,154.7,0.13,sell,False,2022-09-30T19:59:06.318975+00:00
1321,5072164867,154.7,0.05,sell,False,2022-09-30T19:59:06.010686+00:00
1322,5072164709,154.7,0.13,sell,False,2022-09-30T19:59:04.051719+00:00
1323,5072164678,154.7,0.05,sell,False,2022-09-30T19:59:03.658571+00:00
1324,5072164512,154.7,0.13,sell,False,2022-09-30T19:59:02.264598+00:00
1325,5072164500,154.7,0.05,sell,False,2022-09-30T19:59:02.178850+00:00
1326,5072163914,154.7,0.13,sell,False,2022-09-30T19:59:00.313224+00:00
1327,5072163807,154.7,0.05,sell,False,2022-09-30T19:59:00.000002+00:00
1328,5072163682,154.7,0.13,sell,False,2022-09-30T19:58:58.315723+00:00
1329,5072163599,154.7,0.05,sell,False,2022-09-30T19:58:57.805633+00:00
1330,5072163495,154.7,0.05,sell,False,2022-09-30T19:58:56.589808+00:00
1331,5072163465,154.7,0.13,sell,False,2022-09-30T19:58:56.310771+00:00
1332,5072163238,154.7,0.13,sell,False,2022-09-30T19:58:54.359240+00:00
1333,5072163115,154.7,0.05,sell,False,2022-09-30T19:58:53.712220+00:00
1334,5072162942,154.7,0.05,sell,False,2022-09-30T19:58:51.764816+00:00
1335,5072162941,154.7,0.13,sell,False,2022-09-30T19:58:51.764272+00:00
1336,5072162804,154.7,0.05,sell,False,2022-09-30T19:58:50.260707+00:00
1337,5072162783,154.7,0.13,sell,False,2022-09-30T19:58:50.033049+00:00
1338,5072162565,154.775,0.13,sell,False,2022-09-30T19:58:48.126626+00:00
1339,5072162552,154.775,0.05,sell,False,2022-09-30T19:58:47.993531+00:00
1340,5072162285,154.625,0.13,sell,False,2022-09-30T19:58:46.408342+00:00
1341,5072162138,154.625,0.05,sell,False,2022-09-30T19:58:46.068945+00:00
1342,5072161677,154.625,0.13,sell,False,2022-09-30T19:58:44.250831+00:00
1343,5072161571,154.625,0.05,sell,False,2022-09-30T19:58:43.812868+00:00
1344,5072161347,154.625,0.13,sell,False,2022-09-30T19:58:42.086838+00:00
1345,5072161325,154.625,0.05,sell,False,2022-09-30T19:58:41.751224+00:00
1346,5072161061,154.625,0.05,sell,False,2022-09-30T19:58:40.294854+00:00
1347,5072161046,154.625,0.13,sell,False,2022-09-30T19:58:40.088273+00:00
1348,5072160981,154.625,0.13,sell,False,2022-09-30T19:58:38.427563+00:00
1349,5072160928,154.625,0.05,sell,False,2022-09-30T19:58:37.627026+00:00
1350,5072160543,154.625,0.05,sell,False,2022-09-30T19:58:35.849100+00:00
1351,5072160539,154.625,0.13,sell,False,2022-09-30T19:58:35.807428+00:00
1352,5072160488,154.625,0.13,sell,False,2022-09-30T19:58:34.429705+00:00
1353,5072160443,154.625,0.05,sell,False,2022-09-30T19:58:33.894821+00:00
1354,5072160375,154.625,0.05,sell,False,2022-09-30T19:58:32.562097+00:00
1355,5072160353,154.625,0.13,sell,False,2022-09-30T19:58:32.272331+00:00
1356,5072160167,154.625,0.05,sell,False,2022-09-30T19:58:30.446324+00:00
1357,5072160150,154.625,0.13,sell,False,2022-09-30T19:58:30.041792+00:00
1358,5072159920,154.625,0.13,sell,False,2022-09-30T19:58:28.169274+00:00
1359,5072159874,154.625,0.05,sell,False,2022-09-30T19:58:27.682665+00:00
1360,5072159796,154.625,0.13,sell,False,2022-09-30T19:58:25.879428+00:00
1361,5072159792,154.625,0.05,sell,False,2022-09-30T19:58:25.603097+00:00
1362,5072159728,154.625,0.13,sell,False,2022-09-30T19:58:23.887256+00:00
1363,5072159695,154.625,0.05,sell,False,2022-09-30T19:58:23.707786+00:00
1364,5072159473,154.625,0.13,sell,False,2022-09-30T19:58:22.164264+00:00
1365,5072159451,154.625,0.05,sell,False,2022-09-30T19:58:21.784917+00:00
1366,5072159286,154.625,0.13,sell,False,2022-09-30T19:58:19.998146+00:00
1367,5072159278,154.625,0.05,sell,False,2022-09-30T19:58:19.747661+00:00
1368,5072159098,154.775,0.13,sell,False,2022-09-30T19:58:18.348618+00:00
1369,5072158989,154.775,0.05,sell,False,2022-09-30T19:58:17.748197+00:00
1370,5072158842,154.625,0.05,sell,False,2022-09-30T19:58:16.433628+00:00
1371,5072158706,154.625,0.13,sell,False,2022-09-30T19:58:15.690505+00:00
1372,5072158471,154.625,0.13,sell,False,2022-09-30T19:58:14.517224+00:00
1373,5072158403,154.625,0.05,sell,False,2022-09-30T19:58:14.184490+00:00
1374,5072157871,154.625,0.13,sell,False,2022-09-30T19:58:11.876432+00:00
1375,5072157855,154.625,0.05,sell,False,2022-09-30T19:58:11.703843+00:00
1376,5072157683,154.625,0.13,sell,False,2022-09-30T19:58:10.082013+00:00
1377,5072157569,154.625,0.05,sell,False,2022-09-30T19:58:09.853694+00:00
1378,5072157490,154.625,0.13,sell,False,2022-09-30T19:58:08.484112+00:00
1379,5072157489,154.625,0.05,sell,False,2022-09-30T19:58:08.483640+00:00
1380,5072157417,154.625,0.05,sell,False,2022-09-30T19:58:06.280935+00:00
1381,5072157378,154.625,0.13,sell,False,2022-09-30T19:58:05.577576+00:00
1382,5072157305,154.625,0.13,sell,False,2022-09-30T19:58:04.322559+00:00
1383,5072157285,154.625,0.05,sell,False,2022-09-30T19:58:04.223072+00:00
1384,5072156972,154.625,0.13,sell,False,2022-09-30T19:58:02.210781+00:00
1385,5072156937,154.625,0.05,sell,False,2022-09-30T19:58:02.104451+00:00
