,id,price,size,side,liquidation,time
0,5400937125,8.001,47.365,sell,False,2022-11-10T08:55:10.822695+00:00
1,5400226556,8.0,18.345,sell,False,2022-11-10T07:27:38.065449+00:00
2,5400020492,8.0,399.0,sell,False,2022-11-10T07:05:29.923019+00:00
3,5399896469,8.0,0.995,sell,True,2022-11-10T06:51:16.495775+00:00
4,5399885087,8.0,93.275,sell,False,2022-11-10T06:49:33.614038+00:00
5,5399850409,8.021,382.01,buy,False,2022-11-10T06:45:03.261460+00:00
6,5399847384,8.02,17.99,sell,False,2022-11-10T06:44:41.150118+00:00
7,5399695511,8.0,76.12,sell,False,2022-11-10T06:30:49.596486+00:00
8,5399695510,8.414,29.71,sell,False,2022-11-10T06:30:49.596486+00:00
9,5399695509,8.577,4.51,sell,False,2022-11-10T06:30:49.596486+00:00
10,5399695508,9.0,4.94,sell,False,2022-11-10T06:30:49.596486+00:00
11,5399411207,9.0,2.305,sell,False,2022-11-10T05:51:16.268786+00:00
12,5399411206,9.0,0.1,sell,False,2022-11-10T05:51:16.268786+00:00
13,5399411205,9.473,4.395,sell,False,2022-11-10T05:51:16.268786+00:00
14,5399411204,10.5,0.62,sell,False,2022-11-10T05:51:16.268786+00:00
15,5399331316,10.5,3.82,sell,False,2022-11-10T05:38:05.425787+00:00
16,5399331315,10.554,47.375,sell,False,2022-11-10T05:38:05.425787+00:00
17,5399331314,10.554,244.805,sell,False,2022-11-10T05:38:05.425787+00:00
18,5398040489,10.554,75.49,sell,False,2022-11-10T02:25:59.878641+00:00
19,5398040488,10.6,20.0,sell,False,2022-11-10T02:25:59.878641+00:00
20,5398040487,10.601,4.51,sell,False,2022-11-10T02:25:59.878641+00:00
21,5398035461,10.792,1.06,buy,False,2022-11-10T02:24:54.924407+00:00
22,5397887981,10.555,16.85,sell,False,2022-11-10T02:00:40.929897+00:00
23,5397887401,10.555,2.21,sell,False,2022-11-10T02:00:36.683221+00:00
24,5396558216,13.55,2.21,buy,False,2022-11-09T23:43:40.997787+00:00
25,5396267162,13.55,14.78,buy,False,2022-11-09T23:19:03.654339+00:00
26,5396267161,13.5,6.5,buy,False,2022-11-09T23:19:03.654339+00:00
27,5396267160,13.446,0.5,buy,False,2022-11-09T23:19:03.654339+00:00
28,5396265428,13.446,21.28,buy,False,2022-11-09T23:19:00.085187+00:00
29,5396265427,13.4,0.1,buy,False,2022-11-09T23:19:00.085187+00:00
30,5396265426,13.2,0.1,buy,False,2022-11-09T23:19:00.085187+00:00
31,5396265425,13.0,0.1,buy,False,2022-11-09T23:19:00.085187+00:00
32,5396265424,12.8,0.1,buy,False,2022-11-09T23:19:00.085187+00:00
33,5396265423,12.6,0.1,buy,False,2022-11-09T23:19:00.085187+00:00
34,5396264793,12.42,27.29,buy,False,2022-11-09T23:18:56.700856+00:00
35,5396264117,12.42,17.14,buy,False,2022-11-09T23:18:53.168813+00:00
36,5396264116,12.131,5.605,buy,False,2022-11-09T23:18:53.168813+00:00
37,5396264115,12.13,1.155,buy,False,2022-11-09T23:18:53.168813+00:00
38,5396264114,12.13,20.53,buy,False,2022-11-09T23:18:53.168813+00:00
39,5395868223,11.731,1.145,buy,False,2022-11-09T22:48:38.978886+00:00
40,5395429935,10.554,45.76,sell,False,2022-11-09T22:11:25.123898+00:00
41,5394709309,10.551,1.005,sell,False,2022-11-09T21:29:07.712669+00:00
42,5394669765,10.551,2.005,sell,False,2022-11-09T21:27:25.107301+00:00
43,5394586175,10.551,0.975,sell,False,2022-11-09T21:22:55.157242+00:00
44,5394583380,10.551,28.985,sell,False,2022-11-09T21:22:45.372726+00:00
45,5394583379,10.552,0.015,sell,False,2022-11-09T21:22:45.372726+00:00
46,5394540889,10.551,144.56,sell,False,2022-11-09T21:20:13.519939+00:00
47,5394540888,10.552,20.515,sell,False,2022-11-09T21:20:13.519939+00:00
48,5394185872,12.42,1.35,buy,False,2022-11-09T20:58:25.582649+00:00
49,5394185871,12.4,0.1,buy,False,2022-11-09T20:58:25.582649+00:00
50,5394185870,12.2,0.1,buy,False,2022-11-09T20:58:25.582649+00:00
51,5394185869,12.0,0.1,buy,False,2022-11-09T20:58:25.582649+00:00
52,5394185868,11.9,0.065,buy,False,2022-11-09T20:58:25.582649+00:00
53,5394185867,11.8,0.1,buy,False,2022-11-09T20:58:25.582649+00:00
54,5394185866,11.696,6.84,buy,False,2022-11-09T20:58:25.582649+00:00
55,5394185865,11.659,6.865,buy,False,2022-11-09T20:58:25.582649+00:00
56,5394185864,11.623,6.885,buy,False,2022-11-09T20:58:25.582649+00:00
57,5394185863,11.6,0.1,buy,False,2022-11-09T20:58:25.582649+00:00
58,5394185862,11.587,6.905,buy,False,2022-11-09T20:58:25.582649+00:00
59,5394185861,11.55,6.93,buy,False,2022-11-09T20:58:25.582649+00:00
60,5394185860,11.549,12.745,buy,False,2022-11-09T20:58:25.582649+00:00
61,5394185859,11.548,6.0,buy,False,2022-11-09T20:58:25.582649+00:00
62,5394025247,10.481,2.0,sell,False,2022-11-09T20:48:35.201162+00:00
63,5394023856,10.481,10.0,sell,False,2022-11-09T20:48:31.422483+00:00
64,5394022333,10.481,9.855,sell,False,2022-11-09T20:48:26.391619+00:00
65,5394022332,10.482,0.145,sell,False,2022-11-09T20:48:26.391619+00:00
66,5394020804,10.482,10.0,sell,False,2022-11-09T20:48:22.359624+00:00
67,5394007080,10.482,6.0,sell,False,2022-11-09T20:47:31.376089+00:00
68,5393684019,10.482,2.6,sell,False,2022-11-09T20:25:02.547887+00:00
69,5393493096,11.547,6.95,sell,False,2022-11-09T20:04:31.074805+00:00
70,5393492964,11.547,6.97,sell,False,2022-11-09T20:04:30.594296+00:00
71,5393492846,11.547,6.995,sell,False,2022-11-09T20:04:29.819102+00:00
72,5393491737,11.547,7.015,sell,False,2022-11-09T20:04:21.540223+00:00
73,5393491692,11.547,7.04,sell,False,2022-11-09T20:04:21.088355+00:00
74,5393491636,11.547,7.06,sell,False,2022-11-09T20:04:20.706645+00:00
75,5393491562,11.547,7.085,sell,False,2022-11-09T20:04:20.343647+00:00
76,5393491514,11.547,7.105,sell,False,2022-11-09T20:04:20.022779+00:00
77,5393488660,11.547,7.13,sell,False,2022-11-09T20:04:06.017571+00:00
78,5393488606,11.547,7.155,sell,False,2022-11-09T20:04:05.615716+00:00
79,5393488579,11.547,7.175,sell,False,2022-11-09T20:04:05.263859+00:00
80,5393488544,11.547,7.2,sell,False,2022-11-09T20:04:04.888425+00:00
81,5393488494,11.547,7.225,sell,False,2022-11-09T20:04:04.576346+00:00
82,5393487294,11.547,7.25,sell,False,2022-11-09T20:03:56.628670+00:00
83,5393487132,11.547,7.27,sell,False,2022-11-09T20:03:56.263005+00:00
84,5393486985,11.547,7.295,sell,False,2022-11-09T20:03:55.888587+00:00
85,5393486864,11.547,7.32,sell,False,2022-11-09T20:03:55.501168+00:00
86,5393486798,11.547,7.345,sell,False,2022-11-09T20:03:54.963218+00:00
87,5393485901,11.547,1.13,sell,False,2022-11-09T20:03:51.268364+00:00
88,5393485876,11.547,1.13,sell,False,2022-11-09T20:03:51.136016+00:00
89,5393485528,11.547,7.37,sell,False,2022-11-09T20:03:49.043190+00:00
90,5393485498,11.547,7.395,sell,False,2022-11-09T20:03:48.687180+00:00
91,5393485459,11.547,7.42,sell,False,2022-11-09T20:03:48.317867+00:00
92,5393485428,11.547,7.445,sell,False,2022-11-09T20:03:47.891950+00:00
93,5393485389,11.547,7.47,sell,False,2022-11-09T20:03:47.557376+00:00
94,5393483943,11.4,0.1,buy,False,2022-11-09T20:03:40.195659+00:00
95,5393483942,11.2,8.0,buy,False,2022-11-09T20:03:40.195659+00:00
96,5393483941,11.2,0.1,buy,False,2022-11-09T20:03:40.195659+00:00
97,5393483940,11.0,0.1,buy,False,2022-11-09T20:03:40.195659+00:00
98,5393483939,10.8,0.1,buy,False,2022-11-09T20:03:40.195659+00:00
99,5393483938,10.679,7.495,buy,False,2022-11-09T20:03:40.195659+00:00
100,5393483937,10.642,7.52,buy,False,2022-11-09T20:03:40.195659+00:00
101,5393483936,10.624,121.31,buy,False,2022-11-09T20:03:40.195659+00:00
102,5393483935,10.606,7.545,buy,False,2022-11-09T20:03:40.195659+00:00
103,5393483934,10.6,0.1,buy,False,2022-11-09T20:03:40.195659+00:00
104,5393483933,10.57,7.57,buy,False,2022-11-09T20:03:40.195659+00:00
105,5393483932,10.533,7.6,buy,False,2022-11-09T20:03:40.195659+00:00
106,5393465197,10.498,7.625,sell,False,2022-11-09T20:02:04.663844+00:00
107,5393465095,10.498,7.65,sell,False,2022-11-09T20:02:04.264438+00:00
108,5393462155,10.498,7.675,sell,False,2022-11-09T20:01:50.579614+00:00
109,5393462067,10.498,7.705,sell,False,2022-11-09T20:01:50.168604+00:00
110,5393461782,10.498,7.73,sell,False,2022-11-09T20:01:49.073827+00:00
111,5393461668,10.498,7.76,sell,False,2022-11-09T20:01:48.557387+00:00
112,5393461570,10.498,7.785,sell,False,2022-11-09T20:01:48.099602+00:00
113,5393460389,10.498,7.815,sell,False,2022-11-09T20:01:41.855708+00:00
114,5393460327,10.498,7.84,sell,False,2022-11-09T20:01:41.452246+00:00
115,5393460275,10.498,7.87,sell,False,2022-11-09T20:01:41.103916+00:00
116,5393460213,10.498,7.895,sell,False,2022-11-09T20:01:40.773207+00:00
117,5393460138,10.498,7.925,sell,False,2022-11-09T20:01:40.425593+00:00
118,5393457069,10.498,7.955,sell,False,2022-11-09T20:01:28.332325+00:00
119,5393456956,10.498,7.985,sell,False,2022-11-09T20:01:27.723901+00:00
120,5393456855,10.498,8.01,sell,False,2022-11-09T20:01:27.180777+00:00
121,5393456728,10.498,8.04,sell,False,2022-11-09T20:01:26.513026+00:00
122,5393456578,10.498,8.07,sell,False,2022-11-09T20:01:25.816167+00:00
123,5393454776,10.498,8.1,sell,False,2022-11-09T20:01:17.079082+00:00
124,5393454664,10.498,8.13,sell,False,2022-11-09T20:01:16.428841+00:00
125,5393454484,10.498,8.16,sell,False,2022-11-09T20:01:15.201122+00:00
126,5393454430,10.498,8.19,sell,False,2022-11-09T20:01:14.638004+00:00
127,5393454377,10.498,8.22,sell,False,2022-11-09T20:01:14.184859+00:00
128,5393451778,10.4,0.1,buy,False,2022-11-09T20:01:06.609780+00:00
129,5393451777,10.2,0.1,buy,False,2022-11-09T20:01:06.609780+00:00
130,5393451776,9.698,8.25,buy,False,2022-11-09T20:01:06.609780+00:00
131,5393451775,9.662,8.28,buy,False,2022-11-09T20:01:06.609780+00:00
132,5393451774,9.625,8.315,buy,False,2022-11-09T20:01:06.609780+00:00
133,5393451773,9.589,8.345,buy,False,2022-11-09T20:01:06.609780+00:00
134,5393451772,9.553,1.185,buy,False,2022-11-09T20:01:06.609780+00:00
135,5393451771,9.553,8.375,buy,False,2022-11-09T20:01:06.609780+00:00
136,5393435423,9.544,8.41,sell,False,2022-11-09T20:00:00.979751+00:00
137,5393435103,9.544,8.44,sell,False,2022-11-09T20:00:00.562757+00:00
138,5393435013,9.544,8.475,sell,False,2022-11-09T20:00:00.145507+00:00
139,5393434963,9.544,8.505,sell,False,2022-11-09T19:59:59.827196+00:00
140,5393434908,9.544,8.54,sell,False,2022-11-09T19:59:59.408622+00:00
141,5393434180,9.335,8.57,buy,False,2022-11-09T19:59:53.948175+00:00
142,5393434179,9.298,8.605,buy,False,2022-11-09T19:59:53.948175+00:00
143,5393434178,9.262,8.64,buy,False,2022-11-09T19:59:53.948175+00:00
144,5393434177,9.226,8.675,buy,False,2022-11-09T19:59:53.948175+00:00
145,5393434176,9.225,21.295,buy,False,2022-11-09T19:59:53.948175+00:00
146,5393434175,9.19,8.71,buy,False,2022-11-09T19:59:53.948175+00:00
147,5392831601,9.153,8.745,buy,False,2022-11-09T19:05:48.043792+00:00
148,5392739346,9.117,0.31,buy,False,2022-11-09T18:58:57.871339+00:00
149,5392739215,9.117,8.465,buy,False,2022-11-09T18:58:57.339166+00:00
150,5392715864,9.083,0.205,sell,False,2022-11-09T18:57:03.735347+00:00
151,5392715137,9.083,8.605,sell,False,2022-11-09T18:56:59.609749+00:00
152,5392711092,9.083,32.155,sell,False,2022-11-09T18:56:44.016288+00:00
153,5392711091,9.105,88.62,sell,False,2022-11-09T18:56:44.016288+00:00
154,5392711090,9.15,6.46,sell,False,2022-11-09T18:56:44.016288+00:00
155,5392711089,9.237,11.635,sell,False,2022-11-09T18:56:44.016288+00:00
156,5392314226,9.297,2.995,buy,False,2022-11-09T18:33:23.731431+00:00
157,5392313510,9.259,0.08,buy,False,2022-11-09T18:33:20.141682+00:00
158,5392313030,9.259,8.56,buy,False,2022-11-09T18:33:17.841188+00:00
159,5392311598,9.152,167.555,sell,False,2022-11-09T18:33:10.954032+00:00
160,5392311597,9.174,94.56,sell,False,2022-11-09T18:33:10.954032+00:00
161,5392311596,9.259,1.185,sell,False,2022-11-09T18:33:10.954032+00:00
162,5392311595,9.259,17.225,sell,False,2022-11-09T18:33:10.954032+00:00
163,5392304084,9.184,9.165,sell,False,2022-11-09T18:32:42.067146+00:00
164,5392304083,9.2,0.1,sell,False,2022-11-09T18:32:42.067146+00:00
165,5392301178,9.309,8.595,buy,False,2022-11-09T18:32:29.012407+00:00
166,5392300698,9.274,0.1,buy,False,2022-11-09T18:32:26.678701+00:00
167,5392300134,9.274,8.53,sell,False,2022-11-09T18:32:24.526854+00:00
168,5392286518,9.402,1.09,sell,False,2022-11-09T18:31:35.793612+00:00
169,5392286239,9.402,9.305,sell,False,2022-11-09T18:31:35.203128+00:00
170,5392006065,9.454,1.03,buy,False,2022-11-09T18:14:02.628908+00:00
171,5391925008,9.451,0.085,buy,True,2022-11-09T18:09:38.337159+00:00
172,5391748912,9.413,10.495,buy,False,2022-11-09T17:59:41.935149+00:00
173,5391748884,9.413,19.505,sell,False,2022-11-09T17:59:41.835335+00:00
174,5391719884,9.413,0.495,sell,False,2022-11-09T17:57:58.782536+00:00
175,5391165387,9.439,7.625,buy,False,2022-11-09T17:17:03.110530+00:00
176,5390977021,9.377,6.6,sell,False,2022-11-09T17:01:10.915904+00:00
177,5390873627,9.491,0.855,sell,False,2022-11-09T16:51:00.147111+00:00
178,5390873302,9.491,0.11,sell,False,2022-11-09T16:50:57.917805+00:00
179,5390873036,9.4,8.305,buy,False,2022-11-09T16:50:56.240793+00:00
180,5390869801,9.4,0.1,sell,False,2022-11-09T16:50:39.759902+00:00
181,5390862123,9.532,5.635,sell,False,2022-11-09T16:49:58.516624+00:00
182,5390486585,9.532,10.245,sell,False,2022-11-09T16:26:26.285103+00:00
183,5390195597,9.532,0.855,sell,False,2022-11-09T16:08:00.260580+00:00
184,5390195596,9.568,1.145,sell,False,2022-11-09T16:08:00.260580+00:00
185,5390062414,9.584,1.095,buy,False,2022-11-09T16:01:12.352363+00:00
186,5390062199,9.584,7.255,buy,False,2022-11-09T16:01:11.814677+00:00
187,5390010695,9.538,0.05,sell,False,2022-11-09T15:58:49.516975+00:00
188,5390009697,9.548,8.235,sell,False,2022-11-09T15:58:47.053691+00:00
189,5389994919,9.6,0.1,sell,False,2022-11-09T15:58:07.352577+00:00
190,5389988950,9.728,3.455,sell,False,2022-11-09T15:57:52.257104+00:00
191,5389988796,9.728,8.8,sell,False,2022-11-09T15:57:51.690379+00:00
192,5389988568,9.728,8.465,sell,False,2022-11-09T15:57:51.158229+00:00
193,5389988356,9.728,7.335,sell,False,2022-11-09T15:57:50.624722+00:00
194,5389988204,9.728,8.205,sell,False,2022-11-09T15:57:50.015526+00:00
195,5389988058,9.728,8.13,sell,False,2022-11-09T15:57:49.467752+00:00
196,5389987854,9.728,8.755,sell,False,2022-11-09T15:57:48.927700+00:00
197,5389987678,9.728,7.345,sell,False,2022-11-09T15:57:48.369012+00:00
198,5389987450,9.728,7.52,sell,False,2022-11-09T15:57:47.756065+00:00
199,5389987320,9.728,8.435,sell,False,2022-11-09T15:57:47.219049+00:00
200,5389987070,9.728,7.135,sell,False,2022-11-09T15:57:46.612294+00:00
201,5389986954,9.728,7.89,sell,False,2022-11-09T15:57:46.073136+00:00
202,5389986746,9.728,7.1,sell,False,2022-11-09T15:57:45.493654+00:00
203,5389986319,9.728,8.575,sell,False,2022-11-09T15:57:44.430221+00:00
204,5389986094,9.728,7.71,sell,False,2022-11-09T15:57:43.890469+00:00
205,5389985910,9.728,7.84,sell,False,2022-11-09T15:57:43.240028+00:00
206,5388936055,9.943,1.105,sell,False,2022-11-09T14:49:50.215219+00:00
207,5388830103,10.029,1.67,buy,False,2022-11-09T14:44:38.755738+00:00
208,5388830102,10.029,7.98,buy,False,2022-11-09T14:44:38.755738+00:00
209,5388819301,9.991,8.01,buy,False,2022-11-09T14:44:14.621641+00:00
210,5388783831,9.953,8.04,buy,False,2022-11-09T14:41:59.073499+00:00
211,5388713751,9.915,0.275,buy,False,2022-11-09T14:36:11.692141+00:00
212,5388713631,9.915,7.795,buy,False,2022-11-09T14:36:11.131067+00:00
213,5388710686,9.877,0.3,buy,False,2022-11-09T14:36:00.071792+00:00
214,5388710562,9.877,7.8,buy,False,2022-11-09T14:35:59.453667+00:00
215,5388696675,9.839,8.135,buy,False,2022-11-09T14:35:10.973269+00:00
216,5388694974,9.801,8.165,buy,False,2022-11-09T14:35:06.217935+00:00
217,5388694074,9.763,8.195,buy,False,2022-11-09T14:35:01.421563+00:00
218,5388692311,9.725,8.23,buy,False,2022-11-09T14:34:52.147021+00:00
219,5388682788,9.687,8.26,buy,False,2022-11-09T14:34:07.388270+00:00
220,5388682132,9.649,8.295,buy,False,2022-11-09T14:34:04.076097+00:00
221,5388680728,9.611,0.36,buy,False,2022-11-09T14:33:57.565814+00:00
222,5388680392,9.611,7.655,buy,False,2022-11-09T14:33:55.598014+00:00
223,5388679910,9.611,0.31,buy,False,2022-11-09T14:33:53.003082+00:00
224,5388663517,9.503,0.29,sell,True,2022-11-09T14:32:49.894844+00:00
225,5388642748,9.573,8.36,buy,False,2022-11-09T14:31:46.022792+00:00
226,5388641999,9.535,8.395,buy,False,2022-11-09T14:31:44.158576+00:00
227,5388637362,9.5,0.01,sell,False,2022-11-09T14:31:24.599961+00:00
228,5388636197,9.5,0.325,sell,False,2022-11-09T14:31:21.204245+00:00
229,5388635947,9.5,0.245,sell,False,2022-11-09T14:31:19.816788+00:00
230,5388635946,9.5,7.845,sell,False,2022-11-09T14:31:19.816788+00:00
231,5388632599,9.8,0.1,sell,False,2022-11-09T14:31:04.299065+00:00
232,5388625485,9.827,0.215,sell,False,2022-11-09T14:30:31.905160+00:00
233,5388625461,9.827,0.215,sell,False,2022-11-09T14:30:31.710193+00:00
234,5388625432,9.827,0.215,sell,False,2022-11-09T14:30:31.513282+00:00
235,5388625397,9.827,0.215,sell,False,2022-11-09T14:30:31.314747+00:00
236,5388625345,9.827,0.215,sell,False,2022-11-09T14:30:31.118026+00:00
237,5388625323,9.827,0.215,sell,False,2022-11-09T14:30:30.914036+00:00
238,5388625283,9.827,99.215,sell,False,2022-11-09T14:30:30.717128+00:00
239,5388625200,9.827,126.215,sell,False,2022-11-09T14:30:30.363664+00:00
240,5388625199,9.827,500.0,sell,False,2022-11-09T14:30:30.362885+00:00
241,5388625071,9.86,55.27,sell,False,2022-11-09T14:30:29.680028+00:00
242,5388625068,9.893,56.61,sell,False,2022-11-09T14:30:29.676173+00:00
243,5388448763,10.01,13.0,sell,False,2022-11-09T14:14:42.984578+00:00
244,5388448762,10.01,15.0,sell,False,2022-11-09T14:14:42.984348+00:00
245,5388448761,10.01,20.0,sell,False,2022-11-09T14:14:42.984006+00:00
246,5388448760,10.01,35.955,sell,False,2022-11-09T14:14:42.983893+00:00
247,5388439607,10.012,7.995,buy,False,2022-11-09T14:13:44.427785+00:00
248,5388219307,9.951,17.225,sell,False,2022-11-09T13:51:17.396373+00:00
249,5388168077,9.973,0.2,buy,False,2022-11-09T13:45:35.323171+00:00
250,5388167891,9.973,7.825,buy,False,2022-11-09T13:45:34.772081+00:00
251,5387922309,9.935,8.055,sell,False,2022-11-09T13:23:52.414262+00:00
252,5387922230,9.935,8.085,sell,False,2022-11-09T13:23:52.081640+00:00
253,5387922187,9.935,8.12,sell,False,2022-11-09T13:23:51.758611+00:00
254,5387922141,9.935,8.15,sell,False,2022-11-09T13:23:51.416842+00:00
255,5387919980,9.935,0.035,sell,False,2022-11-09T13:23:42.106743+00:00
256,5387915780,9.5,2.68,sell,False,2022-11-09T13:23:22.963930+00:00
257,5387906005,9.65,0.5,sell,False,2022-11-09T13:22:36.206176+00:00
258,5387905248,9.935,3.96,buy,False,2022-11-09T13:22:32.863895+00:00
259,5387893483,9.963,1.005,buy,False,2022-11-09T13:21:38.755731+00:00
260,5387887276,9.963,8.005,sell,False,2022-11-09T13:21:18.967985+00:00
261,5387849193,10.0,0.1,sell,False,2022-11-09T13:18:54.992585+00:00
262,5387849192,10.0,1.995,sell,False,2022-11-09T13:18:54.992585+00:00
263,5387812713,10.0,0.025,sell,False,2022-11-09T13:16:43.898861+00:00
264,5387807435,10.0,7.98,sell,False,2022-11-09T13:16:24.021177+00:00
265,5387793873,10.029,23.855,sell,False,2022-11-09T13:15:34.652995+00:00
266,5387503529,10.078,73.995,sell,False,2022-11-09T13:00:08.982386+00:00
267,5387502121,10.081,92.125,sell,False,2022-11-09T13:00:04.120548+00:00
268,5387158987,10.096,83.065,sell,False,2022-11-09T12:40:20.643792+00:00
269,5387052231,10.104,0.345,buy,False,2022-11-09T12:32:01.380112+00:00
270,5387052083,10.104,7.575,buy,False,2022-11-09T12:32:00.840310+00:00
271,5386997674,10.086,1.09,sell,False,2022-11-09T12:28:05.979634+00:00
272,5386756914,10.065,7.95,sell,False,2022-11-09T12:12:48.997123+00:00
273,5386754822,10.061,0.01,sell,False,2022-11-09T12:12:41.773695+00:00
274,5386751902,10.023,0.225,buy,False,2022-11-09T12:12:29.423747+00:00
275,5386751362,10.023,7.75,buy,False,2022-11-09T12:12:27.324128+00:00
276,5386750100,10.043,2.95,sell,False,2022-11-09T12:12:21.400816+00:00
277,5386747794,10.061,31.71,sell,False,2022-11-09T12:12:10.087938+00:00
278,5386702176,10.1,0.77,sell,False,2022-11-09T12:09:13.359354+00:00
279,5386698120,10.1,24.0,sell,False,2022-11-09T12:08:57.250557+00:00
280,5386568900,10.141,77.63,sell,False,2022-11-09T12:00:33.528534+00:00
281,5386568899,10.141,9.805,sell,False,2022-11-09T12:00:33.527445+00:00
282,5386568898,10.156,67.59,sell,False,2022-11-09T12:00:33.527445+00:00
283,5386568897,10.157,24.605,sell,False,2022-11-09T12:00:33.527445+00:00
284,5386564884,10.187,62.755,sell,False,2022-11-09T12:00:15.980725+00:00
285,5386272053,10.215,13.245,sell,False,2022-11-09T11:36:56.303819+00:00
286,5386272052,10.215,50.0,sell,False,2022-11-09T11:36:56.303513+00:00
287,5386166411,10.221,48.8,sell,False,2022-11-09T11:27:31.275270+00:00
288,5386130401,10.156,0.385,buy,False,2022-11-09T11:24:33.764529+00:00
289,5385980371,10.156,7.495,buy,False,2022-11-09T11:13:55.459484+00:00
290,5385938204,10.121,127.55,sell,False,2022-11-09T11:10:24.685831+00:00
291,5385535940,10.115,0.5,sell,False,2022-11-09T10:39:46.218129+00:00
292,5385535898,10.115,0.5,sell,False,2022-11-09T10:39:46.012013+00:00
293,5385535839,10.115,0.5,sell,False,2022-11-09T10:39:45.814339+00:00
294,5385491718,10.116,1.0,sell,False,2022-11-09T10:38:05.897168+00:00
295,5385491611,10.116,1.0,sell,False,2022-11-09T10:38:05.696750+00:00
296,5385462085,10.116,79.64,sell,False,2022-11-09T10:36:22.406343+00:00
297,5385437465,10.116,0.23,buy,False,2022-11-09T10:35:01.885391+00:00
298,5385437236,10.116,7.68,buy,False,2022-11-09T10:35:01.222107+00:00
299,5385436709,10.115,1.0,sell,False,2022-11-09T10:34:58.483290+00:00
300,5385436656,10.115,1.0,sell,False,2022-11-09T10:34:58.250899+00:00
301,5385436617,10.115,2.5,sell,False,2022-11-09T10:34:58.022767+00:00
302,5385436593,10.115,4.5,sell,False,2022-11-09T10:34:57.825680+00:00
303,5385433785,10.115,6.96,sell,False,2022-11-09T10:34:48.751869+00:00
304,5385433756,10.115,16.0,sell,False,2022-11-09T10:34:48.554749+00:00
305,5385433725,10.115,32.0,sell,False,2022-11-09T10:34:48.354863+00:00
306,5385428903,10.101,1.0,sell,False,2022-11-09T10:34:34.524760+00:00
307,5385428833,10.101,1.0,sell,False,2022-11-09T10:34:34.283816+00:00
308,5385427217,10.075,7.945,buy,False,2022-11-09T10:34:27.863628+00:00
309,5385203242,10.038,0.015,sell,False,2022-11-09T10:23:04.612841+00:00
310,5385202252,10.038,7.96,sell,False,2022-11-09T10:23:02.731158+00:00
311,5385183175,10.044,7.94,sell,False,2022-11-09T10:22:11.820637+00:00
312,5385183174,10.047,82.045,sell,False,2022-11-09T10:22:11.820637+00:00
313,5385183173,10.053,37.605,sell,False,2022-11-09T10:22:11.820637+00:00
314,5385058701,10.058,7.0,sell,False,2022-11-09T10:16:15.952847+00:00
315,5384979793,10.085,0.015,sell,False,2022-11-09T10:13:10.072103+00:00
316,5384976836,10.081,7.925,sell,False,2022-11-09T10:13:02.330807+00:00
317,5384954099,10.097,15.8,sell,False,2022-11-09T10:12:08.063298+00:00
318,5384712739,10.105,22.2,sell,False,2022-11-09T09:58:51.174927+00:00
319,5383869736,10.152,0.26,buy,False,2022-11-09T09:10:44.624695+00:00
320,5383869616,10.152,7.625,buy,False,2022-11-09T09:10:43.972107+00:00
321,5383799341,10.133,62.5,sell,False,2022-11-09T09:07:15.713275+00:00
322,5383787874,10.135,0.025,sell,False,2022-11-09T09:06:32.521707+00:00
323,5383786580,10.132,54.985,sell,False,2022-11-09T09:06:28.205773+00:00
324,5383786032,10.114,7.89,sell,False,2022-11-09T09:06:27.051242+00:00
325,5383774879,10.142,7.86,sell,False,2022-11-09T09:05:48.287839+00:00
326,5383739308,10.164,95.08,sell,False,2022-11-09T09:02:51.166645+00:00
327,5383730802,10.18,7.86,sell,False,2022-11-09T09:02:04.398371+00:00
328,5383704495,10.215,54.835,sell,False,2022-11-09T09:00:00.609905+00:00
329,5383704417,10.191,65.595,sell,False,2022-11-09T09:00:00.240284+00:00
330,5383704416,10.194,29.35,sell,False,2022-11-09T09:00:00.240284+00:00
331,5383704414,10.213,50.055,sell,False,2022-11-09T09:00:00.225285+00:00
332,5382878454,10.286,7.78,buy,False,2022-11-09T08:01:02.870693+00:00
333,5382878453,10.246,7.81,buy,False,2022-11-09T08:01:02.870693+00:00
334,5382693450,10.15,1.95,sell,False,2022-11-09T07:46:46.363706+00:00
335,5382357656,10.205,7.84,buy,False,2022-11-09T07:18:03.945091+00:00
336,5382311246,10.167,0.1,sell,False,2022-11-09T07:14:22.078104+00:00
337,5382310096,10.167,7.77,sell,False,2022-11-09T07:14:14.091961+00:00
338,5382307785,10.139,1.69,sell,False,2022-11-09T07:14:00.089128+00:00
339,5382307784,10.165,26.585,sell,False,2022-11-09T07:14:00.089128+00:00
340,5382298577,10.165,4.795,sell,False,2022-11-09T07:13:18.016651+00:00
341,5381441925,10.192,41.37,sell,False,2022-11-09T06:00:16.947474+00:00
342,5381441924,10.193,21.29,sell,False,2022-11-09T06:00:16.947474+00:00
343,5381049781,10.26,7.8,buy,False,2022-11-09T05:33:00.203988+00:00
344,5380698862,10.219,7.83,buy,False,2022-11-09T05:06:32.820960+00:00
345,5380685839,10.179,7.86,buy,False,2022-11-09T05:05:34.327200+00:00
346,5380685838,10.178,1.04,buy,False,2022-11-09T05:05:34.327200+00:00
347,5379675632,10.141,0.11,sell,False,2022-11-09T03:27:36.877345+00:00
348,5379675469,10.141,7.78,sell,False,2022-11-09T03:27:35.579226+00:00
349,5379673194,10.311,37.35,sell,False,2022-11-09T03:27:21.255443+00:00
350,5379523691,10.311,9.06,sell,False,2022-11-09T03:15:22.870091+00:00
351,5378066242,10.333,66.74,sell,False,2022-11-09T00:59:21.129252+00:00
352,5377947671,10.356,1.06,sell,False,2022-11-09T00:48:22.226010+00:00
353,5376002129,10.336,0.015,sell,False,2022-11-08T22:14:27.823319+00:00
354,5375751448,10.368,88.09,sell,False,2022-11-08T21:58:18.942592+00:00
355,5375641992,10.396,54.805,sell,False,2022-11-08T21:51:55.017380+00:00
356,5375641991,10.397,74.92,sell,False,2022-11-08T21:51:55.017380+00:00
357,5375004845,10.413,67.065,sell,False,2022-11-08T21:15:01.047051+00:00
358,5374206304,10.449,0.325,buy,False,2022-11-08T20:30:44.720042+00:00
359,5374206009,10.449,0.74,buy,False,2022-11-08T20:30:44.180300+00:00
360,5374206008,10.449,7.66,buy,False,2022-11-08T20:30:44.180300+00:00
361,5373734523,10.376,1.455,sell,False,2022-11-08T20:11:39.865857+00:00
362,5373090182,10.408,7.69,buy,False,2022-11-08T19:50:00.109115+00:00
363,5372961004,10.367,7.72,buy,False,2022-11-08T19:46:27.883833+00:00
364,5372781109,10.326,7.75,buy,False,2022-11-08T19:41:04.706261+00:00
365,5372644026,10.285,7.78,buy,False,2022-11-08T19:37:47.883392+00:00
366,5372592747,10.247,0.075,buy,False,2022-11-08T19:36:34.923890+00:00
367,5372577589,10.247,7.735,sell,False,2022-11-08T19:36:15.995593+00:00
368,5372253580,10.234,1.555,sell,False,2022-11-08T19:31:38.499464+00:00
369,5372138091,10.202,48.38,sell,False,2022-11-08T19:30:10.380110+00:00
370,5372109914,10.289,70.07,sell,False,2022-11-08T19:29:43.110793+00:00
371,5371590481,10.381,0.945,sell,False,2022-11-08T19:19:29.795036+00:00
372,5371193954,10.439,3.88,buy,False,2022-11-08T19:06:06.221266+00:00
373,5371193591,10.439,11.75,buy,False,2022-11-08T19:06:05.642490+00:00
374,5371193343,10.439,10.46,buy,False,2022-11-08T19:06:05.043665+00:00
375,5371192951,10.439,11.595,buy,False,2022-11-08T19:06:04.503585+00:00
376,5371192562,10.439,11.5,buy,False,2022-11-08T19:06:03.852148+00:00
377,5371192368,10.439,10.655,buy,False,2022-11-08T19:06:03.283243+00:00
378,5371192149,10.439,12.53,buy,False,2022-11-08T19:06:02.741977+00:00
379,5371191911,10.439,12.015,buy,False,2022-11-08T19:06:02.211278+00:00
380,5371191718,10.439,12.165,buy,False,2022-11-08T19:06:01.673199+00:00
381,5371191599,10.439,11.785,buy,False,2022-11-08T19:06:01.137137+00:00
382,5371191434,10.439,12.34,buy,False,2022-11-08T19:06:00.607910+00:00
383,5371191235,10.439,13.195,buy,False,2022-11-08T19:06:00.074355+00:00
384,5371191005,10.439,11.115,buy,False,2022-11-08T19:05:59.481800+00:00
385,5371190696,10.439,12.985,buy,False,2022-11-08T19:05:58.872286+00:00
386,5371190438,10.439,12.515,buy,False,2022-11-08T19:05:58.315476+00:00
387,5371190255,10.439,13.35,buy,False,2022-11-08T19:05:57.778347+00:00
388,5371189979,10.439,13.07,buy,False,2022-11-08T19:05:57.242336+00:00
389,5371189628,10.439,12.74,buy,False,2022-11-08T19:05:56.602249+00:00
390,5371189468,10.439,14.115,buy,False,2022-11-08T19:05:56.063227+00:00
391,5371189313,10.439,12.42,buy,False,2022-11-08T19:05:55.529242+00:00
392,5371189115,10.439,14.125,buy,False,2022-11-08T19:05:54.971709+00:00
393,5371178498,10.458,8.86,buy,False,2022-11-08T19:05:33.146945+00:00
394,5371178261,10.458,10.075,buy,False,2022-11-08T19:05:32.599581+00:00
395,5371177979,10.458,9.26,buy,False,2022-11-08T19:05:32.040293+00:00
396,5371177732,10.458,11.05,buy,False,2022-11-08T19:05:31.499348+00:00
397,5371177576,10.458,8.325,buy,False,2022-11-08T19:05:30.961927+00:00
398,5371177327,10.458,8.065,buy,False,2022-11-08T19:05:30.428115+00:00
399,5371177164,10.458,7.99,buy,False,2022-11-08T19:05:29.895009+00:00
400,5371164412,10.443,7.665,buy,False,2022-11-08T19:05:04.679979+00:00
401,5371164128,10.403,7.695,buy,False,2022-11-08T19:05:04.146967+00:00
402,5371164127,10.362,7.725,buy,False,2022-11-08T19:05:04.146967+00:00
403,5371158166,10.322,7.755,sell,False,2022-11-08T19:04:49.292828+00:00
404,5371158027,10.322,7.785,sell,False,2022-11-08T19:04:48.952500+00:00
405,5371157795,10.322,7.815,sell,False,2022-11-08T19:04:48.528195+00:00
406,5371157669,10.322,7.845,sell,False,2022-11-08T19:04:48.118188+00:00
407,5371157478,10.322,7.875,sell,False,2022-11-08T19:04:47.558706+00:00
408,5371155621,10.001,0.065,sell,False,2022-11-08T19:04:43.389978+00:00
409,5371155068,10.275,185.795,buy,False,2022-11-08T19:04:41.406880+00:00
410,5371155067,10.274,21.13,buy,False,2022-11-08T19:04:41.406880+00:00
411,5371154798,10.119,7.45,buy,False,2022-11-08T19:04:40.871660+00:00
412,5371140740,10.119,0.295,sell,False,2022-11-08T19:04:05.507257+00:00
413,5371126818,10.2,0.1,sell,False,2022-11-08T19:03:32.281280+00:00
414,5371120901,10.275,15.52,sell,False,2022-11-08T19:03:16.568898+00:00
415,5370423323,10.331,7.745,buy,False,2022-11-08T18:41:03.028913+00:00
416,5370254410,10.308,11.99,sell,False,2022-11-08T18:35:24.586454+00:00
417,5370245093,10.3,7.37,buy,False,2022-11-08T18:35:11.889964+00:00
418,5370244785,10.3,8.485,buy,False,2022-11-08T18:35:11.281581+00:00
419,5370244264,10.3,7.89,buy,False,2022-11-08T18:35:10.692596+00:00
420,5370243915,10.3,7.86,buy,False,2022-11-08T18:35:10.126970+00:00
421,5370243683,10.3,7.44,buy,False,2022-11-08T18:35:09.575071+00:00
422,5370243357,10.3,7.29,buy,False,2022-11-08T18:35:09.032768+00:00
423,5370242897,10.3,7.635,buy,False,2022-11-08T18:35:08.496672+00:00
424,5370242486,10.3,7.805,buy,False,2022-11-08T18:35:07.848702+00:00
425,5370242170,10.3,7.31,buy,False,2022-11-08T18:35:07.313093+00:00
426,5370241967,10.3,8.24,buy,False,2022-11-08T18:35:06.777158+00:00
427,5370241642,10.3,7.9,buy,False,2022-11-08T18:35:06.235866+00:00
428,5370241536,10.302,77.585,sell,False,2022-11-08T18:35:06.119855+00:00
429,5370241535,10.303,1.065,sell,False,2022-11-08T18:35:06.119855+00:00
430,5370241534,10.304,9.855,sell,False,2022-11-08T18:35:06.119855+00:00
431,5370043569,10.292,0.11,sell,False,2022-11-08T18:29:54.646516+00:00
432,5370037735,10.292,7.665,sell,False,2022-11-08T18:29:46.262274+00:00
433,5369885692,10.35,22.35,sell,False,2022-11-08T18:25:27.962699+00:00
434,5369885691,10.441,114.575,sell,False,2022-11-08T18:25:27.962699+00:00
435,5369159915,10.793,0.13,buy,False,2022-11-08T18:10:28.791409+00:00
436,5367963821,10.765,7.435,buy,False,2022-11-08T17:39:25.716996+00:00
437,5367776584,10.678,35.15,sell,False,2022-11-08T17:31:07.422036+00:00
438,5367644535,10.724,7.46,buy,False,2022-11-08T17:27:09.350721+00:00
439,5367631963,10.72,4.675,buy,False,2022-11-08T17:26:46.700760+00:00
440,5367631519,10.72,8.0,buy,False,2022-11-08T17:26:46.154880+00:00
441,5367631192,10.72,7.36,buy,False,2022-11-08T17:26:45.591303+00:00
442,5367630924,10.72,7.625,buy,False,2022-11-08T17:26:44.873692+00:00
443,5367531840,10.72,49.35,buy,False,2022-11-08T17:23:14.511708+00:00
444,5367531839,10.683,7.49,buy,False,2022-11-08T17:23:14.511708+00:00
445,5366566739,10.642,165.11,sell,False,2022-11-08T16:46:18.012055+00:00
446,5366303643,10.642,7.52,buy,False,2022-11-08T16:35:56.661281+00:00
447,5365702762,10.602,6.62,buy,False,2022-11-08T16:19:11.857087+00:00
448,5365451312,10.602,0.93,buy,False,2022-11-08T16:13:22.382999+00:00
449,5365228967,10.561,7.58,buy,False,2022-11-08T16:09:43.641193+00:00
450,5365009150,10.52,7.605,buy,False,2022-11-08T16:06:07.877659+00:00
451,5364728679,10.479,7.635,buy,False,2022-11-08T15:58:22.865162+00:00
452,5364570440,10.4,1.0,buy,False,2022-11-08T15:48:25.030683+00:00
453,5364445747,10.439,7.665,buy,False,2022-11-08T15:38:52.060151+00:00
454,5364370995,10.398,1.07,buy,False,2022-11-08T15:33:17.633309+00:00
455,5364370994,10.398,7.695,buy,False,2022-11-08T15:33:17.633309+00:00
456,5364348478,10.357,7.725,buy,False,2022-11-08T15:31:34.165984+00:00
457,5364342189,10.316,7.755,buy,False,2022-11-08T15:31:11.305702+00:00
458,5364269985,10.275,7.79,buy,False,2022-11-08T15:27:39.601888+00:00
459,5364182287,10.235,7.82,buy,False,2022-11-08T15:22:07.114293+00:00
460,5364099742,10.127,0.065,buy,False,2022-11-08T15:16:57.486168+00:00
461,5364098592,10.194,7.785,buy,False,2022-11-08T15:16:54.673324+00:00
462,5364092313,10.137,28.175,sell,False,2022-11-08T15:16:28.426781+00:00
463,5364090447,10.199,43.0,sell,False,2022-11-08T15:16:20.172847+00:00
464,5364090446,10.199,16.745,sell,False,2022-11-08T15:16:20.172847+00:00
465,5364070908,10.199,38.0,sell,False,2022-11-08T15:14:58.728885+00:00
466,5363909453,10.27,1.07,sell,False,2022-11-08T15:04:12.275043+00:00
467,5363768719,10.355,7.73,buy,False,2022-11-08T14:55:06.610117+00:00
468,5363765485,10.315,7.76,buy,False,2022-11-08T14:54:54.817028+00:00
469,5363763349,10.274,7.79,buy,False,2022-11-08T14:54:47.134382+00:00
470,5363731063,10.234,7.82,buy,False,2022-11-08T14:53:11.433834+00:00
471,5363632097,10.193,7.85,buy,False,2022-11-08T14:49:17.537754+00:00
472,5363564951,10.153,7.88,buy,False,2022-11-08T14:45:31.679692+00:00
473,5363564078,10.127,0.1,buy,False,2022-11-08T14:45:28.593576+00:00
474,5363562998,10.115,7.815,sell,False,2022-11-08T14:45:25.692835+00:00
475,5363545480,10.239,7.79,sell,False,2022-11-08T14:44:43.401393+00:00
476,5363542373,10.277,7.595,sell,False,2022-11-08T14:44:33.996300+00:00
477,5363542369,10.277,8.0,sell,False,2022-11-08T14:44:33.987809+00:00
478,5363542085,10.277,9.46,sell,False,2022-11-08T14:44:33.458800+00:00
479,5363506681,10.277,0.07,sell,False,2022-11-08T14:42:43.033003+00:00
480,5363506128,10.277,7.72,sell,False,2022-11-08T14:42:41.564820+00:00
481,5363495130,10.361,0.065,sell,False,2022-11-08T14:42:16.251802+00:00
482,5363495033,10.361,7.63,sell,False,2022-11-08T14:42:16.107700+00:00
483,5363431522,10.357,0.095,buy,False,2022-11-08T14:39:43.186306+00:00
484,5363425489,10.4,7.5,sell,False,2022-11-08T14:39:25.393086+00:00
485,5363425488,10.4,0.1,sell,False,2022-11-08T14:39:25.393086+00:00
486,5363406533,10.527,0.3,sell,False,2022-11-08T14:38:46.912673+00:00
487,5363402990,10.527,7.0,sell,False,2022-11-08T14:38:38.515679+00:00
488,5363401356,10.527,23.0,sell,False,2022-11-08T14:38:31.962753+00:00
489,5363313097,10.626,7.53,buy,False,2022-11-08T14:34:52.662387+00:00
490,5363312136,10.584,7.56,buy,False,2022-11-08T14:34:48.411017+00:00
491,5363310748,10.542,7.59,buy,False,2022-11-08T14:34:44.360731+00:00
492,5363276499,10.417,0.05,sell,False,2022-11-08T14:32:24.793437+00:00
493,5363275410,10.5,7.57,buy,False,2022-11-08T14:32:19.669036+00:00
494,5363267138,10.5,9.52,sell,False,2022-11-08T14:31:39.030132+00:00
495,5363265772,10.516,7.585,sell,False,2022-11-08T14:31:32.231061+00:00
496,5363258897,10.555,13.735,sell,False,2022-11-08T14:31:04.775290+00:00
497,5363253331,10.555,0.07,sell,False,2022-11-08T14:30:42.067363+00:00
498,5363252553,10.555,7.515,sell,False,2022-11-08T14:30:38.816783+00:00
499,5363248824,10.672,0.955,buy,False,2022-11-08T14:30:22.687114+00:00
500,5363248103,10.585,100.0,sell,False,2022-11-08T14:30:20.565088+00:00
501,5363248091,10.585,407.315,sell,False,2022-11-08T14:30:20.534340+00:00
502,5363248090,10.585,26.0,sell,False,2022-11-08T14:30:20.534166+00:00
503,5363239753,10.585,164.0,sell,False,2022-11-08T14:30:06.590024+00:00
504,5362318784,10.667,1.03,sell,False,2022-11-08T13:10:21.576769+00:00
505,5361473693,10.959,4.785,buy,False,2022-11-08T11:24:49.564925+00:00
506,5361141312,10.969,2.89,buy,False,2022-11-08T10:54:51.487649+00:00
507,5361136254,10.971,34.07,buy,False,2022-11-08T10:54:14.236286+00:00
508,5361102046,10.969,8.535,buy,False,2022-11-08T10:49:58.757746+00:00
509,5360881832,10.817,0.04,sell,True,2022-11-08T10:23:47.116041+00:00
510,5360713151,10.817,165.11,sell,False,2022-11-08T10:04:25.372687+00:00
511,5360115346,10.833,0.795,sell,False,2022-11-08T09:02:43.397289+00:00
512,5360115275,10.833,1.05,sell,False,2022-11-08T09:02:42.820318+00:00
513,5360115274,10.833,6.735,sell,False,2022-11-08T09:02:42.820318+00:00
514,5360115184,10.833,7.115,sell,False,2022-11-08T09:02:42.282448+00:00
515,5359511574,10.851,0.5,sell,False,2022-11-08T08:06:38.204413+00:00
516,5359511461,10.851,0.5,sell,False,2022-11-08T08:06:37.932194+00:00
517,5359511346,10.851,1.0,sell,False,2022-11-08T08:06:37.724532+00:00
518,5359511284,10.851,1.5,sell,False,2022-11-08T08:06:37.528087+00:00
519,5359511233,10.851,3.5,sell,False,2022-11-08T08:06:37.329078+00:00
520,5359511215,10.851,6.5,sell,False,2022-11-08T08:06:37.094346+00:00
521,5359510370,10.853,13.0,sell,False,2022-11-08T08:06:32.569798+00:00
522,5359510331,10.853,26.0,sell,False,2022-11-08T08:06:32.271261+00:00
523,5359509575,10.849,47.655,sell,False,2022-11-08T08:06:27.494743+00:00
524,5359464240,11.103,9.01,buy,False,2022-11-08T08:02:26.782147+00:00
525,5358954740,10.585,2.315,sell,False,2022-11-08T07:21:32.149443+00:00
526,5357711266,10.614,8.995,sell,False,2022-11-08T05:54:37.118805+00:00
527,5357708237,10.614,7.0,sell,False,2022-11-08T05:54:24.139965+00:00
528,5357583678,10.589,7.655,sell,False,2022-11-08T05:46:13.232472+00:00
529,5357583677,10.6,0.1,sell,False,2022-11-08T05:46:13.232472+00:00
530,5357148981,10.608,8.05,sell,False,2022-11-08T05:27:01.206824+00:00
531,5357148386,10.608,1.25,sell,False,2022-11-08T05:27:00.083086+00:00
532,5356025759,10.714,0.245,sell,False,2022-11-08T04:36:01.884889+00:00
533,5355685777,10.714,42.2,sell,False,2022-11-08T04:20:06.683037+00:00
534,5355598128,10.678,258.805,sell,False,2022-11-08T04:17:36.508807+00:00
535,5355598127,10.693,348.185,sell,False,2022-11-08T04:17:36.508807+00:00
536,5355598126,10.712,66.21,sell,False,2022-11-08T04:17:36.508807+00:00
537,5355344988,10.715,1.495,sell,True,2022-11-08T04:11:52.665554+00:00
538,5355147488,10.715,71.98,sell,False,2022-11-08T04:07:59.240245+00:00
539,5354596800,10.678,141.27,sell,False,2022-11-08T03:47:20.030010+00:00
540,5354596799,10.693,264.295,sell,False,2022-11-08T03:47:20.030010+00:00
541,5354596798,10.713,82.35,sell,False,2022-11-08T03:47:20.030010+00:00
542,5354575755,10.713,50.0,sell,False,2022-11-08T03:46:26.565740+00:00
543,5354567902,10.716,78.0,sell,False,2022-11-08T03:46:05.112330+00:00
544,5354070038,10.709,64.29,sell,False,2022-11-08T03:22:19.995903+00:00
545,5354070037,10.8,0.1,sell,False,2022-11-08T03:22:19.995903+00:00
546,5351822068,11.029,0.245,buy,False,2022-11-08T00:00:16.138740+00:00
547,5351489104,10.887,552.3,sell,False,2022-11-07T23:20:48.432383+00:00
548,5348509195,10.837,1.93,sell,False,2022-11-07T17:43:24.551803+00:00
549,5348420255,10.967,0.1,buy,False,2022-11-07T17:28:17.492068+00:00
550,5348390621,11.082,0.1,buy,False,2022-11-07T17:23:17.705077+00:00
551,5348374096,10.956,0.915,buy,False,2022-11-07T17:20:42.282731+00:00
552,5348090019,10.842,0.925,sell,False,2022-11-07T16:46:39.533030+00:00
553,5348024883,11.0,9.09,sell,False,2022-11-07T16:40:25.360743+00:00
554,5348023849,11.02,0.995,sell,False,2022-11-07T16:40:18.932925+00:00
555,5348023848,11.02,0.2,sell,False,2022-11-07T16:40:18.932925+00:00
556,5347450252,11.22,18.69,sell,False,2022-11-07T15:49:27.677943+00:00
557,5347102216,11.229,5.0,sell,False,2022-11-07T15:15:46.051597+00:00
558,5347082318,11.34,18.69,buy,False,2022-11-07T15:13:49.699951+00:00
559,5347059495,11.361,0.965,sell,False,2022-11-07T15:11:00.674280+00:00
560,5346789092,11.5,100.0,sell,False,2022-11-07T14:44:53.756365+00:00
561,5346723576,11.558,105.685,sell,False,2022-11-07T14:39:08.439101+00:00
562,5346719122,11.747,0.935,sell,False,2022-11-07T14:38:44.850017+00:00
563,5346639602,11.889,108.88,sell,False,2022-11-07T14:33:45.455790+00:00
564,5346626255,12.029,20.42,sell,False,2022-11-07T14:32:52.690458+00:00
565,5346583841,12.212,0.915,buy,False,2022-11-07T14:30:18.620305+00:00
566,5345407541,11.98,35.055,sell,False,2022-11-07T12:01:26.620874+00:00
567,5345404896,12.0,22.44,sell,False,2022-11-07T12:01:10.225987+00:00
568,5345102082,11.967,7.125,sell,False,2022-11-07T11:11:41.996741+00:00
569,5344817661,11.917,23.19,sell,False,2022-11-07T10:27:50.855290+00:00
570,5344406976,12.004,92.485,buy,False,2022-11-07T09:39:43.073056+00:00
571,5344406975,12.004,7.515,buy,False,2022-11-07T09:39:43.073056+00:00
572,5343209997,12.0,48.205,buy,False,2022-11-07T07:42:45.344440+00:00
573,5342574302,11.801,7.515,sell,False,2022-11-07T06:26:29.164986+00:00
574,5342233111,12.001,0.065,buy,False,2022-11-07T05:46:13.075338+00:00
575,5342232370,12.01,0.915,sell,False,2022-11-07T05:46:03.630163+00:00
576,5342232369,12.01,1.62,sell,False,2022-11-07T05:46:03.630163+00:00
577,5342232330,12.01,12.425,sell,False,2022-11-07T05:46:03.098935+00:00
578,5342232267,12.01,14.625,sell,False,2022-11-07T05:46:02.563525+00:00
579,5342232161,12.01,13.02,sell,False,2022-11-07T05:46:02.038196+00:00
580,5342232085,12.01,13.995,sell,False,2022-11-07T05:46:01.510202+00:00
581,5342231999,12.01,13.29,sell,False,2022-11-07T05:46:00.978753+00:00
582,5342231854,12.01,12.28,sell,False,2022-11-07T05:46:00.435949+00:00
583,5342231728,12.01,14.125,sell,False,2022-11-07T05:45:59.903358+00:00
584,5342231662,12.01,13.475,sell,False,2022-11-07T05:45:59.365327+00:00
585,5342231618,12.01,14.155,sell,False,2022-11-07T05:45:58.825688+00:00
586,5342231565,12.01,14.3,sell,False,2022-11-07T05:45:58.246461+00:00
587,5342231461,12.01,13.57,sell,False,2022-11-07T05:45:57.679312+00:00
588,5342231413,12.01,11.43,sell,False,2022-11-07T05:45:57.135610+00:00
589,5342231376,12.01,12.22,sell,False,2022-11-07T05:45:56.590213+00:00
590,5342231339,12.01,12.675,sell,False,2022-11-07T05:45:56.056683+00:00
591,5342231268,12.01,11.975,sell,False,2022-11-07T05:45:55.514113+00:00
592,5342231064,12.01,12.95,sell,False,2022-11-07T05:45:54.961877+00:00
593,5342230870,12.01,13.64,sell,False,2022-11-07T05:45:54.421582+00:00
594,5342230832,12.01,12.33,sell,False,2022-11-07T05:45:53.884380+00:00
595,5342230732,12.01,12.255,sell,False,2022-11-07T05:45:53.342516+00:00
596,5342230686,12.01,13.705,sell,False,2022-11-07T05:45:52.809917+00:00
597,5342230572,12.01,13.67,sell,False,2022-11-07T05:45:52.280086+00:00
598,5342230327,12.01,13.88,sell,False,2022-11-07T05:45:51.750299+00:00
599,5342230141,12.01,11.78,sell,False,2022-11-07T05:45:51.219902+00:00
600,5342230082,12.01,10.78,sell,False,2022-11-07T05:45:50.684612+00:00
601,5342230011,12.01,10.765,sell,False,2022-11-07T05:45:50.146771+00:00
602,5342229984,12.01,11.355,sell,False,2022-11-07T05:45:49.617146+00:00
603,5342229946,12.01,11.31,sell,False,2022-11-07T05:45:49.089186+00:00
604,5342229913,12.01,11.46,sell,False,2022-11-07T05:45:48.557917+00:00
605,5342229813,12.01,11.99,sell,False,2022-11-07T05:45:48.027514+00:00
606,5342229771,12.01,13.26,sell,False,2022-11-07T05:45:47.492481+00:00
607,5342229751,12.01,11.22,sell,False,2022-11-07T05:45:46.961602+00:00
608,5342229729,12.01,9.985,sell,False,2022-11-07T05:45:46.406666+00:00
609,5342229682,12.01,11.075,sell,False,2022-11-07T05:45:45.876061+00:00
610,5342229643,12.01,12.085,sell,False,2022-11-07T05:45:45.346642+00:00
611,5342229596,12.01,12.085,sell,False,2022-11-07T05:45:44.808096+00:00
612,5342229552,12.01,11.84,sell,False,2022-11-07T05:45:44.280383+00:00
613,5342229407,12.01,10.815,sell,False,2022-11-07T05:45:43.745233+00:00
614,5342229365,12.01,11.52,sell,False,2022-11-07T05:45:43.216369+00:00
615,5342229313,12.01,11.975,sell,False,2022-11-07T05:45:42.679360+00:00
616,5342229278,12.01,12.985,sell,False,2022-11-07T05:45:42.118586+00:00
617,5342229240,12.01,14.34,sell,False,2022-11-07T05:45:41.581838+00:00
618,5342229208,12.01,12.625,sell,False,2022-11-07T05:45:41.044757+00:00
619,5342229164,12.01,11.22,sell,False,2022-11-07T05:45:40.509362+00:00
620,5342229094,12.01,10.29,sell,False,2022-11-07T05:45:39.969491+00:00
621,5342229043,12.01,11.3,sell,False,2022-11-07T05:45:39.426236+00:00
622,5342228942,12.01,10.155,sell,False,2022-11-07T05:45:38.793362+00:00
623,5342228870,12.01,10.605,sell,False,2022-11-07T05:45:38.263062+00:00
624,5342228835,12.01,11.915,sell,False,2022-11-07T05:45:37.717997+00:00
625,5342228765,12.01,11.985,sell,False,2022-11-07T05:45:37.183388+00:00
626,5342228665,12.01,11.755,sell,False,2022-11-07T05:45:36.651989+00:00
627,5342228489,12.01,11.935,sell,False,2022-11-07T05:45:36.096723+00:00
628,5342228389,12.01,11.73,sell,False,2022-11-07T05:45:35.559799+00:00
629,5342228348,12.01,10.015,sell,False,2022-11-07T05:45:35.025139+00:00
630,5342228295,12.01,10.875,sell,False,2022-11-07T05:45:34.492058+00:00
631,5342228216,12.01,11.425,sell,False,2022-11-07T05:45:33.948669+00:00
632,5342227938,12.01,10.095,sell,False,2022-11-07T05:45:33.413239+00:00
633,5342227867,12.01,10.41,sell,False,2022-11-07T05:45:32.873727+00:00
634,5342227791,12.01,9.49,sell,False,2022-11-07T05:45:32.339779+00:00
635,5342227659,12.01,11.4,sell,False,2022-11-07T05:45:31.779561+00:00
636,5342227549,12.01,9.885,sell,False,2022-11-07T05:45:31.238633+00:00
637,5342227477,12.01,10.16,sell,False,2022-11-07T05:45:30.705505+00:00
638,5342227436,12.01,9.485,sell,False,2022-11-07T05:45:30.172955+00:00
639,5342227386,12.01,9.11,sell,False,2022-11-07T05:45:29.637235+00:00
640,5342227359,12.01,9.49,sell,False,2022-11-07T05:45:29.093693+00:00
641,5342227331,12.01,9.59,sell,False,2022-11-07T05:45:28.563313+00:00
642,5342227277,12.01,10.345,sell,False,2022-11-07T05:45:28.019327+00:00
643,5342227200,12.01,9.385,sell,False,2022-11-07T05:45:27.439236+00:00
644,5342227154,12.01,10.47,sell,False,2022-11-07T05:45:26.905607+00:00
645,5342227135,12.01,9.575,sell,False,2022-11-07T05:45:26.372901+00:00
646,5342227095,12.01,8.905,sell,False,2022-11-07T05:45:25.789286+00:00
647,5342227010,12.01,8.465,sell,False,2022-11-07T05:45:25.255182+00:00
648,5342226979,12.01,9.535,sell,False,2022-11-07T05:45:24.726179+00:00
649,5342226933,12.01,8.67,sell,False,2022-11-07T05:45:24.186461+00:00
650,5342226914,12.01,8.465,sell,False,2022-11-07T05:45:23.652757+00:00
651,5342226801,12.01,9.18,sell,False,2022-11-07T05:45:23.108189+00:00
652,5342226740,12.01,9.545,sell,False,2022-11-07T05:45:22.570932+00:00
653,5342226683,12.01,10.765,sell,False,2022-11-07T05:45:22.039253+00:00
654,5342226624,12.01,11.375,sell,False,2022-11-07T05:45:21.505300+00:00
655,5342226580,12.01,11.315,sell,False,2022-11-07T05:45:20.975054+00:00
656,5342216065,12.01,9.28,sell,False,2022-11-07T05:43:30.784606+00:00
657,5342216000,12.01,10.225,sell,False,2022-11-07T05:43:30.251215+00:00
658,5342215951,12.01,9.76,sell,False,2022-11-07T05:43:29.720586+00:00
659,5342215914,12.01,11.115,sell,False,2022-11-07T05:43:29.183641+00:00
660,5342215857,12.01,10.48,sell,False,2022-11-07T05:43:28.645088+00:00
661,5342215835,12.01,9.475,sell,False,2022-11-07T05:43:28.103892+00:00
662,5342215793,12.01,10.69,sell,False,2022-11-07T05:43:27.563125+00:00
663,5342215729,12.01,11.52,sell,False,2022-11-07T05:43:27.001840+00:00
664,5342215675,12.01,9.01,sell,False,2022-11-07T05:43:26.363643+00:00
665,5342215649,12.01,12.125,sell,False,2022-11-07T05:43:25.789963+00:00
666,5342215613,12.01,10.235,sell,False,2022-11-07T05:43:25.251161+00:00
667,5342215575,12.01,10.84,sell,False,2022-11-07T05:43:24.660785+00:00
668,5342215546,12.01,11.86,sell,False,2022-11-07T05:43:24.033989+00:00
669,5342215533,12.01,8.675,sell,False,2022-11-07T05:43:23.501466+00:00
670,5342215501,12.01,9.135,sell,False,2022-11-07T05:43:22.942124+00:00
671,5342215433,12.01,9.215,sell,False,2022-11-07T05:43:22.402984+00:00
672,5342215385,12.01,10.44,sell,False,2022-11-07T05:43:21.870484+00:00
673,5342215338,12.01,9.32,sell,False,2022-11-07T05:43:21.334901+00:00
674,5342215313,12.01,10.445,sell,False,2022-11-07T05:43:20.795204+00:00
675,5342215292,12.01,12.715,sell,False,2022-11-07T05:43:20.221873+00:00
676,5342215221,12.01,15.14,sell,False,2022-11-07T05:43:19.688276+00:00
677,5342215180,12.01,14.5,sell,False,2022-11-07T05:43:19.154948+00:00
678,5342215151,12.01,10.05,sell,False,2022-11-07T05:43:18.624024+00:00
679,5342215107,12.01,12.83,sell,False,2022-11-07T05:43:17.919719+00:00
680,5342215080,12.01,11.995,sell,False,2022-11-07T05:43:17.381593+00:00
681,5342215041,12.01,11.69,sell,False,2022-11-07T05:43:16.844925+00:00
682,5342215003,12.01,11.045,sell,False,2022-11-07T05:43:16.298538+00:00
683,5342214929,12.01,11.955,sell,False,2022-11-07T05:43:15.760134+00:00
684,5342214881,12.01,10.915,sell,False,2022-11-07T05:43:15.219971+00:00
685,5342214839,12.01,11.745,sell,False,2022-11-07T05:43:14.687234+00:00
686,5342214723,12.01,11.95,sell,False,2022-11-07T05:43:14.152328+00:00
687,5342214697,12.01,12.36,sell,False,2022-11-07T05:43:13.594908+00:00
688,5342214636,12.01,11.87,sell,False,2022-11-07T05:43:13.063798+00:00
689,5342214586,12.01,11.31,sell,False,2022-11-07T05:43:12.511373+00:00
690,5342214555,12.01,11.615,sell,False,2022-11-07T05:43:11.971838+00:00
691,5342214507,12.01,11.08,sell,False,2022-11-07T05:43:11.327102+00:00
692,5342214447,12.01,12.79,sell,False,2022-11-07T05:43:10.791156+00:00
693,5342214418,12.01,11.93,sell,False,2022-11-07T05:43:10.167845+00:00
694,5342214377,12.01,12.48,sell,False,2022-11-07T05:43:09.632889+00:00
695,5342214329,12.01,10.855,sell,False,2022-11-07T05:43:09.083301+00:00
696,5342214273,12.01,11.42,sell,False,2022-11-07T05:43:08.543414+00:00
697,5342214202,12.01,13.375,sell,False,2022-11-07T05:43:08.006728+00:00
698,5342214178,12.01,12.89,sell,False,2022-11-07T05:43:07.468694+00:00
699,5342214101,12.01,14.24,sell,False,2022-11-07T05:43:06.631106+00:00
700,5342214034,12.01,13.24,sell,False,2022-11-07T05:43:06.090647+00:00
701,5342213989,12.01,15.145,sell,False,2022-11-07T05:43:05.552961+00:00
702,5342213938,12.01,12.935,sell,False,2022-11-07T05:43:05.013928+00:00
703,5342213903,12.01,14.365,sell,False,2022-11-07T05:43:04.465606+00:00
704,5342213877,12.01,10.92,sell,False,2022-11-07T05:43:03.929177+00:00
705,5342213818,12.01,12.035,sell,False,2022-11-07T05:43:03.333181+00:00
706,5342213782,12.01,11.365,sell,False,2022-11-07T05:43:02.800244+00:00
707,5342213678,12.01,11.61,sell,False,2022-11-07T05:43:02.263062+00:00
708,5342213620,12.01,12.97,sell,False,2022-11-07T05:43:01.684986+00:00
709,5342213583,12.01,12.96,sell,False,2022-11-07T05:43:01.154379+00:00
710,5342213543,12.01,11.215,sell,False,2022-11-07T05:43:00.623637+00:00
711,5342213484,12.01,12.71,sell,False,2022-11-07T05:43:00.063934+00:00
712,5342213423,12.01,12.895,sell,False,2022-11-07T05:42:59.533095+00:00
713,5342213286,12.01,13.545,sell,False,2022-11-07T05:42:58.912014+00:00
714,5342212960,12.01,12.12,sell,False,2022-11-07T05:42:58.369255+00:00
715,5342212690,12.01,13.105,sell,False,2022-11-07T05:42:57.835534+00:00
716,5342212633,12.01,11.645,sell,False,2022-11-07T05:42:57.301723+00:00
717,5342212578,12.01,13.525,sell,False,2022-11-07T05:42:56.739336+00:00
718,5342212551,12.01,12.72,sell,False,2022-11-07T05:42:56.208830+00:00
719,5342212516,12.01,11.505,sell,False,2022-11-07T05:42:55.670818+00:00
720,5342212466,12.01,11.445,sell,False,2022-11-07T05:42:55.128946+00:00
721,5342212434,12.01,11.16,sell,False,2022-11-07T05:42:54.594717+00:00
722,5342212386,12.01,11.045,sell,False,2022-11-07T05:42:54.059281+00:00
723,5342212330,12.01,10.395,sell,False,2022-11-07T05:42:53.522653+00:00
724,5342212190,12.01,13.67,sell,False,2022-11-07T05:42:52.979658+00:00
725,5342212157,12.01,10.175,sell,False,2022-11-07T05:42:52.440932+00:00
726,5342212142,12.01,10.26,sell,False,2022-11-07T05:42:52.035562+00:00
727,5342212108,12.01,9.94,sell,False,2022-11-07T05:42:51.501247+00:00
728,5342212079,12.01,11.655,sell,False,2022-11-07T05:42:50.965977+00:00
729,5342212033,12.01,11.66,sell,False,2022-11-07T05:42:50.417922+00:00
730,5342212011,12.01,11.89,sell,False,2022-11-07T05:42:49.885882+00:00
731,5342211992,12.01,10.845,sell,False,2022-11-07T05:42:49.356195+00:00
732,5342211966,12.01,10.01,sell,False,2022-11-07T05:42:48.817116+00:00
733,5342211875,12.01,12.085,sell,False,2022-11-07T05:42:48.277472+00:00
734,5342211856,12.01,10.945,sell,False,2022-11-07T05:42:47.742610+00:00
735,5342211820,12.01,11.94,sell,False,2022-11-07T05:42:47.203715+00:00
736,5342211788,12.01,12.355,sell,False,2022-11-07T05:42:46.670487+00:00
737,5342211752,12.01,12.315,sell,False,2022-11-07T05:42:46.136421+00:00
738,5342211705,12.01,12.025,sell,False,2022-11-07T05:42:45.584094+00:00
739,5342211586,12.01,11.25,sell,False,2022-11-07T05:42:45.044405+00:00
740,5342211552,12.01,10.92,sell,False,2022-11-07T05:42:44.459655+00:00
741,5342211521,12.01,10.955,sell,False,2022-11-07T05:42:43.932185+00:00
742,5342211431,12.01,9.615,sell,False,2022-11-07T05:42:43.337299+00:00
743,5342211379,12.01,9.125,sell,False,2022-11-07T05:42:42.746735+00:00
744,5342211348,12.01,10.93,sell,False,2022-11-07T05:42:42.205614+00:00
745,5342211307,12.01,11.93,sell,False,2022-11-07T05:42:41.659344+00:00
746,5342211225,12.01,12.29,sell,False,2022-11-07T05:42:41.127696+00:00
747,5342210955,12.01,10.79,sell,False,2022-11-07T05:42:40.596379+00:00
748,5342210900,12.01,9.5,sell,False,2022-11-07T05:42:40.033981+00:00
749,5342210826,12.01,9.235,sell,False,2022-11-07T05:42:39.490068+00:00
750,5342210744,12.01,10.7,sell,False,2022-11-07T05:42:38.955729+00:00
751,5342210669,12.01,9.525,sell,False,2022-11-07T05:42:38.418020+00:00
752,5342210629,12.01,9.955,sell,False,2022-11-07T05:42:37.889949+00:00
753,5342210554,12.01,9.52,sell,False,2022-11-07T05:42:37.353968+00:00
754,5342210526,12.01,9.59,sell,False,2022-11-07T05:42:36.816259+00:00
755,5342210502,12.01,9.07,sell,False,2022-11-07T05:42:36.286138+00:00
756,5342210479,12.01,10.67,sell,False,2022-11-07T05:42:35.752182+00:00
757,5342210461,12.01,8.55,sell,False,2022-11-07T05:42:35.185144+00:00
758,5342210420,12.01,10.26,sell,False,2022-11-07T05:42:34.459698+00:00
759,5342210385,12.01,10.065,sell,False,2022-11-07T05:42:33.916312+00:00
760,5342210292,12.01,8.76,sell,False,2022-11-07T05:42:33.377716+00:00
761,5342210251,12.01,11.5,sell,False,2022-11-07T05:42:32.846740+00:00
762,5342210222,12.01,11.07,sell,False,2022-11-07T05:42:32.304596+00:00
763,5342210164,12.01,10.725,sell,False,2022-11-07T05:42:31.764932+00:00
764,5342210126,12.01,10.75,sell,False,2022-11-07T05:42:31.221347+00:00
765,5342210091,12.01,10.475,sell,False,2022-11-07T05:42:30.658836+00:00
766,5342210039,12.01,10.645,sell,False,2022-11-07T05:42:30.120671+00:00
767,5342210007,12.01,10.295,sell,False,2022-11-07T05:42:29.578332+00:00
768,5342210006,12.003,60.225,buy,False,2022-11-07T05:42:29.505029+00:00
769,5342086744,12.261,0.3,buy,False,2022-11-07T05:27:03.651779+00:00
770,5342085176,12.301,155.035,sell,False,2022-11-07T05:26:46.817850+00:00
771,5342084993,12.301,174.84,sell,False,2022-11-07T05:26:43.751549+00:00
772,5342084795,12.301,161.465,sell,False,2022-11-07T05:26:41.048733+00:00
773,5342084582,12.301,142.925,sell,False,2022-11-07T05:26:38.640869+00:00
774,5342084226,12.301,143.14,sell,False,2022-11-07T05:26:36.251008+00:00
775,5342084126,12.301,140.415,sell,False,2022-11-07T05:26:33.837118+00:00
776,5342083932,12.301,153.975,sell,False,2022-11-07T05:26:31.155596+00:00
777,5342083719,12.301,136.64,sell,False,2022-11-07T05:26:28.796663+00:00
778,5342083465,12.301,146.71,sell,False,2022-11-07T05:26:26.350488+00:00
779,5342083311,12.301,138.435,sell,False,2022-11-07T05:26:23.773064+00:00
780,5342083078,12.301,156.665,sell,False,2022-11-07T05:26:21.248973+00:00
781,5342082824,12.301,142.64,sell,False,2022-11-07T05:26:18.841801+00:00
782,5342082417,12.301,185.74,sell,False,2022-11-07T05:26:15.548925+00:00
783,5342082099,12.301,168.07,sell,False,2022-11-07T05:26:12.871598+00:00
784,5342081861,12.301,150.375,sell,False,2022-11-07T05:26:10.231930+00:00
785,5342081654,12.301,170.805,sell,False,2022-11-07T05:26:07.145604+00:00
786,5342081560,12.301,76.195,sell,False,2022-11-07T05:26:05.947728+00:00
787,5342081462,12.301,49.24,sell,False,2022-11-07T05:26:05.048919+00:00
788,5342081392,12.301,48.52,sell,False,2022-11-07T05:26:04.150960+00:00
789,5342081303,12.301,56.08,sell,False,2022-11-07T05:26:03.248861+00:00
790,5342081090,12.301,56.24,sell,False,2022-11-07T05:26:02.523068+00:00
791,5342081067,12.301,18.655,sell,False,2022-11-07T05:26:01.986747+00:00
792,5342081023,12.301,28.705,sell,False,2022-11-07T05:26:01.454849+00:00
793,5342080970,12.301,31.985,sell,False,2022-11-07T05:26:00.920061+00:00
794,5342080901,12.301,29.42,sell,False,2022-11-07T05:26:00.392946+00:00
795,5342080821,12.301,31.23,sell,False,2022-11-07T05:25:59.853806+00:00
796,5342080694,12.301,32.365,sell,False,2022-11-07T05:25:59.267480+00:00
797,5342080667,12.301,29.225,sell,False,2022-11-07T05:25:58.738686+00:00
798,5342080629,12.301,26.575,sell,False,2022-11-07T05:25:58.211892+00:00
799,5342080583,12.301,27.21,sell,False,2022-11-07T05:25:57.615364+00:00
800,5342080527,12.301,52.345,sell,False,2022-11-07T05:25:57.019304+00:00
801,5342080497,12.301,52.15,sell,False,2022-11-07T05:25:56.491500+00:00
802,5342080472,12.301,49.115,sell,False,2022-11-07T05:25:55.960130+00:00
803,5342080429,12.301,56.165,sell,False,2022-11-07T05:25:55.428283+00:00
804,5342080394,12.301,52.835,sell,False,2022-11-07T05:25:54.881190+00:00
805,5342080371,12.301,46.57,sell,False,2022-11-07T05:25:54.349463+00:00
806,5342080347,12.301,46.235,sell,False,2022-11-07T05:25:53.814381+00:00
807,5342080320,12.301,49.875,sell,False,2022-11-07T05:25:53.272200+00:00
808,5342080276,12.301,48.825,sell,False,2022-11-07T05:25:52.740034+00:00
809,5342080249,12.301,51.525,sell,False,2022-11-07T05:25:52.197561+00:00
810,5342080190,12.301,47.0,sell,False,2022-11-07T05:25:51.665985+00:00
811,5342080145,12.301,52.3,sell,False,2022-11-07T05:25:51.132730+00:00
812,5342080143,12.301,373.395,buy,False,2022-11-07T05:25:51.062790+00:00
813,5342080142,12.279,57.05,buy,False,2022-11-07T05:25:51.062790+00:00
814,5342078756,12.275,14.095,buy,False,2022-11-07T05:25:39.037779+00:00
815,5341572390,12.398,3.48,buy,False,2022-11-07T04:05:23.391076+00:00
816,5341572301,12.398,2.27,buy,False,2022-11-07T04:05:22.984161+00:00
817,5341572300,12.376,0.955,buy,False,2022-11-07T04:05:22.984161+00:00
818,5341570158,12.376,2.99,buy,False,2022-11-07T04:05:19.538926+00:00
819,5341570045,12.376,2.52,buy,False,2022-11-07T04:05:19.112221+00:00
820,5341570044,12.34,0.255,buy,False,2022-11-07T04:05:19.112221+00:00
821,5341569602,12.34,2.575,buy,False,2022-11-07T04:05:15.517652+00:00
822,5341569562,12.34,2.39,buy,False,2022-11-07T04:05:15.102364+00:00
823,5341568986,12.34,1.265,buy,False,2022-11-07T04:05:11.351587+00:00
824,5341568985,12.304,0.96,buy,False,2022-11-07T04:05:11.351587+00:00
825,5341568891,12.304,2.07,buy,False,2022-11-07T04:05:10.973336+00:00
826,5341457161,12.078,2.54,sell,False,2022-11-07T03:44:01.155636+00:00
827,5341457160,12.078,2.46,sell,False,2022-11-07T03:44:01.155636+00:00
828,5341443599,12.304,3.475,buy,False,2022-11-07T03:41:45.445058+00:00
829,5341443598,12.268,6.525,buy,False,2022-11-07T03:41:45.445058+00:00
830,5341426369,12.058,10.22,sell,False,2022-11-07T03:38:40.817668+00:00
831,5341380922,12.232,6.545,buy,False,2022-11-07T03:30:08.647249+00:00
832,5341363838,12.028,1.015,sell,False,2022-11-07T03:27:36.687267+00:00
833,5341363835,12.2,0.915,buy,False,2022-11-07T03:27:36.632191+00:00
834,5341363834,12.2,0.1,buy,False,2022-11-07T03:27:36.632191+00:00
835,5341319785,12.195,6.565,buy,False,2022-11-07T03:20:31.745573+00:00
836,5341319784,12.159,6.58,buy,False,2022-11-07T03:20:31.745573+00:00
837,5341310154,11.988,6.15,sell,False,2022-11-07T03:19:07.743106+00:00
838,5341310150,12.123,6.6,buy,False,2022-11-07T03:19:07.681926+00:00
839,5341305366,12.087,6.62,buy,False,2022-11-07T03:18:16.085569+00:00
840,5341303859,12.051,6.64,buy,False,2022-11-07T03:17:59.101028+00:00
841,5341303858,12.015,6.66,buy,False,2022-11-07T03:17:59.101028+00:00
842,5340601046,12.0,0.55,sell,False,2022-11-07T01:43:45.778743+00:00
843,5340600996,12.0,200.0,buy,False,2022-11-07T01:43:45.601005+00:00
844,5340600995,12.0,0.1,buy,False,2022-11-07T01:43:45.601005+00:00
845,5340600994,11.999,19.895,buy,False,2022-11-07T01:43:45.601005+00:00
846,5340600993,11.978,6.68,buy,False,2022-11-07T01:43:45.601005+00:00
847,5340599878,11.837,6.76,sell,False,2022-11-07T01:43:42.756735+00:00
848,5340589790,11.942,6.7,buy,False,2022-11-07T01:43:18.662353+00:00
849,5340589789,11.906,0.945,buy,False,2022-11-07T01:43:18.662353+00:00
850,5340589788,11.906,6.72,buy,False,2022-11-07T01:43:18.662353+00:00
851,5340584174,11.87,6.74,buy,False,2022-11-07T01:42:49.737054+00:00
852,5340584173,11.85,13.675,buy,False,2022-11-07T01:42:49.737054+00:00
853,5340584172,11.85,24.85,buy,False,2022-11-07T01:42:49.737054+00:00
854,5340577297,11.85,15.945,buy,False,2022-11-07T01:42:08.076118+00:00
855,5340383313,11.413,64.185,sell,False,2022-11-07T01:19:04.346699+00:00
856,5340367059,11.418,17.255,buy,False,2022-11-07T01:16:53.855930+00:00
857,5340367037,11.418,16.56,buy,False,2022-11-07T01:16:53.314298+00:00
858,5340367001,11.418,19.54,buy,False,2022-11-07T01:16:52.779871+00:00
859,5340366955,11.418,19.7,buy,False,2022-11-07T01:16:52.246735+00:00
860,5340366844,11.418,17.895,buy,False,2022-11-07T01:16:51.717067+00:00
861,5340366786,11.418,20.555,buy,False,2022-11-07T01:16:51.183379+00:00
862,5340366709,11.418,22.455,buy,False,2022-11-07T01:16:50.654591+00:00
863,5340366644,11.418,23.355,buy,False,2022-11-07T01:16:50.118460+00:00
864,5340366598,11.418,21.97,buy,False,2022-11-07T01:16:49.433271+00:00
865,5340366486,11.418,22.055,buy,False,2022-11-07T01:16:48.887753+00:00
866,5340366450,11.418,25.945,buy,False,2022-11-07T01:16:48.353305+00:00
867,5340366398,11.418,23.825,buy,False,2022-11-07T01:16:47.820778+00:00
868,5340366336,11.418,24.53,buy,False,2022-11-07T01:16:47.292583+00:00
869,5340366260,11.418,28.365,buy,False,2022-11-07T01:16:46.763656+00:00
870,5340366003,11.418,23.95,buy,False,2022-11-07T01:16:46.229742+00:00
871,5340365903,11.418,26.13,buy,False,2022-11-07T01:16:45.670883+00:00
872,5340365856,11.418,22.8,buy,False,2022-11-07T01:16:45.140218+00:00
873,5340365802,11.418,22.15,buy,False,2022-11-07T01:16:44.608744+00:00
874,5340365745,11.418,24.325,buy,False,2022-11-07T01:16:44.014258+00:00
875,5340365695,11.418,23.25,buy,False,2022-11-07T01:16:43.459620+00:00
876,5340365626,11.418,24.62,buy,False,2022-11-07T01:16:42.926382+00:00
877,5340365507,11.418,26.585,buy,False,2022-11-07T01:16:42.394657+00:00
878,5340365260,11.418,23.54,buy,False,2022-11-07T01:16:41.846748+00:00
879,5340365177,11.418,27.91,buy,False,2022-11-07T01:16:41.201941+00:00
880,5340364974,11.418,29.865,buy,False,2022-11-07T01:16:40.662385+00:00
881,5340364727,11.418,25.375,buy,False,2022-11-07T01:16:40.123642+00:00
882,5340364619,11.418,25.75,buy,False,2022-11-07T01:16:39.593843+00:00
883,5340364501,11.418,22.665,buy,False,2022-11-07T01:16:39.058029+00:00
884,5340364435,11.418,25.97,buy,False,2022-11-07T01:16:38.513285+00:00
885,5340364354,11.418,25.68,buy,False,2022-11-07T01:16:37.980971+00:00
886,5340364255,11.418,26.635,buy,False,2022-11-07T01:16:37.448041+00:00
887,5340364095,11.418,25.785,buy,False,2022-11-07T01:16:36.908757+00:00
888,5340363954,11.418,34.15,buy,False,2022-11-07T01:16:36.374177+00:00
889,5340363838,11.418,28.65,buy,False,2022-11-07T01:16:35.840759+00:00
890,5340363792,11.418,26.49,buy,False,2022-11-07T01:16:35.312761+00:00
891,5340363741,11.418,27.885,buy,False,2022-11-07T01:16:34.786910+00:00
892,5340363665,11.418,29.08,buy,False,2022-11-07T01:16:34.227849+00:00
893,5340363596,11.418,33.645,buy,False,2022-11-07T01:16:33.690569+00:00
894,5340363505,11.418,36.675,buy,False,2022-11-07T01:16:33.152142+00:00
895,5340363428,11.418,34.015,buy,False,2022-11-07T01:16:32.622391+00:00
896,5340363354,11.418,38.56,buy,False,2022-11-07T01:16:32.080688+00:00
897,5340363257,11.418,41.345,buy,False,2022-11-07T01:16:31.426796+00:00
898,5340363126,11.418,34.735,buy,False,2022-11-07T01:16:30.777927+00:00
899,5340363048,11.418,38.47,buy,False,2022-11-07T01:16:30.073717+00:00
900,5340362969,11.418,35.295,buy,False,2022-11-07T01:16:29.541159+00:00
901,5340362840,11.418,39.595,buy,False,2022-11-07T01:16:28.950343+00:00
902,5340362760,11.418,36.28,buy,False,2022-11-07T01:16:28.416510+00:00
903,5340362375,11.418,45.515,buy,False,2022-11-07T01:16:27.885637+00:00
904,5340362279,11.418,43.82,buy,False,2022-11-07T01:16:27.356989+00:00
905,5340362079,11.418,47.53,buy,False,2022-11-07T01:16:26.817919+00:00
906,5340361959,11.418,44.74,buy,False,2022-11-07T01:16:26.284662+00:00
907,5340361780,11.418,46.645,buy,False,2022-11-07T01:16:25.756151+00:00
908,5340361601,11.418,44.62,buy,False,2022-11-07T01:16:25.161109+00:00
909,5340361439,11.418,41.005,buy,False,2022-11-07T01:16:24.627850+00:00
910,5340361285,11.418,41.02,buy,False,2022-11-07T01:16:24.043867+00:00
911,5340361259,11.418,40.44,buy,False,2022-11-07T01:16:23.506200+00:00
912,5340361183,11.418,47.125,buy,False,2022-11-07T01:16:22.969981+00:00
913,5340361178,11.418,302.715,sell,False,2022-11-07T01:16:22.913322+00:00
914,5340360270,11.437,81.345,sell,False,2022-11-07T01:16:17.452243+00:00
915,5340358679,11.438,50.355,sell,False,2022-11-07T01:16:08.522109+00:00
916,5340358678,11.439,19.895,sell,False,2022-11-07T01:16:08.522109+00:00
917,5337743735,11.49,1.77,sell,False,2022-11-06T19:58:49.204743+00:00
918,5337710975,11.49,9.4,sell,False,2022-11-06T19:52:40.595727+00:00
919,5337708549,11.49,20.875,sell,False,2022-11-06T19:52:20.277600+00:00
920,5337703871,11.466,14.905,sell,False,2022-11-06T19:51:25.912905+00:00
921,5337703870,11.491,45.355,sell,False,2022-11-06T19:51:25.912905+00:00
922,5337698783,11.491,20.875,sell,False,2022-11-06T19:50:29.905575+00:00
923,5337229304,11.491,11.715,sell,False,2022-11-06T18:41:09.716569+00:00
924,5337092059,11.491,25.32,sell,False,2022-11-06T18:24:36.732606+00:00
925,5336718787,11.491,1.01,sell,False,2022-11-06T17:32:04.165122+00:00
926,5336475045,11.491,0.485,sell,False,2022-11-06T16:56:37.373996+00:00
927,5335679620,11.491,14.995,sell,False,2022-11-06T15:54:20.290083+00:00
928,5335137104,11.85,11.77,buy,False,2022-11-06T14:41:45.173599+00:00
929,5335137103,11.834,5.535,buy,False,2022-11-06T14:41:45.173599+00:00
930,5335137102,11.833,12.695,buy,False,2022-11-06T14:41:45.173599+00:00
931,5334177297,11.492,12.695,sell,False,2022-11-06T12:05:24.075635+00:00
932,5334099278,11.834,1.23,buy,False,2022-11-06T11:52:10.543947+00:00
933,5334099277,11.8,0.1,buy,False,2022-11-06T11:52:10.543947+00:00
934,5334099276,11.797,6.785,buy,False,2022-11-06T11:52:10.543947+00:00
935,5334099275,11.761,4.58,buy,False,2022-11-06T11:52:10.543947+00:00
936,5333537179,11.59,3.38,buy,False,2022-11-06T10:17:22.073323+00:00
937,5333415943,11.59,3.38,buy,False,2022-11-06T09:49:32.102458+00:00
938,5331799682,11.491,15.0,sell,False,2022-11-06T04:28:13.563391+00:00
939,5331493589,11.483,24.105,buy,False,2022-11-06T03:21:18.193822+00:00
940,5331493581,11.483,42.54,buy,False,2022-11-06T03:21:18.179703+00:00
941,5331493523,11.483,37.71,buy,False,2022-11-06T03:21:17.569760+00:00
942,5331493482,11.483,37.97,buy,False,2022-11-06T03:21:16.667593+00:00
943,5331493425,11.483,59.77,buy,False,2022-11-06T03:21:15.759082+00:00
944,5331493215,11.483,58.94,buy,False,2022-11-06T03:21:14.569377+00:00
945,5331493132,11.483,60.12,buy,False,2022-11-06T03:21:13.670659+00:00
946,5331493037,11.483,62.445,buy,False,2022-11-06T03:21:12.475919+00:00
947,5331492961,11.483,80.825,buy,False,2022-11-06T03:21:11.029302+00:00
948,5331492890,11.483,83.37,buy,False,2022-11-06T03:21:09.468354+00:00
949,5331492814,11.483,80.835,buy,False,2022-11-06T03:21:08.000202+00:00
950,5331492726,11.483,75.865,buy,False,2022-11-06T03:21:06.760759+00:00
951,5331492635,11.483,84.335,buy,False,2022-11-06T03:21:05.974172+00:00
952,5331492599,11.483,76.51,buy,False,2022-11-06T03:21:05.446777+00:00
953,5331492562,11.483,79.895,buy,False,2022-11-06T03:21:04.912386+00:00
954,5331492521,11.483,73.63,buy,False,2022-11-06T03:21:04.379178+00:00
955,5331492498,11.483,83.065,buy,False,2022-11-06T03:21:03.822537+00:00
956,5331492454,11.483,84.34,buy,False,2022-11-06T03:21:03.291064+00:00
957,5331492427,11.483,87.75,buy,False,2022-11-06T03:21:02.756602+00:00
958,5331492396,11.483,77.075,buy,False,2022-11-06T03:21:02.223097+00:00
959,5331492377,11.483,80.255,buy,False,2022-11-06T03:21:01.696604+00:00
960,5331492373,11.483,249.32,sell,False,2022-11-06T03:21:01.607860+00:00
961,5331492372,11.511,61.035,sell,False,2022-11-06T03:21:01.607860+00:00
962,5330778663,11.511,5.0,sell,False,2022-11-06T01:31:55.215213+00:00
963,5326953999,11.59,0.4,buy,False,2022-11-05T16:06:08.539140+00:00
964,5326759752,11.59,9.06,buy,False,2022-11-05T15:45:17.696756+00:00
965,5326333659,11.51,7.05,buy,False,2022-11-05T15:07:42.594058+00:00
966,5326333566,11.51,8.415,buy,False,2022-11-05T15:07:42.040853+00:00
967,5326333499,11.51,7.595,buy,False,2022-11-05T15:07:41.504907+00:00
968,5326333444,11.51,7.61,buy,False,2022-11-05T15:07:40.975121+00:00
969,5326333419,11.51,8.245,buy,False,2022-11-05T15:07:40.446808+00:00
970,5326333380,11.51,7.805,buy,False,2022-11-05T15:07:39.904021+00:00
971,5326333341,11.51,7.665,buy,False,2022-11-05T15:07:39.303785+00:00
972,5326333330,11.51,8.48,buy,False,2022-11-05T15:07:38.759694+00:00
973,5326333302,11.51,8.37,buy,False,2022-11-05T15:07:38.212648+00:00
974,5326333289,11.51,7.55,buy,False,2022-11-05T15:07:37.681558+00:00
975,5326333258,11.51,8.545,buy,False,2022-11-05T15:07:37.147455+00:00
976,5326333220,11.51,7.995,buy,False,2022-11-05T15:07:36.613387+00:00
977,5326333183,11.51,8.4,buy,False,2022-11-05T15:07:36.060327+00:00
978,5326333120,11.51,8.42,buy,False,2022-11-05T15:07:35.519122+00:00
979,5326333083,11.51,8.745,buy,False,2022-11-05T15:07:34.980257+00:00
980,5326333057,11.51,7.51,buy,False,2022-11-05T15:07:34.440210+00:00
981,5326333004,11.51,8.43,buy,False,2022-11-05T15:07:33.908360+00:00
982,5326332928,11.51,8.42,buy,False,2022-11-05T15:07:33.371651+00:00
983,5326332874,11.51,7.805,buy,False,2022-11-05T15:07:32.738049+00:00
984,5326332837,11.51,8.525,buy,False,2022-11-05T15:07:32.071330+00:00
985,5326332795,11.51,8.74,buy,False,2022-11-05T15:07:31.504521+00:00
986,5326332766,11.51,8.915,buy,False,2022-11-05T15:07:30.962737+00:00
987,5326332680,11.51,9.27,buy,False,2022-11-05T15:07:30.425004+00:00
988,5326332649,11.51,9.46,buy,False,2022-11-05T15:07:29.884582+00:00
989,5326332577,11.51,9.03,buy,False,2022-11-05T15:07:29.343136+00:00
990,5326332560,11.51,8.125,buy,False,2022-11-05T15:07:28.798688+00:00
991,5326332538,11.51,8.345,buy,False,2022-11-05T15:07:28.263257+00:00
992,5326332509,11.51,9.09,buy,False,2022-11-05T15:07:27.730937+00:00
993,5326332440,11.51,9.475,buy,False,2022-11-05T15:07:27.192985+00:00
994,5326332417,11.51,10.075,buy,False,2022-11-05T15:07:26.661161+00:00
995,5326332371,11.51,9.61,buy,False,2022-11-05T15:07:26.131745+00:00
996,5326332338,11.51,10.245,buy,False,2022-11-05T15:07:25.591976+00:00
997,5326332302,11.51,9.72,buy,False,2022-11-05T15:07:25.052859+00:00
998,5326332259,11.51,9.89,buy,False,2022-11-05T15:07:24.508145+00:00
999,5326331886,11.51,10.735,buy,False,2022-11-05T15:07:23.877634+00:00
1000,5326331841,11.51,10.23,buy,False,2022-11-05T15:07:23.341827+00:00
1001,5326331799,11.51,9.86,buy,False,2022-11-05T15:07:22.796201+00:00
1002,5326331784,11.51,10.25,buy,False,2022-11-05T15:07:22.261512+00:00
1003,5326331730,11.51,11.11,buy,False,2022-11-05T15:07:21.733179+00:00
1004,5326331677,11.51,10.35,buy,False,2022-11-05T15:07:21.197393+00:00
1005,5326331646,11.51,10.98,buy,False,2022-11-05T15:07:20.665283+00:00
1006,5326331621,11.51,10.68,buy,False,2022-11-05T15:07:20.126712+00:00
1007,5326331601,11.51,10.67,buy,False,2022-11-05T15:07:19.595051+00:00
1008,5326331569,11.51,10.79,buy,False,2022-11-05T15:07:19.066779+00:00
1009,5326331542,11.51,9.94,buy,False,2022-11-05T15:07:18.513051+00:00
1010,5326331484,11.51,11.68,buy,False,2022-11-05T15:07:17.983260+00:00
1011,5326331466,11.51,10.435,buy,False,2022-11-05T15:07:17.454893+00:00
1012,5326331437,11.51,11.135,buy,False,2022-11-05T15:07:16.918706+00:00
1013,5326331371,11.51,11.205,buy,False,2022-11-05T15:07:16.381832+00:00
1014,5326331329,11.51,11.555,buy,False,2022-11-05T15:07:15.751004+00:00
1015,5326331291,11.51,10.635,buy,False,2022-11-05T15:07:15.212969+00:00
1016,5326331223,11.51,10.38,buy,False,2022-11-05T15:07:14.656610+00:00
1017,5326331188,11.51,12.305,buy,False,2022-11-05T15:07:14.124478+00:00
1018,5326331153,11.51,11.35,buy,False,2022-11-05T15:07:13.592969+00:00
1019,5326331100,11.51,11.97,buy,False,2022-11-05T15:07:12.846159+00:00
1020,5326331042,11.51,12.73,buy,False,2022-11-05T15:07:12.318555+00:00
1021,5326331000,11.51,12.865,buy,False,2022-11-05T15:07:11.927213+00:00
1022,5326330959,11.51,13.225,buy,False,2022-11-05T15:07:11.385144+00:00
1023,5326330854,11.51,13.405,buy,False,2022-11-05T15:07:10.848000+00:00
1024,5326330813,11.51,13.39,buy,False,2022-11-05T15:07:10.317026+00:00
1025,5326330787,11.51,11.925,buy,False,2022-11-05T15:07:09.786648+00:00
1026,5326330696,11.51,13.65,buy,False,2022-11-05T15:07:09.197036+00:00
1027,5326330636,11.51,13.86,buy,False,2022-11-05T15:07:08.665220+00:00
1028,5326330531,11.51,13.435,buy,False,2022-11-05T15:07:08.131693+00:00
1029,5326330478,11.51,13.755,buy,False,2022-11-05T15:07:07.495104+00:00
1030,5326330330,11.51,12.925,buy,False,2022-11-05T15:07:06.961440+00:00
1031,5326330231,11.51,13.955,buy,False,2022-11-05T15:07:06.432525+00:00
1032,5326330187,11.51,14.445,buy,False,2022-11-05T15:07:05.901762+00:00
1033,5326330127,11.51,12.5,buy,False,2022-11-05T15:07:05.350959+00:00
1034,5326330080,11.51,13.56,buy,False,2022-11-05T15:07:04.795164+00:00
1035,5326330039,11.51,13.39,buy,False,2022-11-05T15:07:04.243030+00:00
1036,5326329996,11.51,15.12,buy,False,2022-11-05T15:07:03.705678+00:00
1037,5326329925,11.51,15.13,buy,False,2022-11-05T15:07:03.161339+00:00
1038,5326329894,11.51,14.395,buy,False,2022-11-05T15:07:02.631123+00:00
1039,5326329843,11.51,14.61,buy,False,2022-11-05T15:07:02.100022+00:00
1040,5326329825,11.51,12.705,buy,False,2022-11-05T15:07:01.561358+00:00
1041,5326329786,11.51,13.43,buy,False,2022-11-05T15:07:01.018764+00:00
1042,5326329727,11.51,14.95,buy,False,2022-11-05T15:07:00.487641+00:00
1043,5326329660,11.51,13.925,buy,False,2022-11-05T15:06:59.954858+00:00
1044,5326329629,11.51,12.95,buy,False,2022-11-05T15:06:59.421782+00:00
1045,5326329559,11.51,13.17,buy,False,2022-11-05T15:06:58.884161+00:00
1046,5326329491,11.51,14.59,buy,False,2022-11-05T15:06:58.343853+00:00
1047,5326329242,11.51,15.29,buy,False,2022-11-05T15:06:57.817965+00:00
1048,5326329185,11.51,13.9,buy,False,2022-11-05T15:06:57.289373+00:00
1049,5326329130,11.51,13.63,buy,False,2022-11-05T15:06:56.680366+00:00
1050,5326329090,11.51,13.935,buy,False,2022-11-05T15:06:56.146348+00:00
1051,5326329002,11.51,14.995,buy,False,2022-11-05T15:06:55.618720+00:00
1052,5326328943,11.51,13.22,buy,False,2022-11-05T15:06:54.940915+00:00
1053,5326328941,11.519,46.865,sell,False,2022-11-05T15:06:54.881944+00:00
1054,5326326706,11.52,8.59,buy,False,2022-11-05T15:06:35.035122+00:00
1055,5326326226,11.52,7.095,buy,False,2022-11-05T15:06:34.502124+00:00
1056,5326326097,11.52,7.88,buy,False,2022-11-05T15:06:33.964570+00:00
1057,5326326062,11.52,7.52,buy,False,2022-11-05T15:06:33.429706+00:00
1058,5326326035,11.52,7.88,buy,False,2022-11-05T15:06:32.896628+00:00
1059,5326325966,11.52,7.065,buy,False,2022-11-05T15:06:32.365163+00:00
1060,5326325925,11.52,7.58,buy,False,2022-11-05T15:06:31.684384+00:00
1061,5326325904,11.52,8.14,buy,False,2022-11-05T15:06:31.146345+00:00
1062,5326325842,11.52,7.5,buy,False,2022-11-05T15:06:30.610273+00:00
1063,5326325765,11.52,8.06,buy,False,2022-11-05T15:06:30.067024+00:00
1064,5326325732,11.52,7.65,buy,False,2022-11-05T15:06:29.535273+00:00
1065,5326325678,11.52,8.26,buy,False,2022-11-05T15:06:29.006431+00:00
1066,5326325649,11.52,7.85,buy,False,2022-11-05T15:06:28.467011+00:00
1067,5326325611,11.52,8.885,buy,False,2022-11-05T15:06:27.933740+00:00
1068,5326325570,11.52,7.715,buy,False,2022-11-05T15:06:27.397685+00:00
1069,5326325540,11.52,7.535,buy,False,2022-11-05T15:06:26.853869+00:00
1070,5326325482,11.52,7.905,buy,False,2022-11-05T15:06:26.317269+00:00
1071,5326325420,11.52,9.025,buy,False,2022-11-05T15:06:25.786266+00:00
1072,5326325359,11.52,9.22,buy,False,2022-11-05T15:06:25.259341+00:00
1073,5326325251,11.52,7.75,buy,False,2022-11-05T15:06:24.728013+00:00
1074,5326325182,11.52,7.92,buy,False,2022-11-05T15:06:24.198389+00:00
1075,5326325079,11.52,8.94,buy,False,2022-11-05T15:06:23.666718+00:00
1076,5326325052,11.52,9.405,buy,False,2022-11-05T15:06:23.138724+00:00
1077,5326324982,11.52,9.23,buy,False,2022-11-05T15:06:22.595510+00:00
1078,5326324935,11.52,9.0,buy,False,2022-11-05T15:06:22.068672+00:00
1079,5326324844,11.52,9.035,buy,False,2022-11-05T15:06:21.536773+00:00
1080,5326324804,11.52,8.645,buy,False,2022-11-05T15:06:21.006460+00:00
1081,5326324753,11.52,9.935,buy,False,2022-11-05T15:06:20.476587+00:00
1082,5326324731,11.52,9.615,buy,False,2022-11-05T15:06:19.946843+00:00
1083,5326324712,11.52,9.68,buy,False,2022-11-05T15:06:19.402269+00:00
1084,5326324642,11.52,9.99,buy,False,2022-11-05T15:06:18.869679+00:00
1085,5326324629,11.52,10.005,buy,False,2022-11-05T15:06:18.340387+00:00
1086,5326324604,11.52,9.97,buy,False,2022-11-05T15:06:17.809896+00:00
1087,5326324581,11.52,11.185,buy,False,2022-11-05T15:06:17.280769+00:00
1088,5326324506,11.52,10.89,buy,False,2022-11-05T15:06:16.682871+00:00
1089,5326324476,11.52,11.695,buy,False,2022-11-05T15:06:16.143777+00:00
1090,5326324450,11.52,10.805,buy,False,2022-11-05T15:06:15.598301+00:00
1091,5326324396,11.52,13.06,buy,False,2022-11-05T15:06:15.065919+00:00
1092,5326324372,11.52,13.625,buy,False,2022-11-05T15:06:14.537078+00:00
1093,5326324340,11.52,11.76,buy,False,2022-11-05T15:06:14.006713+00:00
1094,5326324315,11.52,13.055,buy,False,2022-11-05T15:06:13.472738+00:00
1095,5326324270,11.52,15.02,buy,False,2022-11-05T15:06:12.886367+00:00
1096,5326324245,11.52,14.855,buy,False,2022-11-05T15:06:12.344706+00:00
1097,5326324211,11.52,16.205,buy,False,2022-11-05T15:06:11.745619+00:00
1098,5326324189,11.52,17.345,buy,False,2022-11-05T15:06:11.205067+00:00
1099,5326324150,11.52,17.93,buy,False,2022-11-05T15:06:10.660694+00:00
1100,5326324135,11.52,15.83,buy,False,2022-11-05T15:06:10.131302+00:00
1101,5326324090,11.52,17.43,buy,False,2022-11-05T15:06:09.597246+00:00
1102,5326324066,11.52,16.995,buy,False,2022-11-05T15:06:09.065275+00:00
1103,5326324011,11.52,16.555,buy,False,2022-11-05T15:06:08.468839+00:00
1104,5326323960,11.52,18.735,buy,False,2022-11-05T15:06:07.919757+00:00
1105,5326323914,11.52,16.55,buy,False,2022-11-05T15:06:07.387691+00:00
1106,5326323881,11.52,18.905,buy,False,2022-11-05T15:06:06.856747+00:00
1107,5326323855,11.52,17.435,buy,False,2022-11-05T15:06:06.327775+00:00
1108,5326323824,11.52,19.275,buy,False,2022-11-05T15:06:05.794648+00:00
1109,5326323777,11.52,18.94,buy,False,2022-11-05T15:06:05.261192+00:00
1110,5326323745,11.52,18.075,buy,False,2022-11-05T15:06:04.722267+00:00
1111,5326323715,11.52,19.925,buy,False,2022-11-05T15:06:04.189171+00:00
1112,5326323678,11.52,18.92,buy,False,2022-11-05T15:06:03.655658+00:00
1113,5326323620,11.52,19.295,buy,False,2022-11-05T15:06:03.116727+00:00
1114,5326323550,11.52,21.045,buy,False,2022-11-05T15:06:02.581311+00:00
1115,5326323458,11.52,19.815,buy,False,2022-11-05T15:06:02.045802+00:00
1116,5326323434,11.52,20.255,buy,False,2022-11-05T15:06:01.512959+00:00
1117,5326323393,11.52,22.35,buy,False,2022-11-05T15:06:00.982128+00:00
1118,5326323309,11.52,20.895,buy,False,2022-11-05T15:06:00.447992+00:00
1119,5326323223,11.52,21.53,buy,False,2022-11-05T15:05:59.914355+00:00
1120,5326323197,11.52,25.475,buy,False,2022-11-05T15:05:59.375735+00:00
1121,5326323160,11.52,25.25,buy,False,2022-11-05T15:05:58.844603+00:00
1122,5326323128,11.52,24.63,buy,False,2022-11-05T15:05:58.311138+00:00
1123,5326323072,11.52,23.14,buy,False,2022-11-05T15:05:57.680469+00:00
1124,5326323030,11.52,24.335,buy,False,2022-11-05T15:05:57.148716+00:00
1125,5326323005,11.52,27.85,buy,False,2022-11-05T15:05:56.610113+00:00
1126,5326322958,11.52,24.755,buy,False,2022-11-05T15:05:56.078882+00:00
1127,5326322925,11.52,23.865,buy,False,2022-11-05T15:05:55.512334+00:00
1128,5326322900,11.52,27.91,buy,False,2022-11-05T15:05:54.979806+00:00
1129,5326322849,11.52,25.065,buy,False,2022-11-05T15:05:54.443803+00:00
1130,5326322831,11.52,25.38,buy,False,2022-11-05T15:05:53.913922+00:00
1131,5326322780,11.52,27.875,buy,False,2022-11-05T15:05:53.376020+00:00
1132,5326322748,11.52,28.175,buy,False,2022-11-05T15:05:52.839789+00:00
1133,5326322702,11.52,27.995,buy,False,2022-11-05T15:05:52.187265+00:00
1134,5326322674,11.52,27.065,buy,False,2022-11-05T15:05:51.636280+00:00
1135,5326322629,11.52,28.315,buy,False,2022-11-05T15:05:51.104056+00:00
1136,5326322599,11.52,24.015,buy,False,2022-11-05T15:05:50.551389+00:00
1137,5326322575,11.52,24.115,buy,False,2022-11-05T15:05:50.003703+00:00
1138,5326322554,11.52,28.655,buy,False,2022-11-05T15:05:49.461336+00:00
1139,5326322513,11.52,28.565,buy,False,2022-11-05T15:05:48.931116+00:00
1140,5326322483,11.52,25.945,buy,False,2022-11-05T15:05:48.387519+00:00
1141,5326322412,11.52,28.795,buy,False,2022-11-05T15:05:47.854800+00:00
1142,5326322376,11.535,67.495,sell,False,2022-11-05T15:05:47.768608+00:00
1143,5326321385,11.536,52.87,sell,False,2022-11-05T15:05:38.140133+00:00
1144,5323840895,11.627,9.15,sell,False,2022-11-05T08:27:29.596464+00:00
1145,5323840892,11.627,0.305,sell,False,2022-11-05T08:27:29.544150+00:00
1146,5323840891,11.627,0.945,sell,False,2022-11-05T08:27:29.544150+00:00
1147,5323564749,11.65,10.0,sell,False,2022-11-05T07:52:32.568627+00:00
1148,5323563640,11.761,2.225,buy,False,2022-11-05T07:52:15.712313+00:00
1149,5323563639,11.725,0.95,buy,False,2022-11-05T07:52:15.712313+00:00
1150,5323563638,11.725,6.825,buy,False,2022-11-05T07:52:15.712313+00:00
1151,5318941465,11.531,58.29,sell,False,2022-11-04T20:31:45.556434+00:00
1152,5318933294,11.546,63.0,sell,False,2022-11-04T20:30:39.238467+00:00
1153,5318893061,11.617,65.31,sell,False,2022-11-04T20:25:13.097904+00:00
1154,5318815760,11.642,45.38,sell,False,2022-11-04T20:14:32.339552+00:00
1155,5318727423,11.708,2.0,sell,False,2022-11-04T20:03:08.885492+00:00
1156,5318727422,11.708,74.85,sell,False,2022-11-04T20:03:08.868393+00:00
1157,5318708899,11.689,6.845,buy,False,2022-11-04T20:01:18.222973+00:00
1158,5318698247,11.639,0.87,sell,False,2022-11-04T20:00:15.721447+00:00
1159,5318686283,11.653,6.87,buy,False,2022-11-04T19:59:32.040029+00:00
1160,5318655877,11.616,6.89,buy,False,2022-11-04T19:55:29.936591+00:00
1161,5318654914,11.6,0.1,buy,False,2022-11-04T19:55:25.029681+00:00
1162,5318645162,11.58,6.91,buy,False,2022-11-04T19:53:45.080020+00:00
1163,5318568475,11.544,0.775,buy,False,2022-11-04T19:44:23.913767+00:00
1164,5318568474,11.544,4.15,buy,False,2022-11-04T19:44:23.913767+00:00
1165,5317782352,11.321,218.995,buy,False,2022-11-04T18:03:55.042829+00:00
1166,5316837889,11.544,0.87,buy,False,2022-11-04T16:09:53.369554+00:00
1167,5316825900,11.423,0.98,buy,False,2022-11-04T16:09:16.628599+00:00
1168,5316769834,11.343,3.35,buy,False,2022-11-04T16:06:31.258978+00:00
1169,5316541642,11.214,0.98,sell,False,2022-11-04T15:53:39.713407+00:00
1170,5316247303,11.5,0.86,sell,False,2022-11-04T15:31:29.931663+00:00
1171,5316144201,11.544,0.915,buy,False,2022-11-04T15:22:33.265427+00:00
1172,5316142249,11.544,1.0,buy,False,2022-11-04T15:22:21.194497+00:00
1173,5315690098,11.508,6.955,buy,False,2022-11-04T14:44:02.798654+00:00
1174,5315688866,11.472,6.975,buy,False,2022-11-04T14:43:58.395927+00:00
1175,5315671351,11.436,7.0,buy,False,2022-11-04T14:42:41.645346+00:00
1176,5315532870,11.399,0.975,buy,False,2022-11-04T14:33:11.156456+00:00
1177,5315525172,11.4,0.1,buy,False,2022-11-04T14:32:39.662536+00:00
1178,5315525171,11.399,7.02,buy,False,2022-11-04T14:32:39.662536+00:00
1179,5315516614,11.363,7.045,buy,False,2022-11-04T14:32:07.272736+00:00
1180,5315502043,11.327,7.065,buy,False,2022-11-04T14:31:22.463985+00:00
1181,5315453938,11.22,0.915,sell,False,2022-11-04T14:28:41.029639+00:00
1182,5315451596,11.291,7.06,buy,False,2022-11-04T14:28:31.642825+00:00
1183,5315382468,11.147,8.0,sell,False,2022-11-04T14:24:58.845741+00:00
1184,5314835758,11.052,1.01,buy,False,2022-11-04T13:50:15.399666+00:00
1185,5314761460,10.857,1.01,sell,False,2022-11-04T13:44:17.115327+00:00
1186,5314731396,11.032,1.015,buy,False,2022-11-04T13:41:28.891634+00:00
1187,5314601733,11.011,19.825,buy,False,2022-11-04T13:30:25.029819+00:00
1188,5313310256,10.871,0.455,buy,False,2022-11-04T12:07:18.889176+00:00
1189,5313003357,10.837,1.015,sell,False,2022-11-04T11:29:41.660966+00:00
1190,5312750196,10.838,20.28,sell,False,2022-11-04T11:01:05.836925+00:00
1191,5312511472,10.937,1.04,sell,False,2022-11-04T10:31:22.110970+00:00
1192,5312077568,10.877,8.0,sell,False,2022-11-04T09:28:19.275463+00:00
1193,5311868132,11.001,3.865,buy,False,2022-11-04T09:06:23.054670+00:00
1194,5311613819,10.937,6.945,sell,False,2022-11-04T08:35:04.636555+00:00
1195,5311354284,11.031,66.505,buy,False,2022-11-04T08:05:55.492562+00:00
1196,5311354283,11.031,14.88,buy,False,2022-11-04T08:05:55.492562+00:00
1197,5311300492,11.116,283.0,buy,False,2022-11-04T08:00:38.801861+00:00
1198,5311299885,11.054,21.5,buy,False,2022-11-04T08:00:36.563462+00:00
1199,5311298801,11.016,66.175,buy,False,2022-11-04T08:00:31.762086+00:00
1200,5311298754,11.016,84.0,buy,False,2022-11-04T08:00:31.570546+00:00
1201,5311298665,11.016,75.0,buy,False,2022-11-04T08:00:31.381189+00:00
1202,5311298606,11.016,50.0,buy,False,2022-11-04T08:00:31.114508+00:00
1203,5311298571,11.016,100.0,buy,False,2022-11-04T08:00:30.876683+00:00
1204,5311291374,11.144,2.0,buy,False,2022-11-04T08:00:01.287641+00:00
1205,5311291373,11.144,10.48,buy,False,2022-11-04T08:00:01.287641+00:00
1206,5311159631,11.144,8.0,buy,False,2022-11-04T07:40:57.485749+00:00
1207,5311159616,11.144,2.0,buy,False,2022-11-04T07:40:57.390899+00:00
1208,5310407011,11.149,5.0,buy,False,2022-11-04T06:11:57.200482+00:00
1209,5310269476,10.868,12.15,sell,False,2022-11-04T05:59:33.112764+00:00
1210,5310269475,10.868,7.85,sell,False,2022-11-04T05:59:33.112764+00:00
1211,5310171641,11.291,0.03,buy,False,2022-11-04T05:50:10.627377+00:00
1212,5310171640,11.255,6.07,buy,False,2022-11-04T05:50:10.627377+00:00
1213,5310135638,11.028,5.165,sell,False,2022-11-04T05:47:18.431973+00:00
1214,5310126122,11.028,6.865,sell,False,2022-11-04T05:46:25.124892+00:00
1215,5310024310,11.037,111.11,sell,False,2022-11-04T05:36:09.548505+00:00
1216,5309961717,11.255,1.04,buy,False,2022-11-04T05:26:37.232977+00:00
1217,5309915699,11.218,7.135,buy,False,2022-11-04T05:19:26.833018+00:00
1218,5309915698,11.2,0.1,buy,False,2022-11-04T05:19:26.833018+00:00
1219,5309915697,11.182,7.155,buy,False,2022-11-04T05:19:26.833018+00:00
1220,5309915696,11.146,1.01,buy,False,2022-11-04T05:19:26.833018+00:00
1221,5309915695,11.146,7.18,buy,False,2022-11-04T05:19:26.833018+00:00
1222,5309905763,11.087,73.0,sell,False,2022-11-04T05:17:52.247468+00:00
1223,5309860603,11.11,7.205,buy,False,2022-11-04T05:10:27.271990+00:00
1224,5309860602,11.1,25.57,buy,False,2022-11-04T05:10:27.271990+00:00
1225,5309860601,11.074,7.225,buy,False,2022-11-04T05:10:27.271990+00:00
1226,5309860600,11.038,7.25,buy,False,2022-11-04T05:10:27.271990+00:00
1227,5309848640,11.001,7.275,buy,False,2022-11-04T05:08:36.488297+00:00
1228,5309848639,11.0,0.1,buy,False,2022-11-04T05:08:36.488297+00:00
1229,5309848638,10.965,7.3,buy,False,2022-11-04T05:08:36.488297+00:00
1230,5309848637,10.929,7.32,buy,False,2022-11-04T05:08:36.488297+00:00
1231,5309387006,10.9,0.5,buy,False,2022-11-04T04:05:41.679382+00:00
1232,5309386987,10.9,0.5,buy,False,2022-11-04T04:05:41.453169+00:00
1233,5309386972,10.9,0.5,buy,False,2022-11-04T04:05:41.235152+00:00
1234,5309172717,10.9,635.0,buy,False,2022-11-04T03:39:08.857622+00:00
1235,5309172710,10.9,1227.895,buy,False,2022-11-04T03:39:08.647918+00:00
1236,5309172709,10.899,19.995,buy,False,2022-11-04T03:39:08.647918+00:00
1237,5309172708,10.893,7.345,buy,False,2022-11-04T03:39:08.647918+00:00
1238,5309172707,10.857,7.37,buy,False,2022-11-04T03:39:08.647918+00:00
1239,5309172706,10.82,7.395,buy,False,2022-11-04T03:39:08.647918+00:00
1240,5309158558,10.8,0.1,buy,False,2022-11-04T03:37:15.723037+00:00
1241,5309158557,10.784,7.42,buy,False,2022-11-04T03:37:15.723037+00:00
1242,5309098319,10.748,7.445,buy,False,2022-11-04T03:30:11.547458+00:00
1243,5309090322,10.712,7.625,buy,False,2022-11-04T03:29:16.696761+00:00
1244,5309090321,10.712,7.47,buy,False,2022-11-04T03:29:16.696761+00:00
1245,5309090320,10.698,1.155,buy,False,2022-11-04T03:29:16.696761+00:00
1246,5309076403,10.676,7.495,buy,False,2022-11-04T03:27:34.209435+00:00
1247,5309076402,10.639,7.52,buy,False,2022-11-04T03:27:34.209435+00:00
1248,5309032677,10.603,7.55,buy,False,2022-11-04T03:21:49.685867+00:00
1249,5308984372,9.833,66.835,sell,False,2022-11-04T03:15:58.509818+00:00
1250,5308984371,9.866,339.865,sell,False,2022-11-04T03:15:58.509818+00:00
1251,5308984370,9.885,85.305,sell,False,2022-11-04T03:15:58.509818+00:00
1252,5308984369,9.886,19.995,sell,False,2022-11-04T03:15:58.509818+00:00
1253,5308979775,10.6,3003.35,buy,False,2022-11-04T03:15:19.649988+00:00
1254,5308979774,10.599,18.65,buy,False,2022-11-04T03:15:19.649988+00:00
1255,5308615818,9.833,189.875,sell,False,2022-11-04T02:18:01.606643+00:00
1256,5308615817,9.868,345.63,sell,False,2022-11-04T02:18:01.606643+00:00
1257,5308615816,9.893,80.54,sell,False,2022-11-04T02:18:01.606643+00:00
1258,5308615815,9.894,18.65,sell,False,2022-11-04T02:18:01.606643+00:00
1259,5308615798,10.6,635.0,buy,False,2022-11-04T02:18:01.411610+00:00
1260,5308615777,10.6,1269.9,buy,False,2022-11-04T02:18:01.214158+00:00
1261,5308615776,10.6,0.1,buy,False,2022-11-04T02:18:01.214158+00:00
1262,5308554107,10.567,7.575,buy,False,2022-11-04T02:10:18.139372+00:00
1263,5308554106,10.531,7.6,buy,False,2022-11-04T02:10:18.139372+00:00
1264,5308519197,10.495,7.625,buy,False,2022-11-04T02:06:00.783752+00:00
1265,5308511162,10.459,7.65,buy,False,2022-11-04T02:04:47.795882+00:00
1266,5308511161,10.422,7.68,buy,False,2022-11-04T02:04:47.795882+00:00
1267,5308464253,10.386,7.705,buy,False,2022-11-04T01:57:29.964989+00:00
1268,5308443917,10.35,7.73,buy,False,2022-11-04T01:54:27.447518+00:00
1269,5308443916,10.314,7.76,buy,False,2022-11-04T01:54:27.447518+00:00
1270,5308432698,10.278,7.785,buy,False,2022-11-04T01:52:52.443717+00:00
1271,5308432697,10.241,7.815,buy,False,2022-11-04T01:52:52.443717+00:00
1272,5308398903,10.205,1.095,buy,False,2022-11-04T01:47:32.926095+00:00
1273,5308398902,10.205,7.84,buy,False,2022-11-04T01:47:32.926095+00:00
1274,5308376178,10.169,3.0,buy,False,2022-11-04T01:44:28.902715+00:00
1275,5308298166,9.966,2.205,buy,False,2022-11-04T01:35:37.591939+00:00
1276,5306265607,9.955,586.745,sell,False,2022-11-03T21:12:36.098936+00:00
1277,5306212707,9.955,788.0,sell,False,2022-11-03T21:02:15.934856+00:00
1278,5306202668,9.945,1627.0,sell,False,2022-11-03T21:00:17.668142+00:00
1279,5306193367,9.94,2.0,sell,False,2022-11-03T20:58:42.815012+00:00
1280,5306166800,9.94,600.0,sell,False,2022-11-03T20:54:57.172584+00:00
1281,5306069456,9.92,3177.065,sell,False,2022-11-03T20:37:29.791876+00:00
1282,5304558865,9.882,1.55,sell,False,2022-11-03T16:25:42.404356+00:00
1283,5304469209,10.08,1.0,sell,False,2022-11-03T16:12:09.397125+00:00
1284,5304353330,10.062,28.175,buy,False,2022-11-03T15:57:27.976027+00:00
1285,5304062323,10.0,10.0,sell,False,2022-11-03T15:14:20.887854+00:00
1286,5303999216,10.023,3.025,sell,False,2022-11-03T15:06:11.408041+00:00
1287,5303994280,10.169,289.48,buy,False,2022-11-03T15:05:36.248618+00:00
1288,5303994279,10.169,7.87,buy,False,2022-11-03T15:05:36.248618+00:00
1289,5303987824,10.133,294.225,buy,False,2022-11-03T15:04:55.749848+00:00
1290,5303987823,10.133,7.895,buy,False,2022-11-03T15:04:55.749848+00:00
1291,5303971332,10.097,6.375,buy,False,2022-11-03T15:03:14.306540+00:00
1292,5303947020,10.097,1.55,buy,False,2022-11-03T15:00:11.759954+00:00
1293,5303944013,10.06,7.955,buy,False,2022-11-03T14:59:52.370018+00:00
1294,5303940477,9.894,265.135,sell,False,2022-11-03T14:59:18.321110+00:00
1295,5303940476,9.959,3375.21,sell,False,2022-11-03T14:59:18.321110+00:00
1296,5303940475,9.986,49.945,sell,False,2022-11-03T14:59:18.321110+00:00
1297,5303940474,9.987,3095.97,sell,False,2022-11-03T14:59:18.321110+00:00
1298,5303940180,10.024,7.985,buy,False,2022-11-03T14:59:16.989795+00:00
1299,5303924210,9.988,8.01,buy,False,2022-11-03T14:57:20.611427+00:00
1300,5303918419,9.952,8.04,buy,False,2022-11-03T14:56:44.260514+00:00
1301,5303913503,9.912,1.14,buy,False,2022-11-03T14:56:07.134737+00:00
1302,5303860866,9.916,8.07,buy,False,2022-11-03T14:50:00.604395+00:00
1303,5303858062,9.88,8.1,buy,False,2022-11-03T14:49:36.251499+00:00
1304,5303848986,9.843,8.13,buy,False,2022-11-03T14:48:32.148861+00:00
1305,5303841637,9.807,8.16,buy,False,2022-11-03T14:47:46.719592+00:00
1306,5303817755,9.771,8.19,buy,False,2022-11-03T14:45:07.545667+00:00
1307,5303796952,9.735,8.22,buy,False,2022-11-03T14:42:28.799910+00:00
1308,5303787704,9.661,2.09,sell,False,2022-11-03T14:41:33.341640+00:00
1309,5303775647,9.699,8.25,buy,False,2022-11-03T14:40:13.589460+00:00
1310,5303766012,9.662,8.28,buy,False,2022-11-03T14:38:38.969983+00:00
1311,5303726625,9.626,1.165,buy,False,2022-11-03T14:33:10.997019+00:00
1312,5303726624,9.626,8.315,buy,False,2022-11-03T14:33:10.997019+00:00
1313,5303657746,9.59,8.345,buy,False,2022-11-03T14:25:34.303940+00:00
1314,5303650980,9.554,8.375,buy,False,2022-11-03T14:25:07.530627+00:00
1315,5303487165,9.412,20.0,buy,False,2022-11-03T14:09:36.651978+00:00
1316,5303315402,9.392,10.0,buy,False,2022-11-03T13:53:38.244270+00:00
1317,5303208793,9.518,8.41,buy,False,2022-11-03T13:42:01.340391+00:00
1318,5303142825,9.498,80.86,buy,False,2022-11-03T13:34:48.686479+00:00
1319,5303142824,9.481,8.44,buy,False,2022-11-03T13:34:48.686479+00:00
1320,5303142823,9.445,8.475,buy,False,2022-11-03T13:34:48.686479+00:00
1321,5303142822,9.409,8.505,buy,False,2022-11-03T13:34:48.686479+00:00
1322,5303130422,9.373,8.54,buy,False,2022-11-03T13:33:56.589550+00:00
1323,5303119195,9.337,8.57,buy,False,2022-11-03T13:33:12.161569+00:00
1324,5303116383,9.301,8.605,buy,False,2022-11-03T13:33:02.276806+00:00
1325,5303115247,9.264,8.64,buy,False,2022-11-03T13:32:56.478566+00:00
1326,5303113902,9.228,8.67,buy,False,2022-11-03T13:32:52.851404+00:00
1327,5303103071,9.192,8.705,buy,False,2022-11-03T13:32:04.320624+00:00
1328,5303100466,9.156,8.74,buy,False,2022-11-03T13:31:51.326753+00:00
1329,5303098274,9.12,8.775,buy,False,2022-11-03T13:31:30.080948+00:00
1330,5303093874,9.083,8.81,buy,False,2022-11-03T13:31:04.050296+00:00
1331,5303089861,9.027,0.12,buy,False,2022-11-03T13:30:41.774167+00:00
1332,5303089475,9.173,0.05,buy,False,2022-11-03T13:30:39.351755+00:00
1333,5303089469,9.173,0.05,buy,False,2022-11-03T13:30:39.234415+00:00
1334,5303089464,9.047,8.725,buy,False,2022-11-03T13:30:39.199187+00:00
1335,5303081732,9.2,0.1,sell,False,2022-11-03T13:30:01.292851+00:00
1336,5303079937,9.247,1.08,sell,False,2022-11-03T13:29:56.504650+00:00
1337,5303079936,9.247,43.12,sell,False,2022-11-03T13:29:56.504650+00:00
1338,5302458084,9.353,8.555,buy,False,2022-11-03T12:08:46.774885+00:00
1339,5302393826,9.316,8.59,buy,False,2022-11-03T12:02:50.257281+00:00
1340,5302358869,9.279,8.625,buy,False,2022-11-03T11:59:27.626574+00:00
1341,5302178052,9.242,8.66,buy,False,2022-11-03T11:43:16.976362+00:00
1342,5302176018,9.205,0.105,buy,False,2022-11-03T11:43:04.759695+00:00
1343,5302172663,9.208,8.585,sell,False,2022-11-03T11:42:45.816444+00:00
1344,5302170423,9.283,16.37,sell,False,2022-11-03T11:42:31.419733+00:00
1345,5301863332,9.335,5.675,buy,False,2022-11-03T11:11:46.974347+00:00
1346,5301610759,9.335,2.09,buy,False,2022-11-03T10:38:02.669708+00:00
1347,5301559952,9.3,0.095,buy,False,2022-11-03T10:29:35.719727+00:00
1348,5301559716,9.3,2.51,sell,False,2022-11-03T10:29:32.994712+00:00
1349,5301559715,9.3,6.0,sell,False,2022-11-03T10:29:32.994712+00:00
1350,5301559026,9.361,0.605,sell,False,2022-11-03T10:29:23.558398+00:00
1351,5301559005,9.361,12.5,sell,False,2022-11-03T10:29:23.345613+00:00
1352,5301558995,9.361,25.0,sell,False,2022-11-03T10:29:23.053024+00:00
1353,5301554426,9.361,0.5,sell,False,2022-11-03T10:28:40.961455+00:00
1354,5301554398,9.361,0.5,sell,False,2022-11-03T10:28:40.755805+00:00
1355,5301554383,9.361,1.0,sell,False,2022-11-03T10:28:40.538500+00:00
1356,5301554364,9.361,2.5,sell,False,2022-11-03T10:28:40.305254+00:00
1357,5301117233,9.427,1.165,sell,False,2022-11-03T09:19:17.111632+00:00
1358,5300742531,9.467,8.455,buy,False,2022-11-03T08:10:16.084972+00:00
1359,5300735691,9.458,1.055,buy,False,2022-11-03T08:09:24.040608+00:00
1360,5300735106,9.43,0.98,buy,False,2022-11-03T08:09:20.491939+00:00
1361,5300735008,9.43,7.505,buy,False,2022-11-03T08:09:19.868915+00:00
1362,5300657934,9.393,8.52,buy,False,2022-11-03T08:00:00.419047+00:00
1363,5300657907,9.356,7.485,buy,False,2022-11-03T08:00:00.257423+00:00
1364,5300624872,9.356,1.07,buy,False,2022-11-03T07:52:13.383033+00:00
1365,5300621546,9.321,0.015,sell,False,2022-11-03T07:51:23.268332+00:00
1366,5300619781,9.321,8.575,sell,False,2022-11-03T07:51:03.276341+00:00
1367,5300616017,9.498,33.585,sell,False,2022-11-03T07:50:14.218411+00:00
1368,5300381210,9.587,0.15,buy,False,2022-11-03T07:12:37.586682+00:00
1369,5300381083,9.587,0.15,buy,False,2022-11-03T07:12:36.565540+00:00
1370,5300380986,9.587,0.2,buy,False,2022-11-03T07:12:35.554993+00:00
1371,5300380890,9.587,0.25,buy,False,2022-11-03T07:12:34.501432+00:00
1372,5300380811,9.587,0.3,buy,False,2022-11-03T07:12:33.846392+00:00
1373,5300380784,9.587,0.4,buy,False,2022-11-03T07:12:33.535463+00:00
1374,5300380756,9.587,0.4,buy,False,2022-11-03T07:12:33.159325+00:00
1375,5300372553,9.587,0.6,buy,False,2022-11-03T07:11:17.644658+00:00
1376,5300372525,9.587,0.75,buy,False,2022-11-03T07:11:17.267428+00:00
1377,5300372455,9.587,0.95,buy,False,2022-11-03T07:11:16.462796+00:00
1378,5300372428,9.587,1.2,buy,False,2022-11-03T07:11:15.983554+00:00
1379,5300310929,9.512,1.275,sell,False,2022-11-03T07:03:02.938548+00:00
1380,5298804410,9.617,10.0,buy,False,2022-11-03T02:51:12.882930+00:00
1381,5297511376,9.591,10.0,buy,False,2022-11-02T23:22:22.390266+00:00
1382,5296110236,9.588,8.345,buy,False,2022-11-02T20:03:18.251676+00:00
1383,5296105129,9.55,8.38,buy,False,2022-11-02T20:02:41.572711+00:00
1384,5296085337,9.512,8.415,buy,False,2022-11-02T20:01:12.263624+00:00
1385,5296048844,9.474,0.04,buy,False,2022-11-02T19:58:28.777167+00:00
1386,5296048273,9.474,8.405,buy,False,2022-11-02T19:58:23.572511+00:00
1387,5296043496,9.521,25.13,sell,False,2022-11-02T19:57:35.816107+00:00
1388,5295782049,9.592,8.345,buy,False,2022-11-02T19:33:59.620680+00:00
1389,5295694153,9.554,8.375,buy,False,2022-11-02T19:29:22.338343+00:00
