,id,price,size,side,liquidation,time
0,5397960191,36.88,46.35,buy,False,2022-11-10T02:11:17.493622+00:00
1,5397956842,36.87,1.69,buy,False,2022-11-10T02:10:31.887927+00:00
2,5392734024,31.97,0.18,sell,True,2022-11-09T18:58:33.204857+00:00
3,5373647350,33.0,62.74,buy,False,2022-11-08T20:09:24.094883+00:00
4,5371600389,32.75,0.19,sell,False,2022-11-08T19:19:56.121362+00:00
5,5369465460,32.52,1.13,sell,True,2022-11-08T18:18:11.048372+00:00
6,5369465459,32.53,0.4,sell,True,2022-11-08T18:18:11.048372+00:00
7,5368194915,33.14,0.62,sell,False,2022-11-08T17:49:30.415938+00:00
8,5367524682,33.05,4.0,sell,False,2022-11-08T17:23:02.558516+00:00
9,5367438099,32.97,0.67,sell,False,2022-11-08T17:20:51.699944+00:00
10,5366353595,33.44,475.49,buy,False,2022-11-08T16:37:47.265869+00:00
11,5366353594,33.43,1.66,buy,False,2022-11-08T16:37:47.265869+00:00
12,5366339499,33.44,680.07,buy,False,2022-11-08T16:37:13.243376+00:00
13,5366339483,33.44,407.07,sell,False,2022-11-08T16:37:13.166988+00:00
14,5363598221,33.0,42.25,buy,False,2022-11-08T14:47:47.575888+00:00
15,5363598197,33.0,1.66,sell,False,2022-11-08T14:47:47.452084+00:00
16,5363422794,33.42,0.2,sell,False,2022-11-08T14:39:18.482984+00:00
17,5348954595,33.04,4.0,buy,False,2022-11-07T18:51:21.941387+00:00
18,5317862923,32.18,10.68,buy,False,2022-11-04T18:16:45.723096+00:00
19,5317822759,32.03,33.23,buy,False,2022-11-04T18:09:43.062265+00:00
20,5297371888,32.59,0.07,sell,False,2022-11-02T22:57:39.790907+00:00
21,5295890629,33.28,1.65,buy,False,2022-11-02T19:42:00.962276+00:00
22,5294242031,34.58,0.31,buy,False,2022-11-02T18:30:00.735948+00:00
23,5292259325,34.68,0.06,sell,False,2022-11-02T14:47:48.252741+00:00
24,5292258317,34.45,0.07,buy,False,2022-11-02T14:47:34.202744+00:00
25,5291832970,34.09,0.59,buy,False,2022-11-02T13:34:28.772677+00:00
26,5291633043,33.37,2.05,sell,False,2022-11-02T12:59:05.666698+00:00
27,5291633042,33.38,1.65,sell,False,2022-11-02T12:59:05.666698+00:00
28,5291633041,33.56,0.3,sell,False,2022-11-02T12:59:05.666698+00:00
29,5289943103,33.99,4.0,buy,False,2022-11-02T08:41:08.772887+00:00
30,5289759508,33.89,0.3,buy,False,2022-11-02T08:03:41.452362+00:00
31,5241151698,31.52,0.2,buy,False,2022-10-28T03:42:35.406007+00:00
32,5235983333,31.76,0.3,buy,False,2022-10-27T14:43:27.073354+00:00
33,5226870386,32.75,0.33,buy,False,2022-10-26T16:02:25.076405+00:00
34,5226524684,32.78,0.07,sell,False,2022-10-26T15:23:19.642785+00:00
35,5226518831,32.62,0.49,buy,False,2022-10-26T15:22:29.341127+00:00
36,5224355351,31.47,0.1,buy,False,2022-10-26T12:03:19.947040+00:00
37,5218440780,31.45,0.44,buy,False,2022-10-25T19:45:20.764673+00:00
38,5207725979,30.08,1.83,buy,False,2022-10-24T13:45:10.330353+00:00
39,5201179191,30.43,1.17,sell,False,2022-10-23T12:57:58.652244+00:00
40,5201179190,30.44,1.83,sell,False,2022-10-23T12:57:58.652244+00:00
41,5190836258,29.42,0.47,buy,False,2022-10-21T13:45:38.219540+00:00
42,5178092001,28.01,0.42,sell,False,2022-10-19T15:25:40.356753+00:00
43,5177574919,28.71,0.17,sell,False,2022-10-19T13:54:19.038965+00:00
44,5171052328,30.36,0.09,buy,False,2022-10-18T14:35:21.138154+00:00
45,5171038872,30.07,11.4,sell,False,2022-10-18T14:33:50.583250+00:00
46,5170878071,30.69,11.32,buy,False,2022-10-18T14:19:17.054984+00:00
47,5141210377,28.3,1.97,buy,False,2022-10-13T14:32:49.335319+00:00
48,5139305338,29.7,1.97,sell,False,2022-10-13T12:30:04.400077+00:00
49,5120413320,29.95,1.95,buy,False,2022-10-10T13:44:03.745959+00:00
50,5117132719,30.62,0.16,sell,False,2022-10-09T22:00:17.800537+00:00
51,5117132110,30.63,0.16,sell,False,2022-10-09T22:00:17.272058+00:00
52,5109151113,30.51,0.33,buy,False,2022-10-07T14:45:27.367823+00:00
53,5108863908,30.19,0.34,sell,False,2022-10-07T13:57:08.848043+00:00
54,5108745980,31.05,0.16,sell,False,2022-10-07T13:37:52.619361+00:00
55,5107902206,31.74,1.95,sell,False,2022-10-07T12:30:07.141316+00:00
56,5103411619,32.14,0.34,buy,False,2022-10-06T15:19:37.980686+00:00
57,5102526614,31.85,8.29,buy,False,2022-10-06T13:31:07.896820+00:00
58,5091821069,30.25,1.65,sell,False,2022-10-04T18:29:27.294982+00:00
59,5090964587,30.56,0.65,buy,False,2022-10-04T15:50:20.753081+00:00
60,5090666260,30.14,6.09,buy,False,2022-10-04T14:46:14.764864+00:00
61,5089387716,29.08,4.81,buy,False,2022-10-04T10:22:24.020902+00:00
62,5088687297,28.92,4.36,buy,False,2022-10-04T08:00:15.110394+00:00
63,5088685913,28.91,2.13,buy,False,2022-10-04T08:00:09.334348+00:00
64,5088024323,28.53,1.42,sell,False,2022-10-04T05:41:39.217213+00:00
65,5087675953,28.56,4.89,buy,False,2022-10-04T03:42:35.767202+00:00
66,5080772387,27.56,0.14,sell,False,2022-10-02T22:04:43.330209+00:00
67,5074940564,27.85,0.01,buy,False,2022-10-01T12:21:32.197535+00:00
68,5070441144,28.13,0.74,buy,False,2022-09-30T14:59:50.827693+00:00
69,5069152389,27.34,2.14,sell,False,2022-09-30T12:30:07.869921+00:00
70,5047720494,28.11,1.53,buy,False,2022-09-27T14:48:05.136151+00:00
71,5039965780,27.71,5.05,buy,False,2022-09-26T13:35:35.478041+00:00
72,5034619217,26.63,0.74,sell,False,2022-09-25T21:56:14.504799+00:00
73,5034610938,26.9,0.75,sell,False,2022-09-25T21:54:41.580332+00:00
74,5034609230,26.63,0.75,sell,False,2022-09-25T21:54:21.040738+00:00
75,5034340192,26.9,0.75,buy,False,2022-09-25T20:56:30.697019+00:00
76,5021802618,25.61,0.53,sell,False,2022-09-23T16:31:29.603318+00:00
77,5021802617,25.61,0.53,sell,False,2022-09-23T16:31:29.603318+00:00
78,5021787850,25.63,0.23,sell,False,2022-09-23T16:29:47.751517+00:00
79,5021787849,25.63,0.53,sell,False,2022-09-23T16:29:47.751517+00:00
80,5021679504,25.66,8.32,sell,False,2022-09-23T16:11:32.816056+00:00
81,5020650790,25.88,0.57,sell,False,2022-09-23T13:58:50.982482+00:00
82,5020647872,25.91,0.51,sell,False,2022-09-23T13:58:38.073309+00:00
83,5020640242,25.96,0.66,sell,False,2022-09-23T13:58:11.108076+00:00
84,5020608894,26.0,0.51,sell,False,2022-09-23T13:56:21.515524+00:00
85,5020608893,26.0,0.51,sell,False,2022-09-23T13:56:21.515524+00:00
86,5020550706,26.03,0.51,sell,False,2022-09-23T13:52:22.709540+00:00
87,5019664306,26.12,0.17,sell,False,2022-09-23T11:45:04.688448+00:00
88,5019214611,26.29,0.49,sell,False,2022-09-23T10:42:55.261977+00:00
89,5019169562,26.33,0.55,sell,False,2022-09-23T10:31:11.204935+00:00
90,5018886766,26.38,0.49,sell,False,2022-09-23T09:37:36.580881+00:00
91,5018886765,26.38,0.49,sell,False,2022-09-23T09:37:36.580881+00:00
92,5018854099,26.41,0.3,sell,False,2022-09-23T09:35:10.213390+00:00
93,5018854098,26.42,0.34,sell,False,2022-09-23T09:35:10.213390+00:00
94,5018186307,26.41,0.18,sell,False,2022-09-23T07:42:54.336286+00:00
95,5018186306,26.55,0.63,sell,False,2022-09-23T07:42:54.336286+00:00
96,5014542812,26.66,45.0,sell,False,2022-09-22T19:21:48.404805+00:00
97,5014539391,27.0,11.25,buy,False,2022-09-22T19:21:02.785071+00:00
98,5014538807,27.0,11.25,buy,False,2022-09-22T19:20:58.638829+00:00
99,5014538517,27.0,11.25,buy,False,2022-09-22T19:20:53.261462+00:00
100,5014536941,27.0,9.08,buy,False,2022-09-22T19:20:33.610526+00:00
101,5014536940,26.99,2.17,buy,False,2022-09-22T19:20:33.610526+00:00
102,5014108871,26.66,0.47,sell,False,2022-09-22T18:07:08.964727+00:00
103,5013911083,26.76,0.46,sell,False,2022-09-22T17:28:49.882941+00:00
104,5013911082,26.76,0.46,sell,False,2022-09-22T17:28:49.882941+00:00
105,5013897513,26.78,0.46,sell,False,2022-09-22T17:25:49.044098+00:00
106,5013897512,26.78,0.52,sell,False,2022-09-22T17:25:49.044098+00:00
107,5013705689,27.02,0.45,sell,False,2022-09-22T16:45:20.878257+00:00
108,5013652034,27.12,0.45,sell,False,2022-09-22T16:36:24.672054+00:00
109,5013652033,27.12,0.45,sell,False,2022-09-22T16:36:24.672054+00:00
110,5013652032,27.12,0.6,sell,False,2022-09-22T16:36:24.672054+00:00
111,5013642958,27.14,0.44,sell,False,2022-09-22T16:35:06.547246+00:00
112,5013565053,27.21,0.5,sell,False,2022-09-22T16:21:54.602007+00:00
113,5013507752,27.31,1.08,sell,False,2022-09-22T16:14:11.571054+00:00
114,5013468713,27.37,0.43,sell,False,2022-09-22T16:10:28.059416+00:00
115,5013404319,27.47,0.43,sell,False,2022-09-22T15:59:20.822206+00:00
116,5013404318,27.47,0.43,sell,False,2022-09-22T15:59:20.822206+00:00
117,5013404250,27.5,0.36,sell,False,2022-09-22T15:59:20.269668+00:00
118,5013404249,27.5,0.43,sell,False,2022-09-22T15:59:20.269668+00:00
119,5013071755,27.63,0.48,sell,False,2022-09-22T15:03:07.349621+00:00
120,5013071112,27.64,0.73,sell,False,2022-09-22T15:03:02.513972+00:00
121,5013060326,27.68,0.57,sell,False,2022-09-22T15:01:44.340779+00:00
122,5013058626,27.71,0.41,sell,False,2022-09-22T15:01:31.957972+00:00
123,5012833049,27.81,0.41,sell,False,2022-09-22T14:24:15.909101+00:00
124,5012833048,27.81,0.41,sell,False,2022-09-22T14:24:15.909101+00:00
125,5012828039,27.84,0.41,sell,False,2022-09-22T14:23:08.294752+00:00
126,5012429082,28.01,2.14,sell,False,2022-09-22T13:33:49.796663+00:00
127,5012429081,28.04,0.39,sell,False,2022-09-22T13:33:49.796663+00:00
128,5012429080,28.04,0.46,sell,False,2022-09-22T13:33:49.796663+00:00
129,5012425998,28.06,1.51,sell,False,2022-09-22T13:33:28.654268+00:00
130,5012425995,28.06,1.02,sell,False,2022-09-22T13:33:28.567374+00:00
131,5012425994,28.14,0.39,sell,False,2022-09-22T13:33:28.567374+00:00
132,5012425993,28.14,0.39,sell,False,2022-09-22T13:33:28.567374+00:00
133,5012425992,28.17,0.39,sell,False,2022-09-22T13:33:28.567374+00:00
134,5012425991,28.22,0.54,sell,False,2022-09-22T13:33:28.567374+00:00
135,5012425990,28.23,1.92,sell,False,2022-09-22T13:33:28.567374+00:00
136,5012425989,28.36,0.38,sell,False,2022-09-22T13:33:28.567374+00:00
137,5012425988,28.43,0.44,sell,False,2022-09-22T13:33:28.567374+00:00
138,5012425987,28.46,0.38,sell,False,2022-09-22T13:33:28.567374+00:00
139,5012425986,28.46,0.38,sell,False,2022-09-22T13:33:28.567374+00:00
140,5012425985,28.49,0.38,sell,False,2022-09-22T13:33:28.567374+00:00
141,5012424529,28.67,0.36,sell,False,2022-09-22T13:33:08.893496+00:00
142,5012422261,28.74,0.52,sell,False,2022-09-22T13:32:48.866857+00:00
143,5012422056,28.77,0.36,sell,False,2022-09-22T13:32:47.153446+00:00
144,5012422055,28.77,0.36,sell,False,2022-09-22T13:32:47.153446+00:00
145,5012421913,28.8,0.13,sell,False,2022-09-22T13:32:46.575933+00:00
146,5012416710,29.04,0.17,sell,False,2022-09-22T13:32:06.216555+00:00
147,5010349426,28.8,0.23,sell,False,2022-09-22T07:03:27.877364+00:00
148,5010349425,28.82,0.35,sell,False,2022-09-22T07:03:27.877364+00:00
149,5010349424,28.82,0.42,sell,False,2022-09-22T07:03:27.877364+00:00
150,5008464998,28.97,0.35,sell,False,2022-09-22T00:00:27.119515+00:00
151,5008026573,29.07,0.35,sell,False,2022-09-21T22:43:02.271549+00:00
152,5008026572,29.07,0.35,sell,False,2022-09-21T22:43:02.271549+00:00
153,5007980091,29.1,0.35,sell,False,2022-09-21T22:35:22.700405+00:00
154,5006663592,29.39,0.35,buy,False,2022-09-21T20:14:36.145002+00:00
155,5006655996,29.26,0.35,buy,False,2022-09-21T20:13:37.217251+00:00
156,5006652918,29.36,0.35,buy,False,2022-09-21T20:13:11.029227+00:00
157,5006648560,29.36,0.35,buy,False,2022-09-21T20:12:36.328376+00:00
158,5006639377,29.39,0.35,buy,False,2022-09-21T20:11:20.459734+00:00
159,5006582238,28.91,1.34,sell,False,2022-09-21T20:04:33.258505+00:00
160,5006579727,29.19,0.4,sell,False,2022-09-21T20:04:18.199286+00:00
161,5006534928,29.25,0.49,sell,False,2022-09-21T19:59:57.766981+00:00
162,5002489114,29.81,3.31,sell,False,2022-09-21T14:03:38.591150+00:00
163,5002487579,30.07,2.99,buy,False,2022-09-21T14:03:19.723108+00:00
164,5002487577,30.07,1.51,buy,False,2022-09-21T14:03:19.692208+00:00
165,5002487575,30.07,6.61,buy,False,2022-09-21T14:03:19.636555+00:00
166,4989357630,31.54,1.0,buy,False,2022-09-19T16:40:42.615990+00:00
167,4968221891,30.1,3.32,sell,False,2022-09-16T13:55:49.973374+00:00
168,4965593649,30.61,1.34,buy,False,2022-09-16T04:23:37.759369+00:00
169,4960588803,31.86,0.32,buy,False,2022-09-15T14:07:05.445576+00:00
170,4960501278,31.59,2.03,buy,False,2022-09-15T13:50:01.816881+00:00
171,4960479097,31.3,0.64,buy,False,2022-09-15T13:46:33.567927+00:00
172,4956712722,30.8,0.33,sell,False,2022-09-15T06:06:24.891868+00:00
173,4952304784,30.61,0.33,buy,False,2022-09-14T17:16:44.274243+00:00
174,4952303666,30.37,0.67,sell,False,2022-09-14T17:16:39.903395+00:00
175,4952206525,30.15,0.15,sell,False,2022-09-14T16:54:05.608709+00:00
176,4951602612,30.03,0.34,buy,False,2022-09-14T14:55:08.701280+00:00
177,4951449208,29.4,0.41,sell,False,2022-09-14T14:30:11.894770+00:00
178,4951428556,29.47,0.34,sell,False,2022-09-14T14:27:36.559071+00:00
179,4951417017,29.55,0.39,sell,False,2022-09-14T14:26:18.407335+00:00
180,4951417016,29.55,0.39,sell,False,2022-09-14T14:26:18.407335+00:00
181,4951411613,29.64,0.34,sell,False,2022-09-14T14:25:34.215106+00:00
182,4951300692,30.21,0.33,buy,False,2022-09-14T14:07:49.269823+00:00
183,4951115707,29.93,0.34,buy,False,2022-09-14T13:40:37.746115+00:00
184,4951091314,30.06,0.34,buy,False,2022-09-14T13:37:41.292868+00:00
185,4951080789,29.89,0.34,sell,False,2022-09-14T13:36:36.769892+00:00
186,4951062542,29.75,0.1,sell,False,2022-09-14T13:35:02.186563+00:00
187,4951062541,29.75,0.47,sell,False,2022-09-14T13:35:02.186563+00:00
188,4951055335,29.9,0.37,sell,False,2022-09-14T13:34:38.518903+00:00
189,4951055334,29.9,0.37,sell,False,2022-09-14T13:34:38.518903+00:00
190,4951054891,29.91,0.26,sell,False,2022-09-14T13:34:36.308966+00:00
191,4951033742,30.24,0.36,sell,False,2022-09-14T13:32:31.830339+00:00
192,4951033741,30.24,0.36,sell,False,2022-09-14T13:32:31.830339+00:00
193,4951021288,30.57,0.34,sell,False,2022-09-14T13:31:23.123632+00:00
194,4951021287,30.57,0.34,sell,False,2022-09-14T13:31:23.123632+00:00
195,4951019558,30.65,0.17,sell,False,2022-09-14T13:31:11.033034+00:00
196,4950134385,30.99,0.19,sell,False,2022-09-14T11:24:25.795564+00:00
197,4945055552,30.9,0.33,sell,False,2022-09-13T19:15:52.529214+00:00
198,4945055551,30.9,0.33,sell,False,2022-09-13T19:15:52.529214+00:00
199,4943700627,31.37,0.1,buy,False,2022-09-13T16:03:17.932073+00:00
200,4943122770,31.2,0.33,buy,False,2022-09-13T14:54:39.417949+00:00
201,4943112548,31.2,0.33,buy,False,2022-09-13T14:53:37.696139+00:00
202,4943034914,31.33,3.0,buy,False,2022-09-13T14:48:25.712606+00:00
203,4942810761,31.67,0.18,sell,False,2022-09-13T14:24:01.218865+00:00
204,4934120168,32.42,0.15,buy,False,2022-09-12T15:56:43.777479+00:00
205,4933613666,32.32,74.8,sell,False,2022-09-12T15:01:45.695233+00:00
206,4933611747,32.32,166.3,sell,False,2022-09-12T15:01:39.380532+00:00
207,4933610604,32.32,66.86,sell,False,2022-09-12T15:01:36.672299+00:00
208,4933609082,32.32,76.01,sell,False,2022-09-12T15:01:34.414006+00:00
209,4933608550,32.32,84.82,sell,False,2022-09-12T15:01:33.775577+00:00
210,4933608144,32.32,76.8,sell,False,2022-09-12T15:01:33.231075+00:00
211,4933607471,32.32,78.45,sell,False,2022-09-12T15:01:32.651771+00:00
212,4933606567,32.32,67.48,sell,False,2022-09-12T15:01:32.137799+00:00
213,4932978228,33.2,4.22,buy,False,2022-09-12T13:32:37.191104+00:00
214,4917949034,32.45,0.64,sell,False,2022-09-10T07:50:38.230348+00:00
215,4912846476,32.32,68.46,sell,False,2022-09-09T15:21:16.256626+00:00
216,4912846433,32.32,60.86,sell,False,2022-09-09T15:21:15.717842+00:00
217,4912846288,32.32,68.38,sell,False,2022-09-09T15:21:15.185678+00:00
218,4912846232,32.32,64.79,sell,False,2022-09-09T15:21:14.583228+00:00
219,4912846182,32.32,64.59,sell,False,2022-09-09T15:21:14.025016+00:00
220,4912845377,32.32,64.32,sell,False,2022-09-09T15:21:08.316249+00:00
221,4912281378,32.9,0.36,buy,False,2022-09-09T14:01:11.755231+00:00
222,4903569678,31.25,17.69,sell,False,2022-09-08T13:35:08.357837+00:00
223,4903569100,31.25,240.4,sell,False,2022-09-08T13:35:03.045034+00:00
224,4903569057,31.25,156.61,sell,False,2022-09-08T13:35:02.487765+00:00
225,4903569025,31.25,65.3,sell,False,2022-09-08T13:35:01.922782+00:00
226,4903568947,31.26,1.98,sell,False,2022-09-08T13:35:01.322713+00:00
227,4898102034,32.0,0.63,buy,False,2022-09-07T19:13:48.011572+00:00
228,4887061137,31.7,0.63,buy,False,2022-09-06T10:14:35.543738+00:00
229,4865933717,30.65,1.35,buy,False,2022-09-02T12:30:01.550106+00:00
230,4861099588,29.8,0.46,sell,False,2022-09-01T15:57:32.850385+00:00
231,4861068392,29.86,0.36,sell,False,2022-09-01T15:51:11.453428+00:00
232,4860782260,30.02,0.34,sell,False,2022-09-01T15:04:31.167966+00:00
233,4860782259,30.02,0.34,sell,False,2022-09-01T15:04:31.167966+00:00
234,4860385410,30.11,0.12,sell,False,2022-09-01T14:20:50.062748+00:00
235,4860220707,30.18,0.35,sell,False,2022-09-01T14:04:07.661397+00:00
236,4860212090,30.32,0.33,buy,False,2022-09-01T14:03:09.161602+00:00
237,4860205540,30.32,0.33,buy,False,2022-09-01T14:02:36.433822+00:00
238,4860200976,30.23,0.45,sell,False,2022-09-01T14:02:13.716776+00:00
239,4860199720,30.26,0.44,sell,False,2022-09-01T14:02:06.460794+00:00
240,4860177915,30.38,0.4,sell,False,2022-09-01T14:00:00.579214+00:00
241,4860015551,30.5,0.33,sell,False,2022-09-01T13:35:02.735777+00:00
242,4860008079,30.8,0.33,buy,False,2022-09-01T13:33:37.831700+00:00
243,4859983211,30.69,0.43,sell,False,2022-09-01T13:30:42.358642+00:00
244,4859983028,30.7,0.42,sell,False,2022-09-01T13:30:40.127850+00:00
245,4859979298,30.83,0.22,sell,False,2022-09-01T13:30:04.589167+00:00
246,4856348276,31.14,0.4,sell,False,2022-08-31T23:19:22.239468+00:00
247,4856348275,31.15,0.41,sell,False,2022-08-31T23:19:22.239468+00:00
248,4850593990,31.94,0.55,sell,False,2022-08-31T03:52:47.463990+00:00
249,4849236970,31.67,0.37,sell,False,2022-08-30T23:37:12.616595+00:00
250,4839182152,32.32,0.95,buy,False,2022-08-29T13:40:11.196981+00:00
251,4838516266,31.56,0.38,sell,False,2022-08-29T12:13:02.241122+00:00
252,4838515884,31.58,0.39,sell,False,2022-08-29T12:12:58.069316+00:00
253,4838515241,31.66,0.33,sell,False,2022-08-29T12:12:37.519419+00:00
254,4838515240,31.66,0.16,sell,False,2022-08-29T12:12:37.519419+00:00
255,4837769693,31.96,0.37,sell,False,2022-08-29T08:21:19.936113+00:00
256,4837769692,31.99,0.26,sell,False,2022-08-29T08:21:19.936113+00:00
257,4831223627,32.25,0.81,buy,False,2022-08-28T03:30:56.702718+00:00
258,4830580986,32.25,0.37,buy,False,2022-08-28T00:18:47.813828+00:00
259,4830579294,31.99,0.06,sell,False,2022-08-28T00:18:08.162239+00:00
260,4830579293,32.01,0.31,sell,False,2022-08-28T00:18:08.162239+00:00
261,4830579292,32.01,0.09,sell,False,2022-08-28T00:18:08.162239+00:00
262,4830570682,32.26,0.46,buy,False,2022-08-28T00:15:15.872257+00:00
263,4825534253,32.01,0.29,sell,False,2022-08-27T01:59:40.568039+00:00
264,4823949885,32.31,0.31,buy,False,2022-08-26T20:45:37.440990+00:00
265,4823805813,32.41,0.1,buy,False,2022-08-26T20:04:09.900155+00:00
266,4823709892,32.36,0.35,sell,False,2022-08-26T19:41:06.297189+00:00
267,4823605095,32.43,0.36,sell,False,2022-08-26T19:11:07.906664+00:00
268,4823059086,32.75,0.34,sell,False,2022-08-26T17:39:54.813105+00:00
269,4822954746,32.83,0.35,sell,False,2022-08-26T17:15:02.181141+00:00
270,4814342245,34.78,2.53,buy,False,2022-08-25T14:38:17.844890+00:00
271,4808449107,34.24,0.29,buy,False,2022-08-24T15:01:05.992763+00:00
272,4795607113,33.3,0.37,buy,False,2022-08-22T18:17:33.737643+00:00
273,4793763858,33.08,0.37,sell,False,2022-08-22T13:35:02.640828+00:00
274,4793763546,33.12,0.33,sell,False,2022-08-22T13:35:01.543013+00:00
275,4793757015,33.22,0.33,sell,False,2022-08-22T13:34:26.830084+00:00
276,4793714970,33.44,0.08,sell,False,2022-08-22T13:30:07.689900+00:00
277,4793714851,33.48,0.31,sell,False,2022-08-22T13:30:07.060817+00:00
278,4793714720,33.51,0.35,sell,False,2022-08-22T13:30:06.275165+00:00
279,4793714608,33.6,0.32,sell,False,2022-08-22T13:30:05.721491+00:00
280,4792368247,33.83,0.3,sell,False,2022-08-22T09:14:04.205621+00:00
281,4791682690,33.93,0.34,sell,False,2022-08-22T08:00:01.062001+00:00
282,4791682689,33.96,0.31,sell,False,2022-08-22T08:00:01.062001+00:00
283,4773204767,34.11,0.12,sell,False,2022-08-19T17:42:29.560553+00:00
284,4772328413,34.18,0.3,sell,False,2022-08-19T15:36:36.862323+00:00
285,4772113308,34.32,0.3,sell,False,2022-08-19T14:57:59.658768+00:00
286,4772023948,34.33,0.32,sell,False,2022-08-19T14:42:18.610558+00:00
287,4771658957,34.66,0.29,buy,False,2022-08-19T13:46:08.469333+00:00
288,4771636567,34.72,0.31,sell,False,2022-08-19T13:43:03.615103+00:00
289,4771533316,35.1,0.3,sell,False,2022-08-19T13:30:03.394174+00:00
290,4767712924,35.5,0.14,sell,False,2022-08-19T06:38:58.050789+00:00
291,4767367298,35.58,0.14,sell,False,2022-08-19T06:29:09.399983+00:00
292,4767361864,35.59,0.14,sell,False,2022-08-19T06:28:18.956836+00:00
293,4767196845,35.7,0.01,sell,False,2022-08-19T05:54:00.482776+00:00
294,4761529509,35.47,0.29,sell,False,2022-08-18T13:47:13.913798+00:00
295,4761507636,35.82,0.28,buy,False,2022-08-18T13:43:36.162625+00:00
296,4755447218,36.3,0.22,sell,False,2022-08-17T16:50:16.819117+00:00
297,4744677141,37.51,0.05,buy,False,2022-08-16T10:11:45.825966+00:00
298,4739060686,38.01,0.11,buy,False,2022-08-15T13:55:58.114134+00:00
299,4728114440,38.01,0.07,buy,False,2022-08-14T02:24:50.186590+00:00
300,4711055779,36.53,0.35,buy,False,2022-08-11T13:51:03.920521+00:00
301,4704514669,35.49,4.0,sell,False,2022-08-10T18:57:16.314790+00:00
302,4700178050,34.63,4.0,buy,False,2022-08-10T10:22:16.401133+00:00
303,4696540933,34.5,0.28,sell,False,2022-08-09T20:16:08.546068+00:00
304,4693916948,35.81,4.0,sell,False,2022-08-09T12:41:12.617924+00:00
305,4689520134,36.43,4.0,buy,False,2022-08-08T22:28:18.599981+00:00
306,4687319653,37.95,0.13,buy,False,2022-08-08T14:57:35.703718+00:00
307,4686921399,36.06,1.38,sell,False,2022-08-08T13:44:26.171094+00:00
308,4685800466,34.2,0.29,buy,False,2022-08-08T10:25:10.218404+00:00
309,4671117322,34.1,0.43,sell,False,2022-08-05T13:47:26.870783+00:00
310,4671086324,34.29,0.27,sell,False,2022-08-05T13:41:21.067779+00:00
311,4670644021,34.85,0.08,sell,False,2022-08-05T12:48:57.905323+00:00
312,4670644020,34.85,0.26,sell,False,2022-08-05T12:48:57.905323+00:00
313,4665754157,35.4,0.26,sell,False,2022-08-04T19:28:53.246661+00:00
314,4665738152,35.6,0.19,sell,False,2022-08-04T19:24:33.534266+00:00
315,4665520624,35.96,0.26,sell,False,2022-08-04T18:40:56.799575+00:00
316,4665301914,36.21,0.06,sell,False,2022-08-04T18:11:05.509662+00:00
317,4665082607,36.52,0.25,sell,False,2022-08-04T17:20:28.019743+00:00
318,4664669785,37.07,0.09,sell,False,2022-08-04T16:27:12.117878+00:00
319,4663458968,38.53,0.06,sell,False,2022-08-04T13:41:02.125467+00:00
320,4663460206,38.4,0.06,buy,False,2022-08-04T13:40:54.812860+00:00
321,4663421128,37.22,0.33,sell,False,2022-08-04T13:36:06.347235+00:00
322,4663367816,36.32,0.25,sell,False,2022-08-04T13:30:06.123282+00:00
323,4657598786,36.85,0.09,buy,False,2022-08-03T17:00:40.408827+00:00
324,4649804059,36.52,0.06,buy,False,2022-08-02T16:45:21.594856+00:00
325,4649799478,36.42,0.06,buy,False,2022-08-02T16:44:33.718506+00:00
326,4649103922,35.83,45.03,buy,False,2022-08-02T15:26:03.248002+00:00
327,4648907702,35.75,30.01,buy,False,2022-08-02T15:05:29.348301+00:00
328,4648294830,34.8,30.0,buy,False,2022-08-02T14:27:15.045260+00:00
329,4640203340,34.85,0.2,buy,False,2022-08-01T14:57:21.748229+00:00
330,4640195467,34.81,0.17,buy,False,2022-08-01T14:56:09.263967+00:00
331,4640195454,34.8,0.17,buy,False,2022-08-01T14:56:08.710032+00:00
332,4584504053,33.55,0.47,sell,False,2022-07-25T16:14:16.770451+00:00
333,4583399684,33.96,1.35,buy,False,2022-07-25T12:28:15.841069+00:00
334,4581104167,33.44,1.35,buy,False,2022-07-25T02:39:38.070459+00:00
335,4557868213,34.7,0.31,buy,False,2022-07-21T13:55:00.797664+00:00
336,4555384879,34.3,0.26,buy,False,2022-07-21T05:39:20.693176+00:00
337,4549803887,34.64,0.06,buy,False,2022-07-20T14:49:06.528277+00:00
338,4549796935,34.52,0.07,buy,False,2022-07-20T14:48:06.234769+00:00
339,4539765674,33.0,0.15,buy,False,2022-07-19T13:50:07.759759+00:00
340,4539606745,32.85,0.07,sell,False,2022-07-19T13:35:44.991263+00:00
341,4539604601,32.85,0.07,buy,False,2022-07-19T13:35:28.870179+00:00
342,4529914612,32.55,0.18,buy,False,2022-07-18T13:45:47.565178+00:00
343,4517466307,31.32,2.0,sell,False,2022-07-16T19:33:21.438194+00:00
344,4510118433,31.2,0.41,buy,False,2022-07-15T16:22:32.571016+00:00
345,4510016183,31.24,0.07,buy,False,2022-07-15T16:06:03.989170+00:00
346,4510012314,31.09,0.07,buy,False,2022-07-15T16:05:10.668078+00:00
347,4494159015,29.5,0.91,sell,False,2022-07-13T14:47:03.521219+00:00
348,4480221059,29.57,0.07,buy,False,2022-07-11T20:59:12.641068+00:00
349,4478199323,30.0,0.33,sell,False,2022-07-11T13:30:03.787501+00:00
350,4463341734,30.52,0.31,sell,False,2022-07-08T19:40:57.386492+00:00
351,4463192090,30.87,0.16,buy,False,2022-07-08T19:06:11.953062+00:00
352,4463185496,30.83,0.16,sell,False,2022-07-08T19:04:14.655964+00:00
353,4462433154,30.7,2.0,sell,False,2022-07-08T16:24:32.968275+00:00
354,4460663264,31.32,2.0,sell,False,2022-07-08T12:30:01.646666+00:00
355,4382340290,32.3,0.34,buy,False,2022-06-27T02:33:44.503978+00:00
356,4372928331,32.01,0.34,buy,False,2022-06-25T16:49:49.536264+00:00
357,4364896565,30.7,0.52,buy,False,2022-06-24T14:10:06.563002+00:00
358,4355160792,28.41,36.3,buy,False,2022-06-23T08:13:08.899750+00:00
359,4340950512,28.3,0.88,sell,False,2022-06-21T15:01:13.467316+00:00
360,4340401148,28.23,1.61,buy,False,2022-06-21T13:59:29.598688+00:00
361,4324551424,27.81,1.54,sell,False,2022-06-19T20:39:38.639267+00:00
362,4324551413,27.81,0.08,buy,False,2022-06-19T20:39:38.465868+00:00
363,4306432501,27.9,1.0,buy,False,2022-06-18T00:32:45.453630+00:00
364,4306431066,27.9,1.0,buy,False,2022-06-18T00:32:35.574407+00:00
365,4303410905,26.85,0.81,sell,False,2022-06-17T14:16:58.495054+00:00
366,4295290529,27.75,1.51,sell,False,2022-06-16T16:07:33.213323+00:00
367,4294172859,28.91,1.03,sell,False,2022-06-16T14:00:07.868343+00:00
368,4290352120,30.34,32.95,sell,False,2022-06-16T05:13:52.830171+00:00
369,4261621711,29.11,0.42,buy,False,2022-06-14T02:16:54.486435+00:00
370,4224079943,32.1,0.24,sell,False,2022-06-10T17:12:03.594551+00:00
371,4215652029,33.66,0.01,sell,False,2022-06-09T13:35:08.369060+00:00
372,4196169497,33.8,0.56,buy,False,2022-06-06T15:38:19.909317+00:00
373,4180023701,33.0,0.3,sell,False,2022-06-03T14:38:45.061301+00:00
374,4178586139,33.18,4.0,sell,False,2022-06-03T11:04:42.557262+00:00
375,4177428374,34.12,4.0,buy,False,2022-06-03T07:22:10.051677+00:00
376,4173156901,32.66,2.45,buy,False,2022-06-02T13:44:51.226664+00:00
377,4166004320,30.93,5.0,sell,False,2022-06-01T16:39:22.079990+00:00
378,4164301850,31.79,1.11,sell,False,2022-06-01T14:08:50.074410+00:00
379,4163077186,32.11,0.01,sell,False,2022-06-01T11:00:06.344150+00:00
380,4162764834,33.03,0.01,buy,False,2022-06-01T09:46:58.686682+00:00
381,4161665605,32.13,0.01,sell,False,2022-06-01T05:50:00.370847+00:00
382,4161663723,32.14,0.01,sell,False,2022-06-01T05:49:35.987659+00:00
383,4161662127,32.15,0.01,sell,False,2022-06-01T05:49:16.724254+00:00
384,4161653543,32.17,0.01,sell,False,2022-06-01T05:47:22.426886+00:00
385,4161585799,32.18,0.01,sell,False,2022-06-01T05:34:06.221429+00:00
386,4161579940,32.2,0.01,sell,False,2022-06-01T05:33:05.391051+00:00
387,4161578625,32.21,0.01,sell,False,2022-06-01T05:33:02.915568+00:00
388,4161574935,32.22,0.01,sell,False,2022-06-01T05:32:38.351513+00:00
389,4161569912,32.24,0.01,sell,False,2022-06-01T05:31:58.477532+00:00
390,4161566192,32.25,0.01,sell,False,2022-06-01T05:31:11.500470+00:00
391,4160254788,32.26,0.01,buy,False,2022-06-01T01:05:53.459643+00:00
392,4160243023,32.25,0.01,buy,False,2022-06-01T01:03:28.222497+00:00
393,4160240214,32.24,0.01,buy,False,2022-06-01T01:03:14.565620+00:00
394,4160223290,32.23,0.01,buy,False,2022-06-01T01:00:15.566579+00:00
395,4160222869,32.21,0.01,buy,False,2022-06-01T01:00:11.864369+00:00
396,4159800275,32.11,0.01,buy,False,2022-06-01T00:00:11.693651+00:00
397,4159800443,32.12,0.01,buy,False,2022-06-01T00:00:10.807115+00:00
398,4159800333,32.13,0.01,buy,False,2022-06-01T00:00:09.710642+00:00
399,4159800017,32.15,0.01,buy,False,2022-06-01T00:00:08.787423+00:00
400,4159800016,32.14,0.01,buy,False,2022-06-01T00:00:08.787423+00:00
401,4159799889,32.16,0.01,buy,False,2022-06-01T00:00:07.508153+00:00
402,4159547764,32.07,0.01,buy,False,2022-05-31T23:00:13.343973+00:00
403,4155525198,32.04,0.1,sell,False,2022-05-31T12:00:04.338373+00:00
404,4153789010,32.24,0.02,sell,False,2022-05-31T06:17:29.687839+00:00
405,4153785882,32.26,0.01,sell,False,2022-05-31T06:17:15.539319+00:00
406,4153781954,32.28,0.01,sell,False,2022-05-31T06:16:50.473328+00:00
407,4153747990,32.3,0.01,sell,False,2022-05-31T06:10:22.840534+00:00
408,4153741385,32.32,0.01,sell,False,2022-05-31T06:08:55.488398+00:00
409,4153739567,32.34,0.02,sell,False,2022-05-31T06:08:30.090398+00:00
410,4153514559,32.36,0.01,buy,False,2022-05-31T05:30:06.130097+00:00
411,4152874097,32.34,0.01,sell,False,2022-05-31T03:26:27.132991+00:00
412,4152873938,32.36,0.01,sell,False,2022-05-31T03:26:26.587670+00:00
413,4151886981,32.4,0.01,sell,False,2022-05-31T00:31:34.940595+00:00
414,4151884139,32.41,0.01,sell,False,2022-05-31T00:31:10.687427+00:00
415,4151883826,32.42,0.01,sell,False,2022-05-31T00:31:09.938296+00:00
416,4151883239,32.43,0.01,sell,False,2022-05-31T00:31:03.433476+00:00
417,4151869335,32.45,0.01,sell,False,2022-05-31T00:28:25.047861+00:00
418,4151868036,32.46,0.01,sell,False,2022-05-31T00:28:16.203300+00:00
419,4151855079,32.47,0.01,sell,False,2022-05-31T00:25:39.327317+00:00
420,4151769394,32.62,1.35,sell,False,2022-05-31T00:13:14.629048+00:00
421,4151619356,32.49,0.04,buy,False,2022-05-30T23:57:04.983435+00:00
422,4151612716,32.48,0.04,buy,False,2022-05-30T23:55:37.925769+00:00
423,4151533607,32.46,0.01,sell,False,2022-05-30T23:39:11.798388+00:00
424,4151305713,32.47,0.01,sell,False,2022-05-30T23:00:12.539760+00:00
425,4151305712,32.47,0.01,sell,False,2022-05-30T23:00:12.539760+00:00
426,4146444549,32.49,0.01,buy,False,2022-05-30T07:45:01.635365+00:00
427,4145672020,32.48,0.01,buy,False,2022-05-30T05:47:44.392268+00:00
428,4145606393,32.47,0.01,buy,False,2022-05-30T05:36:30.473832+00:00
429,4145540860,32.46,0.01,buy,False,2022-05-30T05:19:30.630957+00:00
430,4145486714,32.45,0.01,buy,False,2022-05-30T05:05:30.685279+00:00
431,4143672164,32.41,0.01,sell,False,2022-05-29T23:04:03.252190+00:00
432,4143657302,32.48,0.01,sell,False,2022-05-29T23:00:16.717901+00:00
433,4143656273,32.47,0.01,sell,False,2022-05-29T23:00:15.816091+00:00
434,4143656573,32.46,0.01,sell,False,2022-05-29T23:00:14.888817+00:00
435,4143656551,32.45,0.01,sell,False,2022-05-29T23:00:13.776055+00:00
436,4143656202,32.44,0.01,sell,False,2022-05-29T23:00:12.873463+00:00
437,4143656172,32.43,0.01,sell,False,2022-05-29T23:00:11.898855+00:00
438,4143656448,32.42,0.01,sell,False,2022-05-29T23:00:11.024675+00:00
439,4141911824,32.55,0.01,sell,False,2022-05-29T15:02:03.423917+00:00
440,4136440867,32.56,0.01,sell,False,2022-05-28T15:52:05.131932+00:00
441,4136177041,32.58,0.01,sell,False,2022-05-28T15:00:11.930168+00:00
442,4134652843,32.64,0.02,buy,False,2022-05-28T08:51:12.343022+00:00
443,4134650653,32.64,4.96,buy,False,2022-05-28T08:50:24.437891+00:00
444,4134650652,32.37,0.02,buy,False,2022-05-28T08:50:24.437891+00:00
445,4133263494,32.35,0.02,buy,False,2022-05-28T03:09:07.458496+00:00
446,4133264494,32.36,0.02,buy,False,2022-05-28T03:09:06.663701+00:00
447,4129926539,32.33,28.09,buy,False,2022-05-27T16:20:05.281849+00:00
448,4127911357,31.77,0.06,buy,False,2022-05-27T12:00:13.105677+00:00
449,4126003122,31.45,0.01,buy,False,2022-05-27T06:56:40.932660+00:00
450,4122428570,31.35,0.01,buy,False,2022-05-26T22:00:03.807221+00:00
451,4122183499,31.26,0.01,buy,False,2022-05-26T21:00:34.807753+00:00
452,4122181225,31.28,0.01,buy,False,2022-05-26T21:00:33.915132+00:00
453,4122181164,31.31,0.01,buy,False,2022-05-26T21:00:32.970611+00:00
454,4122183328,31.33,0.01,buy,False,2022-05-26T21:00:31.997898+00:00
455,4117880558,30.3,0.03,buy,False,2022-05-26T12:00:02.873666+00:00
456,4115096777,29.51,0.01,sell,False,2022-05-26T05:57:10.872536+00:00
457,4115081846,29.53,0.01,sell,False,2022-05-26T05:54:57.904055+00:00
458,4114217959,29.55,0.01,sell,False,2022-05-26T03:19:02.832573+00:00
459,4114206993,29.57,0.01,sell,False,2022-05-26T03:17:48.078608+00:00
460,4114160493,29.59,0.01,sell,False,2022-05-26T03:10:08.215336+00:00
461,4114154637,29.61,0.01,sell,False,2022-05-26T03:09:10.613785+00:00
462,4113616390,29.7,0.01,buy,False,2022-05-26T01:00:22.703468+00:00
463,4113614726,29.61,0.01,buy,False,2022-05-26T01:00:09.536658+00:00
464,4113615326,29.63,0.01,buy,False,2022-05-26T01:00:08.558933+00:00
465,4113614362,29.66,0.01,buy,False,2022-05-26T01:00:06.431326+00:00
466,4113614315,29.68,0.01,buy,False,2022-05-26T01:00:05.560039+00:00
467,4112817594,29.49,0.01,buy,False,2022-05-25T22:00:06.310557+00:00
468,4112816977,29.46,0.01,buy,False,2022-05-25T22:00:01.831812+00:00
469,4112816976,29.46,0.01,buy,False,2022-05-25T22:00:01.831812+00:00
470,4112604670,29.36,0.01,buy,False,2022-05-25T21:00:10.408074+00:00
471,4109256735,28.51,0.12,buy,False,2022-05-25T12:00:05.711180+00:00
472,4108393666,28.64,0.01,sell,False,2022-05-25T09:05:24.466184+00:00
473,4108393665,28.66,0.01,sell,False,2022-05-25T09:05:24.466184+00:00
474,4108393664,28.68,0.01,sell,False,2022-05-25T09:05:24.466184+00:00
475,4108393663,28.7,0.01,sell,False,2022-05-25T09:05:24.466184+00:00
476,4108393662,28.72,0.01,sell,False,2022-05-25T09:05:24.466184+00:00
477,4106765263,28.75,0.06,buy,False,2022-05-25T03:34:08.494607+00:00
478,4106666203,28.71,0.01,buy,False,2022-05-25T03:13:06.516375+00:00
479,4105201436,28.64,0.01,buy,False,2022-05-24T22:11:20.565358+00:00
480,4105201435,28.63,0.01,buy,False,2022-05-24T22:11:20.565358+00:00
481,4105201434,28.62,0.01,buy,False,2022-05-24T22:11:20.565358+00:00
482,4105197680,28.61,0.01,buy,False,2022-05-24T22:10:37.591627+00:00
483,4105157284,28.6,0.01,buy,False,2022-05-24T22:00:42.703580+00:00
484,4105155613,28.59,0.01,buy,False,2022-05-24T22:00:39.927341+00:00
485,4105153822,28.58,0.01,buy,False,2022-05-24T22:00:17.546562+00:00
486,4105154804,28.55,0.01,buy,False,2022-05-24T22:00:16.321871+00:00
487,4105154770,28.56,0.01,buy,False,2022-05-24T22:00:15.339267+00:00
488,4105154757,28.57,0.01,buy,False,2022-05-24T22:00:14.688509+00:00
489,4102878670,28.46,7.92,sell,False,2022-05-24T15:15:29.123807+00:00
490,4101209153,30.68,0.01,buy,False,2022-05-24T11:28:44.181435+00:00
491,4101209152,30.68,0.01,buy,False,2022-05-24T11:28:44.181435+00:00
492,4101209675,30.67,0.01,buy,False,2022-05-24T11:28:43.645697+00:00
493,4101209674,30.67,0.01,buy,False,2022-05-24T11:28:43.645697+00:00
494,4101209130,30.66,0.01,buy,False,2022-05-24T11:28:43.079372+00:00
495,4101209129,30.66,0.01,buy,False,2022-05-24T11:28:43.079372+00:00
496,4101209655,30.65,0.01,buy,False,2022-05-24T11:28:42.552469+00:00
497,4101209654,30.65,0.01,buy,False,2022-05-24T11:28:42.552469+00:00
498,4101117393,30.64,0.01,buy,False,2022-05-24T11:09:55.496787+00:00
499,4101117392,30.64,0.01,buy,False,2022-05-24T11:09:55.496787+00:00
500,4101112148,30.63,0.01,buy,False,2022-05-24T11:09:06.619331+00:00
501,4101110036,30.62,0.01,buy,False,2022-05-24T11:08:37.182256+00:00
502,4101109402,30.61,0.01,buy,False,2022-05-24T11:08:25.050445+00:00
503,4101108223,30.6,0.01,buy,False,2022-05-24T11:08:21.800954+00:00
504,4099867731,30.59,0.01,sell,False,2022-05-24T06:46:15.072918+00:00
505,4098587885,30.78,0.01,sell,False,2022-05-24T01:09:34.914561+00:00
506,4098587118,30.77,0.01,sell,False,2022-05-24T01:09:33.977375+00:00
507,4098587831,30.75,0.01,sell,False,2022-05-24T01:09:33.381955+00:00
508,4097373450,31.01,0.01,sell,False,2022-05-23T22:00:08.203918+00:00
509,4097372586,30.97,0.01,sell,False,2022-05-23T22:00:07.314286+00:00
510,4097372487,30.93,0.01,sell,False,2022-05-23T22:00:06.607262+00:00
511,4097229344,31.4,0.01,sell,False,2022-05-23T21:25:42.187893+00:00
512,4097229309,31.41,0.01,sell,False,2022-05-23T21:25:40.341900+00:00
513,4097228974,31.42,0.01,sell,False,2022-05-23T21:25:38.872401+00:00
514,4097228245,31.44,0.01,sell,False,2022-05-23T21:25:36.952809+00:00
515,4097228918,31.46,0.01,sell,False,2022-05-23T21:25:34.773502+00:00
516,4097228177,31.47,0.01,sell,False,2022-05-23T21:25:34.091361+00:00
517,4097219106,31.49,0.01,sell,False,2022-05-23T21:22:32.776138+00:00
518,4093704177,31.67,2.21,sell,False,2022-05-23T13:31:07.243411+00:00
519,4091820627,32.07,10.11,buy,False,2022-05-23T08:00:02.983684+00:00
520,4073373000,30.6,0.16,sell,False,2022-05-20T16:10:02.379227+00:00
521,4068197271,31.2,0.35,buy,False,2022-05-20T01:34:25.860668+00:00
522,4053339151,32.03,6.8,buy,False,2022-05-18T10:25:20.587560+00:00
523,4052840196,31.75,0.98,sell,False,2022-05-18T08:41:28.310336+00:00
524,4046165283,31.09,1.24,buy,False,2022-05-17T13:33:04.427789+00:00
525,4041087959,29.7,0.3,sell,False,2022-05-16T21:54:46.750039+00:00
526,4032542628,31.15,0.8,sell,False,2022-05-16T02:01:09.775312+00:00
527,4004985222,32.02,0.01,buy,False,2022-05-13T09:22:25.579096+00:00
528,4004982409,32.02,0.01,buy,False,2022-05-13T09:22:01.295637+00:00
529,4004979084,32.02,0.01,buy,False,2022-05-13T09:21:40.282362+00:00
530,4004977714,32.02,0.01,buy,False,2022-05-13T09:21:27.607106+00:00
531,4004975455,32.02,0.01,buy,False,2022-05-13T09:21:11.497320+00:00
532,4004972319,32.02,0.01,buy,False,2022-05-13T09:20:49.746915+00:00
533,4004970963,32.02,0.01,buy,False,2022-05-13T09:20:39.743867+00:00
534,4004966543,32.02,0.01,buy,False,2022-05-13T09:20:13.744829+00:00
535,4004963661,32.02,0.01,buy,False,2022-05-13T09:19:58.891304+00:00
536,4004960728,32.02,0.01,buy,False,2022-05-13T09:19:45.364933+00:00
537,4004957220,32.02,0.01,buy,False,2022-05-13T09:19:24.548763+00:00
538,4004953985,32.02,0.01,buy,False,2022-05-13T09:19:03.244812+00:00
539,4004951562,32.02,0.01,buy,False,2022-05-13T09:18:45.597411+00:00
540,4004949321,32.02,0.01,buy,False,2022-05-13T09:18:32.147714+00:00
541,4004947163,32.02,0.01,buy,False,2022-05-13T09:18:15.844436+00:00
542,4004944808,32.02,0.01,buy,False,2022-05-13T09:17:59.498658+00:00
543,4004937156,32.02,0.01,buy,False,2022-05-13T09:17:17.276265+00:00
544,4004936178,32.02,0.01,buy,False,2022-05-13T09:17:11.371705+00:00
545,4004932930,32.02,0.01,buy,False,2022-05-13T09:16:54.852508+00:00
546,4004921769,32.02,0.01,buy,False,2022-05-13T09:16:12.744166+00:00
547,4004920036,32.02,0.16,buy,False,2022-05-13T09:16:03.632257+00:00
548,4004919910,32.02,0.17,buy,False,2022-05-13T09:16:02.954623+00:00
549,4004919432,32.02,0.19,buy,False,2022-05-13T09:16:00.907460+00:00
550,4004918764,32.02,0.21,buy,False,2022-05-13T09:15:59.280945+00:00
551,4004918243,32.02,0.01,buy,False,2022-05-13T09:15:55.931960+00:00
552,4004916567,32.02,0.01,buy,False,2022-05-13T09:15:44.832137+00:00
553,4004912191,32.02,0.01,buy,False,2022-05-13T09:15:19.108123+00:00
554,4004906572,32.02,0.01,buy,False,2022-05-13T09:14:48.257073+00:00
555,4004905531,32.02,0.01,buy,False,2022-05-13T09:14:36.902596+00:00
556,3992933886,28.67,6.65,sell,False,2022-05-12T13:39:03.085365+00:00
557,3992918041,28.79,1.76,sell,False,2022-05-12T13:38:14.762936+00:00
558,3986503376,28.89,4.2,sell,False,2022-05-12T06:53:22.704740+00:00
559,3986503375,29.01,1.14,sell,False,2022-05-12T06:53:22.704740+00:00
560,3975562587,29.57,1.56,sell,False,2022-05-11T19:45:35.809068+00:00
561,3973389716,29.79,1.02,sell,False,2022-05-11T17:23:37.213204+00:00
562,3949991887,30.23,6.6,sell,False,2022-05-10T15:26:14.446198+00:00
563,3949988927,30.26,1.39,sell,False,2022-05-10T15:25:59.029155+00:00
564,3949700503,30.48,0.91,sell,False,2022-05-10T15:04:25.927815+00:00
565,3949518434,30.87,1.24,sell,False,2022-05-10T14:50:54.680070+00:00
566,3949400311,31.09,0.82,sell,False,2022-05-10T14:43:29.919951+00:00
567,3949374105,31.33,5.44,sell,False,2022-05-10T14:41:18.877543+00:00
568,3949347505,31.4,1.11,sell,False,2022-05-10T14:39:04.880995+00:00
569,3949272452,31.64,0.74,sell,False,2022-05-10T14:33:11.334083+00:00
570,3949225342,31.79,0.28,sell,False,2022-05-10T14:28:21.976172+00:00
571,3948757077,31.79,0.06,sell,False,2022-05-10T13:44:45.582088+00:00
572,3948757041,31.79,0.08,sell,False,2022-05-10T13:44:45.254711+00:00
573,3948757028,31.79,0.13,sell,False,2022-05-10T13:44:45.054774+00:00
574,3948757001,31.79,0.12,sell,False,2022-05-10T13:44:44.929137+00:00
575,3948756988,31.79,0.21,sell,False,2022-05-10T13:44:44.829963+00:00
576,3948756972,31.79,0.21,sell,False,2022-05-10T13:44:44.730590+00:00
577,3948745041,31.79,0.4,sell,False,2022-05-10T13:43:42.894499+00:00
578,3948744990,31.79,0.53,sell,False,2022-05-10T13:43:42.832030+00:00
579,3948744935,31.79,0.66,sell,False,2022-05-10T13:43:42.680144+00:00
580,3948744930,31.79,0.66,sell,False,2022-05-10T13:43:42.629375+00:00
581,3948744904,31.79,1.11,sell,False,2022-05-10T13:43:42.430226+00:00
582,3948744903,31.79,1.11,sell,False,2022-05-10T13:43:42.428892+00:00
583,3948491662,32.71,0.01,sell,False,2022-05-10T13:24:20.467832+00:00
584,3948491655,32.71,0.01,sell,False,2022-05-10T13:24:20.417716+00:00
585,3948491641,32.71,0.01,sell,False,2022-05-10T13:24:20.141838+00:00
586,3948491640,32.71,0.01,sell,False,2022-05-10T13:24:20.141434+00:00
587,3948491607,32.71,0.01,sell,False,2022-05-10T13:24:19.942160+00:00
588,3948491605,32.71,0.01,sell,False,2022-05-10T13:24:19.913515+00:00
589,3948491591,32.71,0.01,sell,False,2022-05-10T13:24:19.695321+00:00
590,3948491590,32.71,0.01,sell,False,2022-05-10T13:24:19.694976+00:00
591,3948491578,32.71,0.02,sell,False,2022-05-10T13:24:19.470525+00:00
592,3948491577,32.71,0.03,sell,False,2022-05-10T13:24:19.470092+00:00
593,3948491565,32.71,0.04,sell,False,2022-05-10T13:24:19.152020+00:00
594,3948491562,32.71,0.04,sell,False,2022-05-10T13:24:19.097479+00:00
595,3938359196,31.89,0.01,sell,False,2022-05-09T21:55:04.127138+00:00
596,3938359177,31.89,0.01,sell,False,2022-05-09T21:55:04.026261+00:00
597,3938359135,31.89,0.01,sell,False,2022-05-09T21:55:03.870082+00:00
598,3938359111,31.89,0.01,sell,False,2022-05-09T21:55:03.821032+00:00
599,3938359036,31.89,0.01,sell,False,2022-05-09T21:55:03.619667+00:00
600,3938359006,31.89,0.01,sell,False,2022-05-09T21:55:03.542097+00:00
601,3938358924,31.89,0.02,sell,False,2022-05-09T21:55:03.387220+00:00
602,3938358900,31.89,0.02,sell,False,2022-05-09T21:55:03.286573+00:00
603,3938358790,31.89,0.03,sell,False,2022-05-09T21:55:02.982004+00:00
604,3938358789,31.89,0.03,sell,False,2022-05-09T21:55:02.981465+00:00
605,3937020570,31.88,0.99,sell,False,2022-05-09T19:51:39.966819+00:00
606,3936719673,32.12,0.67,sell,False,2022-05-09T19:27:33.124967+00:00
607,3936206928,32.3,0.89,sell,False,2022-05-09T18:50:27.719911+00:00
608,3935837118,32.32,0.13,sell,True,2022-05-09T18:34:28.977958+00:00
609,3933192849,32.54,0.61,sell,False,2022-05-09T15:31:57.789862+00:00
610,3932833212,32.67,0.8,sell,False,2022-05-09T14:51:21.813090+00:00
611,3932677352,32.92,0.55,sell,False,2022-05-09T14:37:43.431697+00:00
612,3932672263,33.01,0.79,sell,False,2022-05-09T14:37:11.574648+00:00
613,3931941818,33.2,0.01,sell,False,2022-05-09T13:33:22.661402+00:00
614,3931941714,33.2,0.01,sell,False,2022-05-09T13:33:22.328378+00:00
615,3931941477,33.2,0.01,sell,False,2022-05-09T13:33:21.845019+00:00
616,3931941447,33.2,0.01,sell,False,2022-05-09T13:33:21.706255+00:00
617,3931892999,33.18,0.02,sell,False,2022-05-09T13:31:38.514383+00:00
618,3931465099,33.31,0.01,sell,False,2022-05-09T12:38:23.984272+00:00
619,3931465093,33.31,0.01,sell,False,2022-05-09T12:38:23.936556+00:00
620,3931465070,33.49,0.01,sell,False,2022-05-09T12:38:23.785184+00:00
621,3931465063,33.49,0.01,sell,False,2022-05-09T12:38:23.609522+00:00
622,3931465054,33.49,0.01,sell,False,2022-05-09T12:38:23.512614+00:00
623,3931465043,33.49,0.01,sell,False,2022-05-09T12:38:23.403060+00:00
624,3931465033,33.49,0.01,sell,False,2022-05-09T12:38:23.251227+00:00
625,3931465026,33.49,0.02,sell,False,2022-05-09T12:38:23.196609+00:00
626,3931464995,33.49,0.03,sell,False,2022-05-09T12:38:22.815834+00:00
627,3931464994,33.49,0.03,sell,False,2022-05-09T12:38:22.815291+00:00
628,3930354351,33.17,4.71,sell,False,2022-05-09T10:47:04.214564+00:00
629,3930266048,33.24,0.55,buy,False,2022-05-09T10:44:22.605356+00:00
630,3930014847,33.69,2.92,buy,False,2022-05-09T10:26:59.964339+00:00
631,3930014797,33.73,2.92,buy,False,2022-05-09T10:26:59.588276+00:00
632,3930014709,33.69,4.52,sell,False,2022-05-09T10:26:58.884930+00:00
633,3930014708,33.7,2.22,sell,False,2022-05-09T10:26:58.884930+00:00
634,3910265680,35.0,0.03,sell,False,2022-05-06T17:37:41.175809+00:00
635,3910157566,35.35,0.03,sell,False,2022-05-06T17:16:02.273488+00:00
636,3910062214,35.71,0.03,buy,False,2022-05-06T16:56:25.678950+00:00
637,3909954613,35.35,0.03,sell,False,2022-05-06T16:38:05.847278+00:00
638,3909858458,35.71,0.03,buy,False,2022-05-06T16:23:14.593909+00:00
639,3909758608,35.35,0.03,sell,False,2022-05-06T16:11:11.524111+00:00
640,3909531562,35.71,0.03,sell,False,2022-05-06T15:41:26.523332+00:00
641,3909289681,36.07,0.03,buy,False,2022-05-06T15:16:00.112381+00:00
642,3909023725,35.71,0.03,buy,False,2022-05-06T14:46:08.129711+00:00
643,3908731534,35.35,0.03,buy,False,2022-05-06T14:17:35.159654+00:00
644,3908484001,34.39,4.02,sell,False,2022-05-06T13:54:30.732878+00:00
645,3908358696,35.0,0.03,sell,False,2022-05-06T13:45:31.220544+00:00
646,3908118344,35.35,0.03,sell,False,2022-05-06T13:35:05.711761+00:00
647,3908097589,35.47,3.45,sell,False,2022-05-06T13:33:43.958171+00:00
648,3908076867,35.71,0.03,sell,False,2022-05-06T13:32:47.076004+00:00
649,3908075259,35.77,3.8,sell,False,2022-05-06T13:32:39.477000+00:00
650,3908051776,35.89,0.13,sell,False,2022-05-06T13:30:46.226950+00:00
651,3908051331,36.07,0.03,sell,False,2022-05-06T13:30:42.523997+00:00
652,3906308603,36.42,0.03,sell,False,2022-05-06T09:18:17.208370+00:00
653,3905987597,37.04,0.1,buy,False,2022-05-06T08:16:27.239976+00:00
654,3905987596,36.78,0.03,buy,False,2022-05-06T08:16:27.239976+00:00
655,3902283594,36.42,0.03,buy,False,2022-05-05T19:50:39.449125+00:00
656,3902009685,36.07,0.03,sell,False,2022-05-05T19:23:01.548256+00:00
657,3901514631,36.42,0.03,sell,False,2022-05-05T18:39:23.511545+00:00
658,3901125379,36.78,0.03,sell,False,2022-05-05T18:12:34.669259+00:00
659,3900919712,37.14,0.03,sell,False,2022-05-05T17:49:44.917582+00:00
660,3900592991,37.5,0.03,buy,False,2022-05-05T17:07:46.113834+00:00
661,3900374485,37.14,0.03,sell,False,2022-05-05T16:44:11.055789+00:00
662,3900247432,37.5,0.03,buy,False,2022-05-05T16:31:46.653232+00:00
663,3899833173,37.14,0.03,sell,False,2022-05-05T16:00:31.887270+00:00
664,3898916483,37.5,0.03,buy,False,2022-05-05T15:12:06.159471+00:00
665,3898416647,37.14,0.03,sell,False,2022-05-05T14:53:06.548892+00:00
666,3898324311,37.5,0.03,buy,False,2022-05-05T14:45:55.430369+00:00
667,3898101756,37.14,0.03,sell,False,2022-05-05T14:30:03.820292+00:00
668,3897874470,37.5,0.03,buy,False,2022-05-05T14:11:27.942236+00:00
669,3897776592,37.14,0.03,sell,False,2022-05-05T14:05:29.901673+00:00
670,3897699470,37.5,0.03,sell,False,2022-05-05T14:00:47.695123+00:00
671,3897543302,37.85,0.03,buy,False,2022-05-05T13:46:29.194025+00:00
672,3897508980,37.5,0.03,sell,False,2022-05-05T13:42:52.845321+00:00
673,3897464363,37.85,0.03,sell,False,2022-05-05T13:36:42.375897+00:00
674,3897460228,38.21,0.01,sell,False,2022-05-05T13:36:05.112907+00:00
675,3897452522,38.21,0.02,sell,False,2022-05-05T13:35:13.148161+00:00
676,3897452417,38.22,0.02,sell,False,2022-05-05T13:35:12.287576+00:00
677,3897447076,38.57,0.03,buy,False,2022-05-05T13:34:34.390515+00:00
678,3897428630,38.21,0.03,sell,False,2022-05-05T13:32:41.441579+00:00
679,3897421627,38.57,0.03,sell,False,2022-05-05T13:31:59.635009+00:00
680,3897392135,38.92,0.03,buy,False,2022-05-05T13:30:11.709720+00:00
681,3893375292,38.34,4.18,sell,False,2022-05-04T22:32:32.167786+00:00
682,3892345388,38.57,0.03,buy,False,2022-05-04T19:26:26.187637+00:00
683,3892169293,38.21,0.03,buy,False,2022-05-04T19:12:19.261624+00:00
684,3891897898,37.85,0.03,buy,False,2022-05-04T18:55:48.970129+00:00
685,3891677141,37.5,0.03,buy,False,2022-05-04T18:47:16.755020+00:00
686,3891671571,37.47,2.0,buy,False,2022-05-04T18:47:06.653819+00:00
687,3891605507,37.14,0.03,buy,False,2022-05-04T18:44:22.780457+00:00
688,3891587687,36.78,0.03,buy,False,2022-05-04T18:43:31.300575+00:00
689,3891472985,36.42,0.03,sell,False,2022-05-04T18:34:27.640287+00:00
690,3891420246,36.78,0.03,sell,False,2022-05-04T18:30:36.506850+00:00
691,3891385555,37.14,0.03,buy,False,2022-05-04T18:27:48.862501+00:00
692,3891172581,36.78,0.03,sell,False,2022-05-04T18:07:24.131968+00:00
693,3891014193,37.14,0.03,buy,False,2022-05-04T18:00:06.144350+00:00
694,3890383262,36.78,0.03,buy,False,2022-05-04T16:23:09.386980+00:00
695,3890187617,36.42,0.03,sell,False,2022-05-04T15:57:30.608980+00:00
696,3889990350,36.78,0.03,sell,False,2022-05-04T15:28:15.099288+00:00
697,3889562551,37.14,0.03,sell,False,2022-05-04T14:09:16.438355+00:00
698,3889519996,37.5,0.03,sell,False,2022-05-04T14:03:37.064075+00:00
699,3889485495,37.85,0.03,sell,False,2022-05-04T14:00:10.705021+00:00
700,3889287465,38.21,0.03,sell,False,2022-05-04T13:32:29.164243+00:00
701,3889272398,38.57,0.03,sell,False,2022-05-04T13:31:01.436396+00:00
702,3888476723,38.92,0.03,buy,False,2022-05-04T11:25:32.586106+00:00
703,3883603595,38.57,0.03,buy,False,2022-05-03T18:50:48.427767+00:00
704,3883353696,38.21,0.03,sell,False,2022-05-03T18:17:42.085952+00:00
705,3883343786,38.26,2.0,sell,False,2022-05-03T18:16:49.546013+00:00
706,3883148385,38.57,0.03,buy,False,2022-05-03T17:49:37.176195+00:00
707,3883011313,38.21,0.03,buy,False,2022-05-03T17:17:13.303246+00:00
708,3882340387,37.85,0.03,buy,False,2022-05-03T15:08:10.186852+00:00
709,3882187378,37.5,0.03,sell,False,2022-05-03T14:39:37.948411+00:00
710,3882144289,37.85,0.03,buy,False,2022-05-03T14:30:07.212156+00:00
711,3882082051,37.5,0.03,sell,False,2022-05-03T14:16:26.289123+00:00
712,3882035836,37.85,0.03,sell,False,2022-05-03T14:09:43.811298+00:00
713,3881976556,38.21,0.03,buy,False,2022-05-03T14:00:25.260918+00:00
714,3881878886,37.85,0.03,sell,False,2022-05-03T13:46:22.896129+00:00
715,3881784116,38.21,0.03,buy,False,2022-05-03T13:33:39.012847+00:00
716,3877329970,37.85,0.03,buy,False,2022-05-02T19:59:11.399189+00:00
717,3877235686,37.5,0.03,buy,False,2022-05-02T19:41:33.319552+00:00
718,3877034373,37.14,0.03,buy,False,2022-05-02T19:12:26.929796+00:00
719,3876972516,36.78,0.03,buy,False,2022-05-02T19:03:34.106349+00:00
720,3876291879,36.42,0.03,sell,False,2022-05-02T17:21:40.681218+00:00
721,3876061322,36.78,0.03,sell,False,2022-05-02T16:49:37.917276+00:00
722,3875909414,37.14,0.03,buy,False,2022-05-02T16:21:13.142217+00:00
723,3875522011,36.78,0.03,sell,False,2022-05-02T15:18:09.635722+00:00
724,3875173345,37.14,0.03,buy,False,2022-05-02T14:29:30.413489+00:00
725,3874987960,36.78,0.03,sell,False,2022-05-02T14:05:59.744992+00:00
726,3874818685,37.14,0.03,buy,False,2022-05-02T13:48:25.206392+00:00
727,3874673934,36.78,0.03,buy,False,2022-05-02T13:40:07.936517+00:00
728,3874549855,36.42,0.03,sell,False,2022-05-02T13:34:07.625953+00:00
729,3874522712,36.78,0.03,buy,False,2022-05-02T13:31:00.435096+00:00
730,3873941450,36.42,0.03,sell,False,2022-05-02T11:56:37.590642+00:00
731,3853904167,36.78,0.03,sell,False,2022-04-29T19:50:05.284352+00:00
732,3853381214,37.14,0.03,sell,False,2022-04-29T18:45:17.682900+00:00
733,3853040543,37.5,0.03,sell,False,2022-04-29T17:47:21.950352+00:00
734,3852538208,37.85,0.03,sell,False,2022-04-29T16:30:03.524800+00:00
735,3852023632,38.21,0.03,buy,False,2022-04-29T14:59:23.372393+00:00
736,3851916047,37.85,0.03,sell,False,2022-04-29T14:46:11.975685+00:00
737,3851669630,38.21,0.03,sell,False,2022-04-29T14:16:30.142799+00:00
738,3851563217,38.57,0.03,sell,False,2022-04-29T14:03:07.246959+00:00
739,3851520060,38.92,0.03,buy,False,2022-04-29T13:59:20.413843+00:00
740,3851328527,38.57,0.03,buy,False,2022-04-29T13:34:11.356001+00:00
741,3851285866,38.21,0.03,buy,False,2022-04-29T13:30:16.284255+00:00
742,3851284672,37.85,0.03,buy,False,2022-04-29T13:30:06.407954+00:00
743,3846256813,37.5,0.03,sell,False,2022-04-28T21:59:15.580620+00:00
744,3845615366,37.85,0.03,sell,False,2022-04-28T20:01:01.157854+00:00
745,3845103962,38.21,0.03,buy,False,2022-04-28T18:25:30.291074+00:00
746,3844772075,37.85,0.03,buy,False,2022-04-28T17:34:00.586278+00:00
747,3844531728,37.5,0.03,buy,False,2022-04-28T17:00:16.851279+00:00
748,3844406741,37.14,0.03,buy,False,2022-04-28T16:45:14.877760+00:00
749,3844244706,36.78,0.03,buy,False,2022-04-28T16:25:18.253669+00:00
750,3843869170,36.42,0.03,sell,False,2022-04-28T15:39:27.400927+00:00
751,3843597593,36.78,0.03,buy,False,2022-04-28T15:12:31.025529+00:00
752,3843209497,36.42,0.03,sell,False,2022-04-28T14:30:34.997869+00:00
753,3843109356,36.78,0.03,sell,False,2022-04-28T14:15:31.231945+00:00
754,3842847933,37.14,0.03,sell,False,2022-04-28T13:48:54.791084+00:00
755,3842798047,37.5,0.03,sell,False,2022-04-28T13:44:39.883951+00:00
756,3842693183,37.85,0.03,buy,False,2022-04-28T13:31:41.646509+00:00
757,3842309758,37.5,0.03,sell,False,2022-04-28T12:38:25.600709+00:00
758,3840933129,37.85,0.03,buy,False,2022-04-28T08:00:01.545657+00:00
759,3840933128,37.5,0.03,buy,False,2022-04-28T08:00:01.545657+00:00
760,3838251713,37.14,0.03,buy,False,2022-04-27T20:30:26.333549+00:00
761,3837864750,36.78,0.03,sell,False,2022-04-27T19:13:08.357727+00:00
762,3837523046,37.14,0.03,buy,False,2022-04-27T18:00:21.730263+00:00
763,3837308743,36.78,0.03,sell,False,2022-04-27T17:19:59.254928+00:00
764,3836935660,37.14,0.03,buy,False,2022-04-27T16:27:41.011436+00:00
765,3834932532,36.78,0.03,sell,False,2022-04-27T11:28:44.187179+00:00
766,3833820180,37.14,0.03,buy,False,2022-04-27T08:00:01.469133+00:00
767,3833659103,36.78,0.03,sell,False,2022-04-27T07:28:20.136341+00:00
768,3829909712,37.14,0.03,sell,False,2022-04-26T19:14:48.859193+00:00
769,3829708930,37.5,0.03,buy,False,2022-04-26T18:35:40.852806+00:00
770,3829592143,37.14,0.03,buy,False,2022-04-26T18:15:35.022065+00:00
771,3829277896,36.78,0.03,sell,False,2022-04-26T17:32:07.308987+00:00
772,3828978685,37.14,0.03,buy,False,2022-04-26T16:58:07.052613+00:00
773,3828671103,36.78,0.03,buy,False,2022-04-26T16:23:20.406119+00:00
774,3828341468,36.42,0.03,sell,False,2022-04-26T15:56:16.189476+00:00
775,3828149260,36.78,0.03,buy,False,2022-04-26T15:33:54.157239+00:00
776,3828039903,36.42,0.03,sell,False,2022-04-26T15:19:32.084746+00:00
777,3827849508,36.78,0.03,sell,False,2022-04-26T15:01:39.828669+00:00
778,3827277919,37.14,0.03,sell,False,2022-04-26T14:02:32.220803+00:00
779,3827130652,37.5,0.03,sell,False,2022-04-26T13:50:45.533615+00:00
780,3826994287,37.85,0.03,sell,False,2022-04-26T13:35:14.250848+00:00
781,3821589608,38.21,0.03,buy,False,2022-04-25T19:18:58.868244+00:00
782,3821482217,37.85,0.03,sell,False,2022-04-25T19:07:26.239639+00:00
783,3821433782,38.21,0.03,sell,False,2022-04-25T19:00:56.687891+00:00
784,3821326177,38.57,0.03,buy,False,2022-04-25T18:50:09.840705+00:00
785,3821175037,38.21,0.03,buy,False,2022-04-25T18:32:15.887297+00:00
786,3820235505,37.85,0.03,buy,False,2022-04-25T16:07:43.567926+00:00
787,3820211275,37.5,0.03,sell,False,2022-04-25T16:04:35.568708+00:00
788,3819978309,37.85,0.03,buy,False,2022-04-25T15:26:24.635648+00:00
789,3819945251,37.5,0.03,buy,False,2022-04-25T15:21:05.220800+00:00
790,3819911972,37.14,0.03,sell,False,2022-04-25T15:15:49.343518+00:00
791,3819763415,37.5,0.03,sell,False,2022-04-25T14:54:42.291233+00:00
792,3819488229,37.85,0.03,buy,False,2022-04-25T14:25:16.964575+00:00
793,3819438266,37.5,0.03,sell,False,2022-04-25T14:18:21.292325+00:00
794,3819208142,37.85,0.03,sell,False,2022-04-25T13:47:09.941894+00:00
795,3819123509,38.21,0.03,buy,False,2022-04-25T13:38:19.766383+00:00
796,3819071470,37.85,0.03,buy,False,2022-04-25T13:36:29.757530+00:00
797,3819051964,37.5,0.03,buy,False,2022-04-25T13:34:35.650887+00:00
798,3818335388,37.14,0.03,buy,False,2022-04-25T11:35:11.194428+00:00
799,3818101340,36.78,0.03,sell,False,2022-04-25T11:04:58.474488+00:00
800,3818099283,37.14,0.03,buy,False,2022-04-25T11:04:27.959528+00:00
801,3817985671,36.78,0.03,sell,False,2022-04-25T10:32:59.823882+00:00
802,3817777157,37.14,0.03,buy,False,2022-04-25T09:41:39.391980+00:00
803,3802867326,36.78,0.03,buy,False,2022-04-22T19:32:11.386943+00:00
804,3802787203,36.42,0.03,buy,False,2022-04-22T19:15:42.387910+00:00
805,3802095359,36.07,0.03,sell,False,2022-04-22T16:55:24.638626+00:00
806,3801523629,36.42,0.03,sell,False,2022-04-22T15:41:52.970247+00:00
807,3800992558,36.78,0.03,sell,False,2022-04-22T14:30:52.425362+00:00
808,3800690051,37.14,0.03,sell,False,2022-04-22T13:56:32.831852+00:00
809,3800459307,37.5,0.03,buy,False,2022-04-22T13:34:09.735921+00:00
810,3794463737,37.14,0.03,buy,False,2022-04-21T19:30:57.239884+00:00
811,3794389929,36.78,0.03,sell,False,2022-04-21T19:17:56.631787+00:00
812,3794155459,37.14,0.03,sell,False,2022-04-21T18:44:55.882580+00:00
813,3793901260,37.5,0.03,sell,False,2022-04-21T18:00:41.795362+00:00
814,3793682374,37.85,0.03,buy,False,2022-04-21T17:28:20.716478+00:00
815,3793497483,37.5,0.03,sell,False,2022-04-21T17:03:42.518649+00:00
816,3792871534,37.85,0.03,sell,False,2022-04-21T15:45:13.582803+00:00
817,3792463404,38.21,0.03,sell,False,2022-04-21T14:47:54.734640+00:00
818,3792401871,38.57,0.03,sell,False,2022-04-21T14:41:21.648955+00:00
819,3792315978,38.92,0.03,buy,False,2022-04-21T14:31:14.629507+00:00
820,3792237098,38.57,0.03,sell,False,2022-04-21T14:21:33.519617+00:00
821,3792176157,38.92,0.03,sell,False,2022-04-21T14:14:19.258463+00:00
822,3792009320,39.28,0.03,buy,False,2022-04-21T13:53:28.683319+00:00
823,3791976035,38.92,0.03,sell,False,2022-04-21T13:48:38.605370+00:00
824,3791917082,39.28,0.03,sell,False,2022-04-21T13:40:54.866283+00:00
825,3791890661,39.64,0.03,buy,False,2022-04-21T13:38:14.460764+00:00
826,3791869404,39.28,0.03,sell,False,2022-04-21T13:35:29.642446+00:00
827,3791815538,39.64,0.03,buy,False,2022-04-21T13:30:38.139361+00:00
828,3791808029,39.28,0.03,buy,False,2022-04-21T13:30:04.750414+00:00
829,3789556654,38.92,0.03,buy,False,2022-04-21T08:00:01.368680+00:00
830,3785604122,38.57,0.03,sell,False,2022-04-20T18:37:15.360881+00:00
831,3785459447,38.92,0.03,sell,False,2022-04-20T18:11:27.816402+00:00
832,3783971256,39.28,0.03,buy,False,2022-04-20T14:41:15.836586+00:00
833,3783928889,38.92,0.03,buy,False,2022-04-20T14:34:01.729708+00:00
834,3783882365,38.57,0.03,sell,False,2022-04-20T14:27:43.404961+00:00
835,3783525584,38.92,0.03,buy,False,2022-04-20T13:49:26.005567+00:00
836,3783485671,38.57,0.03,sell,False,2022-04-20T13:46:03.281791+00:00
837,3783451047,38.92,0.03,sell,False,2022-04-20T13:43:31.689495+00:00
838,3783364505,39.28,0.03,buy,False,2022-04-20T13:36:51.541527+00:00
839,3777583868,38.92,0.03,sell,False,2022-04-19T19:27:26.719051+00:00
840,3777279439,39.28,0.03,sell,False,2022-04-19T18:09:48.040687+00:00
841,3776378719,39.81,8.96,buy,False,2022-04-19T15:40:09.478696+00:00
842,3776299547,39.64,0.03,buy,False,2022-04-19T15:30:34.199071+00:00
843,3776057627,39.28,0.03,buy,False,2022-04-19T14:59:56.193582+00:00
844,3775927100,38.92,0.03,buy,False,2022-04-19T14:37:02.428219+00:00
845,3775810349,38.57,0.03,buy,False,2022-04-19T14:19:51.482379+00:00
846,3775695536,38.21,0.03,buy,False,2022-04-19T14:07:58.562830+00:00
847,3775576024,37.85,0.03,buy,False,2022-04-19T13:59:03.820286+00:00
848,3775428233,37.5,0.03,buy,False,2022-04-19T13:45:00.589500+00:00
849,3775306513,37.14,0.03,buy,False,2022-04-19T13:30:19.467141+00:00
850,3774294743,36.78,0.03,sell,False,2022-04-19T09:53:45.512584+00:00
851,3770161428,37.14,0.03,buy,False,2022-04-18T18:13:05.097305+00:00
852,3769900873,36.78,0.03,buy,False,2022-04-18T17:34:16.200971+00:00
853,3769567451,36.42,0.03,buy,False,2022-04-18T17:04:22.963025+00:00
854,3769377309,36.07,0.03,sell,False,2022-04-18T16:33:44.421304+00:00
855,3768988545,36.42,0.03,sell,False,2022-04-18T15:28:19.228321+00:00
856,3768521007,36.78,0.03,sell,False,2022-04-18T14:20:42.229500+00:00
857,3768442481,37.14,0.03,buy,False,2022-04-18T14:08:32.006299+00:00
858,3768258402,36.78,0.03,sell,False,2022-04-18T13:40:15.219343+00:00
859,3766636694,37.14,0.03,sell,False,2022-04-18T08:00:03.785500+00:00
860,3759103597,37.48,0.02,buy,False,2022-04-17T02:14:25.238172+00:00
861,3755844643,37.48,2.69,buy,False,2022-04-16T07:03:30.833595+00:00
862,3748321673,37.5,0.03,sell,False,2022-04-14T18:56:19.478551+00:00
863,3748023220,37.85,0.03,buy,False,2022-04-14T17:50:48.347585+00:00
864,3747641698,37.5,0.03,sell,False,2022-04-14T16:41:08.503076+00:00
865,3746817113,37.85,0.03,sell,False,2022-04-14T14:48:16.664049+00:00
866,3746567497,38.21,0.03,buy,False,2022-04-14T14:14:04.081412+00:00
867,3746528491,37.85,0.03,sell,False,2022-04-14T14:09:35.513158+00:00
868,3746425097,38.21,0.03,buy,False,2022-04-14T14:01:56.484498+00:00
869,3745553350,37.85,0.03,sell,False,2022-04-14T11:52:40.620521+00:00
870,3740639458,38.21,0.03,buy,False,2022-04-13T16:48:55.550974+00:00
871,3740468197,37.85,0.03,sell,False,2022-04-13T16:20:36.137250+00:00
872,3740105318,38.21,0.03,buy,False,2022-04-13T15:30:13.688542+00:00
873,3739956425,37.85,0.03,buy,False,2022-04-13T15:15:57.242780+00:00
874,3739739879,37.5,0.03,buy,False,2022-04-13T14:46:39.162092+00:00
875,3739263314,37.14,0.03,sell,False,2022-04-13T14:00:40.967782+00:00
876,3739091756,37.5,0.03,buy,False,2022-04-13T13:46:38.582212+00:00
877,3739004144,37.14,0.03,buy,False,2022-04-13T13:38:40.888125+00:00
878,3738931001,36.78,0.03,sell,False,2022-04-13T13:31:11.753961+00:00
879,3735607757,37.14,0.03,buy,False,2022-04-13T01:02:19.900295+00:00
880,3733815823,36.78,0.03,sell,False,2022-04-12T18:39:51.541735+00:00
881,3733523578,37.14,0.03,sell,False,2022-04-12T17:51:33.288756+00:00
882,3733014771,37.5,0.03,sell,False,2022-04-12T16:10:21.448637+00:00
883,3732471698,37.85,0.03,sell,False,2022-04-12T14:38:12.100673+00:00
884,3732385851,38.21,0.03,sell,False,2022-04-12T14:29:06.734452+00:00
885,3732257179,38.57,0.03,sell,False,2022-04-12T14:18:26.723825+00:00
886,3732206417,38.88,0.02,sell,False,2022-04-12T14:13:21.639354+00:00
887,3732195096,38.98,0.02,sell,False,2022-04-12T14:12:09.565269+00:00
888,3732187162,39.08,0.02,buy,False,2022-04-12T14:11:03.456520+00:00
889,3732172479,38.98,0.02,buy,False,2022-04-12T14:09:15.546439+00:00
890,3732165276,38.92,0.03,buy,False,2022-04-12T14:08:26.269435+00:00
891,3732113437,38.57,0.03,buy,False,2022-04-12T14:02:59.416055+00:00
892,3732109507,38.43,1.92,buy,False,2022-04-12T14:02:48.381892+00:00
893,3732109403,38.43,64.87,buy,False,2022-04-12T14:02:47.826392+00:00
894,3732109334,38.43,64.74,buy,False,2022-04-12T14:02:47.227168+00:00
895,3732109154,38.43,64.36,buy,False,2022-04-12T14:02:46.650227+00:00
896,3732098140,38.43,3.8,sell,False,2022-04-12T14:01:48.123338+00:00
897,3732004971,38.21,0.03,buy,False,2022-04-12T13:47:29.870684+00:00
898,3731903562,37.8,132.27,buy,False,2022-04-12T13:37:03.139079+00:00
899,3731854081,37.8,57.59,buy,False,2022-04-12T13:33:23.579047+00:00
900,3731853997,37.8,74.68,buy,False,2022-04-12T13:33:22.929293+00:00
901,3731851327,37.85,0.03,sell,False,2022-04-12T13:33:09.235851+00:00
902,3731834713,38.3,60.81,buy,False,2022-04-12T13:31:24.062364+00:00
903,3731834683,38.3,69.73,buy,False,2022-04-12T13:31:23.524979+00:00
904,3731826728,38.33,1.99,buy,False,2022-04-12T13:30:27.600278+00:00
905,3731690271,38.21,0.03,sell,False,2022-04-12T13:12:57.850775+00:00
906,3731648628,38.57,0.03,buy,False,2022-04-12T13:08:32.997254+00:00
907,3731616597,38.21,0.03,buy,False,2022-04-12T13:04:57.583093+00:00
908,3731386630,38.03,147.05,sell,False,2022-04-12T12:41:05.950033+00:00
909,3731385089,37.99,94.32,sell,False,2022-04-12T12:40:53.324109+00:00
910,3731384064,38.01,94.31,sell,False,2022-04-12T12:40:48.572521+00:00
911,3731196271,37.85,0.03,buy,False,2022-04-12T12:30:01.570736+00:00
912,3730511898,37.67,9.54,buy,False,2022-04-12T10:36:31.462375+00:00
913,3730503992,37.67,62.5,buy,False,2022-04-12T10:35:05.517320+00:00
914,3730503847,37.67,62.5,buy,False,2022-04-12T10:35:04.917478+00:00
915,3730436586,37.67,2.06,buy,False,2022-04-12T10:20:30.602192+00:00
916,3730436499,37.67,66.38,buy,False,2022-04-12T10:20:30.021378+00:00
917,3730436482,37.67,66.1,buy,False,2022-04-12T10:20:29.466972+00:00
918,3730436259,37.67,22.96,buy,False,2022-04-12T10:20:25.517262+00:00
919,3730436167,37.67,111.58,buy,False,2022-04-12T10:20:24.947862+00:00
920,3730435534,37.68,146.32,sell,False,2022-04-12T10:20:13.814967+00:00
921,3729681129,37.51,320.75,sell,False,2022-04-12T07:17:38.010804+00:00
922,3729681117,37.51,142.49,buy,False,2022-04-12T07:17:37.832544+00:00
923,3729607316,37.34,483.57,sell,False,2022-04-12T07:00:19.392092+00:00
924,3729607315,37.35,1.99,sell,False,2022-04-12T07:00:19.392092+00:00
925,3729606262,37.34,177.81,sell,False,2022-04-12T07:00:09.782189+00:00
926,3729606250,37.34,239.1,sell,False,2022-04-12T07:00:09.229956+00:00
927,3729606222,37.34,116.67,buy,False,2022-04-12T07:00:08.822179+00:00
928,3725755278,37.5,0.03,sell,False,2022-04-11T19:52:45.680905+00:00
929,3725366861,37.85,0.03,buy,False,2022-04-11T19:00:15.123168+00:00
930,3724902747,37.5,0.03,buy,False,2022-04-11T17:27:59.881049+00:00
931,3724098521,37.14,0.03,buy,False,2022-04-11T15:30:58.708829+00:00
932,3723913898,36.78,0.03,sell,False,2022-04-11T14:55:26.305289+00:00
933,3723824447,37.14,0.03,sell,False,2022-04-11T14:41:30.238627+00:00
934,3723693155,37.5,0.03,sell,False,2022-04-11T14:18:56.023399+00:00
935,3723524361,37.85,0.03,buy,False,2022-04-11T13:53:33.413938+00:00
936,3723462437,37.5,0.03,buy,False,2022-04-11T13:46:04.667434+00:00
937,3723436403,37.14,0.03,buy,False,2022-04-11T13:42:58.860195+00:00
938,3723393482,36.78,0.03,buy,False,2022-04-11T13:37:45.205410+00:00
939,3723259231,36.42,0.03,buy,False,2022-04-11T13:28:24.984474+00:00
940,3723238651,36.04,1.5,sell,False,2022-04-11T13:25:56.496724+00:00
941,3723233582,36.07,0.03,sell,False,2022-04-11T13:25:18.058092+00:00
942,3723222745,36.42,0.03,sell,False,2022-04-11T13:23:46.454050+00:00
943,3722775699,36.53,0.57,sell,False,2022-04-11T12:10:29.432415+00:00
944,3722334886,36.78,0.03,sell,False,2022-04-11T11:18:27.154327+00:00
945,3722239994,36.85,0.27,sell,False,2022-04-11T11:01:27.461568+00:00
946,3707006529,37.14,0.03,sell,False,2022-04-08T19:38:55.395272+00:00
947,3706041905,37.5,0.03,sell,False,2022-04-08T17:13:05.423907+00:00
948,3705359618,37.85,0.03,buy,False,2022-04-08T15:11:07.441517+00:00
949,3704994986,37.5,0.03,buy,False,2022-04-08T14:28:03.944568+00:00
950,3704919711,37.14,0.03,buy,False,2022-04-08T14:19:35.813023+00:00
951,3704625149,36.78,0.03,sell,False,2022-04-08T13:41:39.586497+00:00
952,3704565388,37.14,0.03,sell,False,2022-04-08T13:35:02.091632+00:00
953,3704544676,37.5,0.03,sell,False,2022-04-08T13:32:46.091230+00:00
954,3704188009,37.85,2.65,buy,False,2022-04-08T12:52:44.784208+00:00
955,3700881403,37.85,0.03,sell,False,2022-04-08T01:16:25.892539+00:00
956,3700873963,37.9,0.34,sell,False,2022-04-08T01:14:41.646419+00:00
957,3698367629,36.33,1.9,sell,False,2022-04-07T16:48:29.035002+00:00
958,3698075172,36.42,2.98,sell,False,2022-04-07T15:54:52.128574+00:00
959,3697626092,37.06,1.66,sell,False,2022-04-07T14:57:26.725147+00:00
960,3697513042,37.27,2.58,sell,False,2022-04-07T14:41:02.342585+00:00
961,3697481260,37.62,3.22,sell,False,2022-04-07T14:37:10.638706+00:00
962,3697380454,37.71,1.46,sell,False,2022-04-07T14:17:48.935125+00:00
963,3697367403,38.0,0.01,sell,False,2022-04-07T14:15:23.957398+00:00
964,3697349257,38.02,2.24,sell,False,2022-04-07T14:12:17.406772+00:00
965,3697285796,38.28,1.28,sell,False,2022-04-07T14:02:14.464716+00:00
966,3697209239,38.38,0.01,sell,False,2022-04-07T13:49:48.403324+00:00
967,3697154459,38.77,0.01,sell,False,2022-04-07T13:41:00.351006+00:00
968,3697151552,38.88,0.02,sell,False,2022-04-07T13:40:32.806458+00:00
969,3697148330,38.98,0.02,sell,False,2022-04-07T13:40:12.615659+00:00
970,3697145240,39.08,0.02,sell,False,2022-04-07T13:39:47.178690+00:00
971,3697143890,39.18,0.02,sell,False,2022-04-07T13:39:32.288580+00:00
972,3697138843,39.28,0.02,buy,False,2022-04-07T13:38:46.222752+00:00
973,3697122679,39.18,0.02,buy,False,2022-04-07T13:37:27.890770+00:00
974,3697118900,39.08,0.02,buy,False,2022-04-07T13:37:08.835285+00:00
975,3697108031,38.98,0.02,sell,False,2022-04-07T13:35:42.849874+00:00
976,3697104713,39.08,0.02,sell,False,2022-04-07T13:35:22.637629+00:00
977,3697092179,39.18,0.02,buy,False,2022-04-07T13:34:22.933129+00:00
978,3697092143,39.16,0.01,buy,False,2022-04-07T13:34:22.359803+00:00
979,3697089758,39.08,0.02,buy,False,2022-04-07T13:34:06.323732+00:00
980,3697085569,38.98,0.02,buy,False,2022-04-07T13:33:44.052014+00:00
981,3697070650,38.88,0.02,sell,False,2022-04-07T13:32:03.150770+00:00
982,3697066245,38.98,0.02,sell,False,2022-04-07T13:31:40.666375+00:00
983,3697063802,39.08,0.02,buy,False,2022-04-07T13:31:17.193781+00:00
984,3697061483,38.98,0.02,buy,False,2022-04-07T13:30:54.963118+00:00
985,3697055062,38.77,0.01,sell,False,2022-04-07T13:30:00.865974+00:00
986,3697055061,38.88,0.02,sell,False,2022-04-07T13:30:00.865974+00:00
987,3696891137,38.98,0.02,sell,False,2022-04-07T13:03:44.222734+00:00
988,3696850479,39.08,0.02,sell,False,2022-04-07T12:55:31.871210+00:00
989,3696649877,39.18,0.02,sell,False,2022-04-07T12:17:16.071054+00:00
990,3696575971,39.28,0.05,buy,False,2022-04-07T12:05:20.608035+00:00
991,3696184267,39.28,0.02,buy,False,2022-04-07T11:08:21.597657+00:00
992,3695846722,39.18,0.02,buy,False,2022-04-07T09:42:18.595740+00:00
993,3695622903,39.16,0.01,buy,False,2022-04-07T08:59:36.694170+00:00
994,3695612023,39.08,0.02,buy,False,2022-04-07T08:56:17.964322+00:00
995,3695098873,38.98,0.02,buy,False,2022-04-07T06:57:23.722824+00:00
996,3694384077,38.77,0.01,sell,False,2022-04-07T04:00:40.561536+00:00
997,3692782919,38.88,0.02,sell,False,2022-04-06T23:56:33.747638+00:00
998,3692701005,38.98,0.02,sell,False,2022-04-06T23:49:41.024842+00:00
999,3692617057,39.17,0.02,buy,False,2022-04-06T23:42:30.937799+00:00
1000,3692092353,39.16,0.01,sell,False,2022-04-06T22:19:16.482367+00:00
1001,3691475692,39.08,0.02,sell,False,2022-04-06T19:54:40.531224+00:00
1002,3691456311,39.18,0.02,sell,False,2022-04-06T19:50:50.926887+00:00
1003,3691441815,39.28,0.02,buy,False,2022-04-06T19:48:36.869522+00:00
1004,3691437293,39.18,0.02,buy,False,2022-04-06T19:47:46.797152+00:00
1005,3691432676,39.08,0.02,buy,False,2022-04-06T19:47:10.214321+00:00
1006,3691393448,38.98,0.02,buy,False,2022-04-06T19:39:55.440768+00:00
1007,3691351919,38.88,0.02,sell,False,2022-04-06T19:32:52.184175+00:00
1008,3691327020,38.98,0.02,sell,False,2022-04-06T19:27:30.552716+00:00
1009,3691314491,39.08,0.02,sell,False,2022-04-06T19:25:32.523028+00:00
1010,3691309205,39.18,0.02,sell,False,2022-04-06T19:24:25.730311+00:00
1011,3691208122,39.28,0.02,sell,False,2022-04-06T19:08:04.590426+00:00
1012,3691166837,39.39,0.02,buy,False,2022-04-06T19:03:37.311878+00:00
1013,3691142412,39.28,0.02,buy,False,2022-04-06T19:00:43.138992+00:00
1014,3691135886,39.18,0.02,buy,False,2022-04-06T19:00:04.463004+00:00
1015,3691107159,39.08,0.02,buy,False,2022-04-06T18:56:10.761254+00:00
1016,3691067949,38.98,0.02,buy,False,2022-04-06T18:51:07.112313+00:00
1017,3690676960,38.43,1.01,sell,False,2022-04-06T18:15:03.573419+00:00
1018,3690602583,38.88,0.02,sell,False,2022-04-06T18:08:34.351086+00:00
1019,3690502764,38.98,0.02,buy,False,2022-04-06T18:02:21.337985+00:00
1020,3690440098,38.88,0.02,sell,False,2022-04-06T17:59:35.662786+00:00
1021,3690426135,38.98,0.02,sell,False,2022-04-06T17:57:01.884241+00:00
1022,3690379102,39.08,0.02,buy,False,2022-04-06T17:50:14.380395+00:00
1023,3690352838,38.98,0.02,buy,False,2022-04-06T17:47:38.918626+00:00
1024,3689671676,38.68,1.94,sell,False,2022-04-06T16:33:24.189590+00:00
1025,3689663752,38.79,1.13,sell,False,2022-04-06T16:32:30.680956+00:00
1026,3689494919,38.85,0.84,sell,False,2022-04-06T16:14:59.322386+00:00
1027,3689443533,38.88,0.02,sell,False,2022-04-06T16:07:04.800064+00:00
1028,3689314787,38.98,0.02,buy,False,2022-04-06T15:49:31.330902+00:00
1029,3689286286,38.88,0.02,sell,False,2022-04-06T15:45:53.801655+00:00
1030,3689273744,38.98,0.02,sell,False,2022-04-06T15:44:39.761946+00:00
1031,3689248615,39.08,0.02,buy,False,2022-04-06T15:40:52.751066+00:00
1032,3689083273,38.98,0.02,sell,False,2022-04-06T15:25:32.667259+00:00
1033,3689015350,39.08,0.02,sell,False,2022-04-06T15:19:30.747973+00:00
1034,3688827331,39.18,0.02,sell,False,2022-04-06T14:59:04.775240+00:00
1035,3688816799,39.28,0.02,sell,False,2022-04-06T14:57:56.142835+00:00
1036,3688789572,39.39,0.02,sell,False,2022-04-06T14:53:23.371663+00:00
1037,3688783141,39.49,0.02,sell,False,2022-04-06T14:52:17.194519+00:00
1038,3688775942,39.59,0.02,sell,False,2022-04-06T14:51:07.612778+00:00
1039,3688770548,39.69,0.02,buy,False,2022-04-06T14:50:22.939918+00:00
1040,3688718169,39.59,0.02,buy,False,2022-04-06T14:43:34.909678+00:00
1041,3688699151,39.49,0.02,buy,False,2022-04-06T14:41:23.576021+00:00
1042,3688632951,39.39,0.02,sell,False,2022-04-06T14:34:12.300930+00:00
1043,3688593345,39.49,0.02,buy,False,2022-04-06T14:31:12.231720+00:00
1044,3688591645,39.39,0.02,buy,False,2022-04-06T14:31:01.585415+00:00
1045,3688579860,39.28,0.02,buy,False,2022-04-06T14:29:41.850078+00:00
1046,3688571969,39.18,0.02,sell,False,2022-04-06T14:28:35.475205+00:00
1047,3688558785,39.24,1.0,sell,False,2022-04-06T14:26:59.937037+00:00
1048,3688554312,39.25,2.76,sell,False,2022-04-06T14:26:25.241102+00:00
1049,3688553086,39.27,1.7,sell,False,2022-04-06T14:26:16.947156+00:00
1050,3688552261,39.28,0.02,sell,False,2022-04-06T14:26:12.918509+00:00
1051,3688516571,39.39,0.02,sell,False,2022-04-06T14:23:01.161719+00:00
1052,3688500164,39.49,0.02,sell,False,2022-04-06T14:21:13.397449+00:00
1053,3688476881,39.62,0.99,buy,False,2022-04-06T14:18:45.416853+00:00
1054,3688456561,39.59,0.02,buy,False,2022-04-06T14:17:06.067375+00:00
1055,3688435716,39.49,0.02,buy,False,2022-04-06T14:15:43.853755+00:00
1056,3688354579,39.39,0.02,sell,False,2022-04-06T14:09:32.259524+00:00
1057,3688340091,39.49,0.02,sell,False,2022-04-06T14:08:28.362765+00:00
1058,3688187682,39.59,0.02,buy,False,2022-04-06T14:02:53.716055+00:00
1059,3688175801,39.49,0.02,sell,False,2022-04-06T14:02:17.535441+00:00
1060,3688158500,39.59,0.02,sell,False,2022-04-06T14:01:02.634727+00:00
1061,3688133084,39.69,0.02,sell,False,2022-04-06T13:59:38.345677+00:00
1062,3688127723,39.79,1.48,sell,False,2022-04-06T13:59:05.227933+00:00
1063,3688127722,39.79,0.02,sell,False,2022-04-06T13:59:05.227933+00:00
1064,3688122147,39.9,0.02,sell,False,2022-04-06T13:58:31.799301+00:00
1065,3688095682,40.0,0.02,sell,False,2022-04-06T13:56:25.848052+00:00
1066,3688090892,40.01,0.03,sell,False,2022-04-06T13:56:12.238565+00:00
1067,3688086516,40.1,0.7,sell,False,2022-04-06T13:55:53.174707+00:00
1068,3688086515,40.1,0.02,sell,False,2022-04-06T13:55:53.174707+00:00
1069,3688048041,40.2,0.02,sell,False,2022-04-06T13:53:11.133672+00:00
1070,3688044128,40.25,1.3,sell,False,2022-04-06T13:52:58.503836+00:00
1071,3688039049,40.3,0.02,sell,False,2022-04-06T13:52:34.430266+00:00
1072,3687997597,40.41,0.02,sell,False,2022-04-06T13:50:25.308795+00:00
1073,3687991779,40.51,0.02,sell,False,2022-04-06T13:50:10.329243+00:00
1074,3687892968,40.66,1.28,sell,False,2022-04-06T13:48:27.201932+00:00
1075,3687749204,40.61,0.02,sell,False,2022-04-06T13:41:04.073335+00:00
1076,3687718413,40.71,0.02,buy,False,2022-04-06T13:37:12.924142+00:00
1077,3687707093,40.61,0.02,sell,False,2022-04-06T13:36:14.648083+00:00
1078,3687690410,40.71,0.02,buy,False,2022-04-06T13:34:59.456397+00:00
1079,3687689114,40.61,0.02,buy,False,2022-04-06T13:34:45.823811+00:00
1080,3687687106,40.51,0.02,sell,False,2022-04-06T13:34:25.839235+00:00
1081,3687684099,40.61,0.02,sell,False,2022-04-06T13:33:56.864160+00:00
1082,3687673067,40.71,0.02,sell,False,2022-04-06T13:32:38.747367+00:00
1083,3687665688,40.81,0.02,sell,False,2022-04-06T13:32:00.967706+00:00
1084,3687662505,40.92,0.02,sell,False,2022-04-06T13:31:35.078645+00:00
1085,3687661271,41.02,0.02,buy,False,2022-04-06T13:31:21.721020+00:00
1086,3687658921,40.92,0.02,buy,False,2022-04-06T13:31:01.285810+00:00
1087,3687655175,40.81,0.02,sell,False,2022-04-06T13:30:33.967481+00:00
1088,3687651171,40.92,0.02,sell,False,2022-04-06T13:30:03.581087+00:00
1089,3687651079,41.02,0.02,sell,False,2022-04-06T13:30:02.600208+00:00
1090,3687650895,41.12,0.02,sell,False,2022-04-06T13:30:01.422242+00:00
1091,3687643317,41.22,0.02,sell,False,2022-04-06T13:28:58.236109+00:00
1092,3687579522,41.32,0.02,sell,False,2022-04-06T13:16:57.920828+00:00
1093,3687572171,41.43,0.02,buy,False,2022-04-06T13:16:13.773272+00:00
1094,3687568529,41.32,0.02,buy,False,2022-04-06T13:16:04.979100+00:00
1095,3686882436,41.22,0.02,sell,False,2022-04-06T11:41:36.131658+00:00
1096,3686860736,41.32,0.02,sell,False,2022-04-06T11:38:53.493880+00:00
1097,3686394886,41.43,0.02,buy,False,2022-04-06T11:00:42.436936+00:00
1098,3686393261,41.32,0.02,buy,False,2022-04-06T11:00:33.442502+00:00
1099,3686342229,41.2,3.95,sell,False,2022-04-06T10:53:43.173471+00:00
1100,3686342228,41.2,0.02,sell,False,2022-04-06T10:53:43.173471+00:00
1101,3686342227,41.22,0.02,sell,False,2022-04-06T10:53:43.173471+00:00
1102,3686342226,41.27,0.49,sell,False,2022-04-06T10:53:43.173471+00:00
1103,3686342225,41.32,0.02,sell,False,2022-04-06T10:53:43.173471+00:00
1104,3686300402,41.43,0.02,sell,False,2022-04-06T10:46:16.178608+00:00
1105,3686300401,41.53,0.02,sell,False,2022-04-06T10:46:16.178608+00:00
1106,3686300400,41.63,0.02,sell,False,2022-04-06T10:46:16.178608+00:00
1107,3686300399,41.73,0.02,sell,False,2022-04-06T10:46:16.178608+00:00
1108,3680972379,41.83,0.02,buy,False,2022-04-05T19:45:46.590915+00:00
1109,3680949871,41.73,0.02,buy,False,2022-04-05T19:40:14.372667+00:00
1110,3680836839,41.63,0.02,sell,False,2022-04-05T19:22:06.904112+00:00
1111,3680730994,41.73,0.02,sell,False,2022-04-05T19:12:44.571874+00:00
1112,3680626910,41.83,0.02,sell,False,2022-04-05T19:02:15.439688+00:00
1113,3680544496,41.94,0.02,buy,False,2022-04-05T18:42:05.632829+00:00
1114,3680474595,41.83,0.02,buy,False,2022-04-05T18:25:55.944840+00:00
1115,3680468100,41.73,0.02,sell,False,2022-04-05T18:24:01.012767+00:00
1116,3680455434,41.83,0.02,buy,False,2022-04-05T18:20:33.281780+00:00
1117,3680386927,41.73,0.02,sell,False,2022-04-05T18:06:47.574363+00:00
1118,3680295417,41.83,0.02,sell,False,2022-04-05T17:49:34.213819+00:00
1119,3680260214,41.94,0.02,sell,False,2022-04-05T17:42:20.891476+00:00
1120,3680244862,42.04,0.02,sell,False,2022-04-05T17:40:12.348030+00:00
1121,3680215983,42.14,0.02,sell,False,2022-04-05T17:35:04.142301+00:00
1122,3680192628,42.24,0.02,sell,False,2022-04-05T17:30:53.172938+00:00
1123,3680130042,42.34,0.02,buy,False,2022-04-05T17:19:16.720838+00:00
1124,3680065647,42.24,0.02,buy,False,2022-04-05T17:10:00.565886+00:00
1125,3680024225,42.14,0.02,buy,False,2022-04-05T17:04:33.382273+00:00
1126,3679675212,42.04,0.02,sell,False,2022-04-05T16:20:02.466567+00:00
1127,3679666803,42.14,0.02,sell,False,2022-04-05T16:19:06.025121+00:00
1128,3679614597,42.24,0.02,sell,False,2022-04-05T16:14:18.175122+00:00
1129,3679586316,42.34,0.02,sell,False,2022-04-05T16:11:15.765134+00:00
1130,3679435739,42.45,0.02,buy,False,2022-04-05T15:59:51.669373+00:00
1131,3679383856,42.34,0.02,buy,False,2022-04-05T15:50:20.902872+00:00
1132,3679312834,42.24,0.02,sell,False,2022-04-05T15:36:10.162972+00:00
1133,3679288187,42.34,0.02,buy,False,2022-04-05T15:31:07.592179+00:00
1134,3679242714,42.24,0.02,sell,False,2022-04-05T15:21:52.359326+00:00
1135,3679186149,42.34,0.02,buy,False,2022-04-05T15:13:12.108268+00:00
1136,3679166964,42.24,0.02,sell,False,2022-04-05T15:11:06.441890+00:00
1137,3679125442,42.34,0.02,buy,False,2022-04-05T15:06:01.661222+00:00
1138,3679083991,42.24,0.02,sell,False,2022-04-05T15:01:20.160220+00:00
1139,3679071374,42.34,0.02,sell,False,2022-04-05T15:00:03.973058+00:00
1140,3679036520,42.45,0.02,sell,False,2022-04-05T14:56:04.055316+00:00
1141,3679019475,42.55,0.02,buy,False,2022-04-05T14:53:30.809167+00:00
1142,3679011739,42.45,0.02,buy,False,2022-04-05T14:52:28.871212+00:00
1143,3678996323,42.34,0.02,buy,False,2022-04-05T14:50:12.919399+00:00
1144,3678971713,42.24,0.02,buy,False,2022-04-05T14:46:59.699185+00:00
1145,3678895935,42.14,0.02,sell,False,2022-04-05T14:39:26.089262+00:00
1146,3678886836,42.24,0.02,sell,False,2022-04-05T14:38:35.740983+00:00
1147,3678831346,42.34,0.02,sell,False,2022-04-05T14:31:52.479559+00:00
1148,3678756536,42.45,0.02,buy,False,2022-04-05T14:23:41.600060+00:00
1149,3678731764,42.34,0.02,sell,False,2022-04-05T14:21:36.291618+00:00
1150,3678719382,42.45,0.02,sell,False,2022-04-05T14:20:19.668018+00:00
1151,3678701875,42.55,0.02,buy,False,2022-04-05T14:18:41.188329+00:00
1152,3678685355,42.45,0.02,sell,False,2022-04-05T14:17:00.976126+00:00
1153,3678679806,42.55,0.02,sell,False,2022-04-05T14:16:22.680913+00:00
1154,3678675173,42.65,0.02,sell,False,2022-04-05T14:15:52.675518+00:00
1155,3678666509,42.75,0.02,sell,False,2022-04-05T14:15:00.807347+00:00
1156,3678571595,42.85,0.02,sell,False,2022-04-05T14:08:05.514533+00:00
1157,3678544097,42.96,0.02,sell,False,2022-04-05T14:07:04.143267+00:00
1158,3678528133,43.06,0.02,sell,False,2022-04-05T14:06:40.460357+00:00
1159,3678496970,43.16,0.02,sell,False,2022-04-05T14:05:38.158889+00:00
1160,3678492138,43.26,0.02,sell,False,2022-04-05T14:05:10.239308+00:00
1161,3678487591,43.36,0.02,sell,False,2022-04-05T14:04:18.415479+00:00
1162,3678471472,43.47,0.02,sell,False,2022-04-05T14:01:11.072262+00:00
1163,3678430243,43.57,0.02,sell,False,2022-04-05T13:55:05.066819+00:00
1164,3678402044,43.67,0.02,buy,False,2022-04-05T13:51:28.412492+00:00
1165,3678389065,43.57,0.02,sell,False,2022-04-05T13:49:05.696303+00:00
1166,3678365444,43.67,0.02,buy,False,2022-04-05T13:45:12.642840+00:00
1167,3678341872,43.57,0.02,sell,False,2022-04-05T13:40:49.339434+00:00
1168,3678340062,43.67,0.02,sell,False,2022-04-05T13:40:23.379901+00:00
1169,3678331919,43.77,0.02,buy,False,2022-04-05T13:39:02.564618+00:00
1170,3678330175,43.67,0.02,sell,False,2022-04-05T13:38:39.981463+00:00
1171,3678323230,43.77,0.02,buy,False,2022-04-05T13:37:34.265473+00:00
1172,3678319513,43.67,0.02,sell,False,2022-04-05T13:37:00.528153+00:00
1173,3678317024,43.77,0.02,sell,False,2022-04-05T13:36:41.691664+00:00
1174,3678315009,43.88,0.02,sell,False,2022-04-05T13:36:17.272666+00:00
1175,3678313886,43.98,0.02,sell,False,2022-04-05T13:36:06.924283+00:00
1176,3678305153,44.08,0.02,buy,False,2022-04-05T13:35:08.348403+00:00
1177,3678300728,43.98,0.02,buy,False,2022-04-05T13:34:49.739105+00:00
1178,3678296705,43.88,0.02,sell,False,2022-04-05T13:34:13.308479+00:00
1179,3678284557,43.98,0.02,sell,False,2022-04-05T13:32:38.616234+00:00
1180,3678283213,44.08,0.02,sell,False,2022-04-05T13:32:20.994357+00:00
1181,3678277465,44.18,0.02,sell,False,2022-04-05T13:31:34.301614+00:00
1182,3678269729,44.28,0.02,sell,False,2022-04-05T13:30:42.042015+00:00
1183,3678265322,44.39,0.02,buy,False,2022-04-05T13:30:23.949547+00:00
1184,3678264593,44.28,0.02,buy,False,2022-04-05T13:30:18.055153+00:00
1185,3678262763,44.18,0.02,buy,False,2022-04-05T13:30:08.093232+00:00
1186,3678261127,44.08,0.02,sell,False,2022-04-05T13:30:01.117739+00:00
1187,3678227736,44.18,0.02,sell,False,2022-04-05T13:25:15.159721+00:00
1188,3677720250,44.28,0.02,buy,False,2022-04-05T12:27:30.176792+00:00
1189,3677012705,44.18,0.02,sell,False,2022-04-05T09:45:39.475515+00:00
1190,3673744765,44.37,4.5,buy,False,2022-04-04T20:54:07.244724+00:00
1191,3673372602,44.28,0.02,sell,False,2022-04-04T19:57:39.425565+00:00
1192,3673314315,44.39,0.02,sell,False,2022-04-04T19:47:50.401339+00:00
1193,3673273802,44.49,0.02,sell,False,2022-04-04T19:40:58.901380+00:00
1194,3673267077,44.59,0.02,sell,False,2022-04-04T19:39:14.504478+00:00
1195,3673122199,44.69,0.02,sell,False,2022-04-04T19:13:16.560331+00:00
1196,3672947692,44.79,0.02,buy,False,2022-04-04T18:47:48.684123+00:00
1197,3672746558,44.69,0.02,buy,False,2022-04-04T18:15:47.673502+00:00
1198,3672664932,44.59,0.02,sell,False,2022-04-04T18:07:09.674036+00:00
1199,3672624607,44.69,0.02,sell,False,2022-04-04T18:02:38.828497+00:00
1200,3672597539,44.79,0.02,buy,False,2022-04-04T17:59:47.011002+00:00
1201,3672450116,44.69,0.02,buy,False,2022-04-04T17:45:01.733524+00:00
1202,3672288925,44.59,0.02,sell,False,2022-04-04T17:37:07.733170+00:00
1203,3672280847,44.69,0.02,sell,False,2022-04-04T17:35:39.925088+00:00
1204,3672256339,44.79,0.02,sell,False,2022-04-04T17:30:36.982573+00:00
1205,3672184546,44.9,0.02,buy,False,2022-04-04T17:15:09.852872+00:00
1206,3672140805,44.79,0.02,sell,False,2022-04-04T17:06:19.097344+00:00
1207,3672111009,44.9,0.02,sell,False,2022-04-04T17:01:25.589491+00:00
1208,3672090562,45.02,0.01,buy,False,2022-04-04T16:57:35.400950+00:00
1209,3672068853,45.0,0.02,buy,False,2022-04-04T16:53:26.292280+00:00
1210,3672043558,44.9,0.02,buy,False,2022-04-04T16:48:58.592817+00:00
1211,3671980010,44.79,0.02,sell,False,2022-04-04T16:39:14.264381+00:00
1212,3671960834,44.9,0.02,buy,False,2022-04-04T16:36:19.340101+00:00
1213,3671948029,44.79,0.02,buy,False,2022-04-04T16:34:21.592384+00:00
1214,3671901749,44.69,0.02,sell,False,2022-04-04T16:25:18.842673+00:00
1215,3671787787,44.79,0.02,buy,False,2022-04-04T16:09:29.290625+00:00
1216,3671570547,44.69,0.02,buy,False,2022-04-04T15:43:09.847847+00:00
1217,3671526434,44.59,0.02,buy,False,2022-04-04T15:36:55.269101+00:00
1218,3671477331,44.49,0.02,buy,False,2022-04-04T15:30:49.443270+00:00
1219,3671445841,44.39,0.02,buy,False,2022-04-04T15:25:51.680884+00:00
1220,3671312643,44.28,0.02,sell,False,2022-04-04T15:11:33.886448+00:00
1221,3671139349,44.39,0.02,buy,False,2022-04-04T15:02:51.551451+00:00
1222,3671100760,44.28,0.02,buy,False,2022-04-04T14:58:35.891953+00:00
1223,3671074452,44.18,0.02,buy,False,2022-04-04T14:54:32.822104+00:00
1224,3671052239,44.08,0.02,sell,False,2022-04-04T14:50:56.685409+00:00
1225,3671035343,44.18,0.02,buy,False,2022-04-04T14:49:12.386467+00:00
1226,3671027579,44.08,0.02,buy,False,2022-04-04T14:48:06.246338+00:00
1227,3671022766,43.98,0.02,buy,False,2022-04-04T14:47:29.688538+00:00
1228,3671008080,43.88,0.02,buy,False,2022-04-04T14:45:17.326227+00:00
1229,3670959068,43.77,0.02,buy,False,2022-04-04T14:37:41.354614+00:00
1230,3670954633,43.67,0.02,buy,False,2022-04-04T14:36:56.700214+00:00
1231,3670947996,43.57,0.02,sell,False,2022-04-04T14:35:37.263417+00:00
1232,3670945951,43.67,0.02,sell,False,2022-04-04T14:35:14.944833+00:00
1233,3670930214,43.77,0.02,buy,False,2022-04-04T14:32:23.516695+00:00
1234,3670905083,43.67,0.02,buy,False,2022-04-04T14:27:50.247355+00:00
1235,3670902187,43.57,0.02,buy,False,2022-04-04T14:27:20.723300+00:00
1236,3670896944,43.47,0.02,buy,False,2022-04-04T14:26:24.458877+00:00
1237,3670894738,43.36,0.02,buy,False,2022-04-04T14:25:58.131439+00:00
1238,3670893018,43.26,0.02,buy,False,2022-04-04T14:25:34.976452+00:00
1239,3670882210,43.16,0.02,buy,False,2022-04-04T14:23:14.855750+00:00
1240,3670839952,43.06,0.02,buy,False,2022-04-04T14:16:30.225028+00:00
1241,3670831414,42.96,0.02,sell,False,2022-04-04T14:15:00.616522+00:00
1242,3670812352,43.06,0.02,sell,False,2022-04-04T14:12:39.648452+00:00
1243,3670770787,43.16,0.02,buy,False,2022-04-04T14:06:26.753080+00:00
1244,3670755543,43.06,0.02,sell,False,2022-04-04T14:03:38.192983+00:00
1245,3670745199,43.16,0.02,sell,False,2022-04-04T14:01:41.286036+00:00
1246,3670730713,43.26,0.02,buy,False,2022-04-04T13:59:39.195534+00:00
1247,3670726373,43.16,0.02,sell,False,2022-04-04T13:58:50.803820+00:00
1248,3670722409,43.26,0.02,sell,False,2022-04-04T13:58:00.999367+00:00
1249,3670720638,43.36,0.02,sell,False,2022-04-04T13:57:32.552143+00:00
1250,3670685518,43.47,0.02,sell,False,2022-04-04T13:51:00.907973+00:00
1251,3670677251,43.57,0.02,buy,False,2022-04-04T13:50:01.471827+00:00
1252,3670675235,43.47,0.02,buy,False,2022-04-04T13:49:48.986048+00:00
1253,3670672159,43.36,0.02,buy,False,2022-04-04T13:49:16.246459+00:00
1254,3670651947,43.26,0.02,sell,False,2022-04-04T13:45:58.238145+00:00
1255,3670650412,43.36,0.02,sell,False,2022-04-04T13:45:43.097379+00:00
1256,3670647745,43.47,0.02,sell,False,2022-04-04T13:45:24.093889+00:00
1257,3670640214,43.57,0.02,buy,False,2022-04-04T13:44:27.300652+00:00
1258,3670638353,43.47,0.02,buy,False,2022-04-04T13:44:02.544784+00:00
1259,3670632251,43.36,0.02,buy,False,2022-04-04T13:43:05.829592+00:00
1260,3670623188,43.26,0.02,sell,False,2022-04-04T13:41:37.567301+00:00
1261,3670615965,43.36,0.02,buy,False,2022-04-04T13:40:45.717962+00:00
1262,3670614675,43.26,0.02,buy,False,2022-04-04T13:40:35.808240+00:00
1263,3670607842,43.16,0.02,sell,False,2022-04-04T13:39:50.999068+00:00
1264,3670605404,43.26,0.02,sell,False,2022-04-04T13:39:33.523218+00:00
1265,3670602215,43.36,0.02,buy,False,2022-04-04T13:39:10.020762+00:00
1266,3670598274,43.26,0.02,buy,False,2022-04-04T13:38:44.395145+00:00
1267,3670575341,43.16,0.02,buy,False,2022-04-04T13:36:27.490247+00:00
1268,3670573676,43.06,0.02,buy,False,2022-04-04T13:36:13.884782+00:00
1269,3670571774,42.96,0.02,buy,False,2022-04-04T13:36:04.633839+00:00
1270,3670541226,42.85,0.02,buy,False,2022-04-04T13:33:10.406040+00:00
1271,3670539196,42.75,0.02,buy,False,2022-04-04T13:32:56.317268+00:00
1272,3670536928,42.65,0.02,buy,False,2022-04-04T13:32:40.541117+00:00
1273,3670533942,42.55,0.02,buy,False,2022-04-04T13:32:27.975546+00:00
1274,3670528294,42.45,0.02,sell,False,2022-04-04T13:32:02.682887+00:00
1275,3670512224,42.55,0.02,sell,False,2022-04-04T13:31:21.636654+00:00
1276,3670502938,42.65,0.02,buy,False,2022-04-04T13:30:32.987467+00:00
1277,3670502772,42.55,0.02,buy,False,2022-04-04T13:30:30.888188+00:00
1278,3670502719,42.45,0.02,buy,False,2022-04-04T13:30:30.318627+00:00
1279,3670501482,42.34,0.02,buy,False,2022-04-04T13:30:16.126068+00:00
1280,3669815746,42.24,0.02,buy,False,2022-04-04T11:29:04.995708+00:00
1281,3668942884,42.14,0.02,buy,False,2022-04-04T09:14:51.105021+00:00
1282,3668361805,42.04,0.02,sell,False,2022-04-04T07:14:01.034658+00:00
1283,3668044651,42.14,0.02,buy,False,2022-04-04T05:53:19.503495+00:00
1284,3666364715,42.06,0.48,buy,False,2022-04-04T00:04:10.862262+00:00
1285,3666197199,42.04,0.02,sell,False,2022-04-03T23:35:00.357181+00:00
1286,3665479971,42.14,0.02,sell,False,2022-04-03T22:00:02.336692+00:00
1287,3650202917,42.24,0.02,buy,False,2022-04-01T22:45:29.568457+00:00
1288,3649372869,42.14,0.02,buy,False,2022-04-01T19:51:29.767641+00:00
1289,3649367089,42.04,0.02,buy,False,2022-04-01T19:50:47.627839+00:00
1290,3649278539,41.94,0.02,buy,False,2022-04-01T19:34:07.767349+00:00
1291,3649105387,41.83,0.02,sell,False,2022-04-01T18:59:01.360340+00:00
1292,3649050520,41.94,0.02,sell,False,2022-04-01T18:47:56.664326+00:00
1293,3648955960,42.04,0.02,buy,False,2022-04-01T18:30:32.804845+00:00
1294,3648933548,41.94,0.02,buy,False,2022-04-01T18:26:32.660247+00:00
1295,3648710277,41.83,0.02,sell,False,2022-04-01T17:53:01.991698+00:00
1296,3648640209,41.94,0.02,buy,False,2022-04-01T17:42:35.077192+00:00
1297,3648631708,41.83,0.02,buy,False,2022-04-01T17:41:40.243070+00:00
1298,3648438159,41.73,0.02,sell,False,2022-04-01T17:13:19.206234+00:00
1299,3648415454,41.83,0.02,sell,False,2022-04-01T17:09:42.831727+00:00
1300,3648213830,41.94,0.02,buy,False,2022-04-01T16:44:00.803577+00:00
1301,3648155141,41.83,0.02,sell,False,2022-04-01T16:35:44.685428+00:00
1302,3648134240,41.94,0.02,sell,False,2022-04-01T16:32:51.456935+00:00
1303,3648068161,42.04,0.02,buy,False,2022-04-01T16:23:30.971275+00:00
1304,3647958094,41.94,0.02,buy,False,2022-04-01T16:09:02.810154+00:00
1305,3647905786,41.83,0.02,sell,False,2022-04-01T16:01:50.583447+00:00
1306,3647857809,41.94,0.02,sell,False,2022-04-01T15:55:32.610770+00:00
1307,3647814759,42.04,0.02,sell,False,2022-04-01T15:48:54.107817+00:00
1308,3647757509,42.14,0.02,sell,False,2022-04-01T15:40:45.805236+00:00
1309,3647736425,42.24,0.02,sell,False,2022-04-01T15:38:20.716224+00:00
1310,3647723358,42.34,0.02,sell,False,2022-04-01T15:36:53.731760+00:00
1311,3647707799,42.45,0.02,sell,False,2022-04-01T15:35:20.685762+00:00
1312,3647570087,42.55,0.02,buy,False,2022-04-01T15:20:53.488929+00:00
1313,3647560264,42.45,0.02,buy,False,2022-04-01T15:19:34.996876+00:00
1314,3647530265,42.34,0.02,sell,False,2022-04-01T15:16:37.262780+00:00
1315,3647511404,42.45,0.02,sell,False,2022-04-01T15:15:38.303296+00:00
1316,3647440419,42.55,0.02,buy,False,2022-04-01T15:09:45.454587+00:00
1317,3647430389,42.45,0.02,buy,False,2022-04-01T15:09:13.202889+00:00
1318,3647406972,42.34,0.02,sell,False,2022-04-01T15:06:42.058267+00:00
1319,3647195356,42.45,0.02,buy,False,2022-04-01T14:47:38.765558+00:00
1320,3647143204,42.34,0.02,sell,False,2022-04-01T14:41:36.561573+00:00
1321,3647100228,42.45,0.02,buy,False,2022-04-01T14:35:29.030879+00:00
1322,3647085654,42.34,0.02,buy,False,2022-04-01T14:33:26.312702+00:00
1323,3647065762,42.24,0.02,buy,False,2022-04-01T14:30:51.588568+00:00
1324,3646994591,42.14,0.02,sell,False,2022-04-01T14:21:45.710605+00:00
1325,3646978417,42.24,0.02,sell,False,2022-04-01T14:19:45.973082+00:00
1326,3646972452,42.34,0.02,sell,False,2022-04-01T14:19:09.293519+00:00
1327,3646967210,42.45,0.02,sell,False,2022-04-01T14:18:30.681642+00:00
1328,3646956288,42.55,0.02,sell,False,2022-04-01T14:17:11.662135+00:00
1329,3646895663,42.65,0.02,buy,False,2022-04-01T14:11:19.063861+00:00
1330,3646877638,42.55,0.02,buy,False,2022-04-01T14:09:30.886612+00:00
1331,3646862340,42.45,0.02,sell,False,2022-04-01T14:07:49.769437+00:00
1332,3646840743,42.55,0.02,sell,False,2022-04-01T14:06:30.484228+00:00
1333,3646820869,42.65,0.02,buy,False,2022-04-01T14:04:47.058763+00:00
1334,3646807085,42.55,0.02,buy,False,2022-04-01T14:02:30.435431+00:00
1335,3646782885,42.45,0.02,buy,False,2022-04-01T13:59:04.611888+00:00
1336,3646774063,42.34,0.02,buy,False,2022-04-01T13:57:37.868387+00:00
1337,3646771250,42.24,0.02,buy,False,2022-04-01T13:56:59.673391+00:00
1338,3646768447,42.14,0.02,buy,False,2022-04-01T13:56:31.425965+00:00
1339,3646751694,42.04,0.02,sell,False,2022-04-01T13:53:31.236678+00:00
1340,3646731499,42.14,0.02,sell,False,2022-04-01T13:51:46.363218+00:00
1341,3646721452,42.24,0.02,sell,False,2022-04-01T13:51:08.728699+00:00
1342,3646682871,42.34,0.02,sell,False,2022-04-01T13:46:34.039769+00:00
1343,3646670180,42.45,0.02,sell,False,2022-04-01T13:45:05.135039+00:00
1344,3646662879,42.55,0.02,sell,False,2022-04-01T13:44:02.214756+00:00
1345,3646661228,42.65,0.02,sell,False,2022-04-01T13:43:50.303943+00:00
1346,3646629086,42.75,0.02,sell,False,2022-04-01T13:39:18.092662+00:00
1347,3646594683,42.85,0.02,sell,False,2022-04-01T13:35:41.193685+00:00
1348,3646594086,42.96,0.02,sell,False,2022-04-01T13:35:36.376270+00:00
1349,3646591974,43.06,0.02,sell,False,2022-04-01T13:35:22.528500+00:00
1350,3646572211,43.16,0.02,buy,False,2022-04-01T13:33:42.525511+00:00
1351,3646554221,43.06,0.02,buy,False,2022-04-01T13:32:00.856383+00:00
1352,3646553881,42.96,0.02,buy,False,2022-04-01T13:31:58.888345+00:00
1353,3646550031,42.85,0.02,buy,False,2022-04-01T13:31:31.241429+00:00
1354,3646548977,42.75,0.02,sell,False,2022-04-01T13:31:20.688807+00:00
1355,3646538851,42.85,0.02,buy,False,2022-04-01T13:30:09.508584+00:00
1356,3645124153,42.75,23.36,sell,False,2022-04-01T09:52:59.807710+00:00
1357,3645124152,42.75,0.02,sell,False,2022-04-01T09:52:59.807710+00:00
1358,3645124151,42.85,0.02,sell,False,2022-04-01T09:52:59.807710+00:00
1359,3645122689,42.98,23.36,buy,False,2022-04-01T09:52:34.930294+00:00
1360,3645122688,42.96,0.02,buy,False,2022-04-01T09:52:34.930294+00:00
1361,3645122687,42.85,0.02,buy,False,2022-04-01T09:52:34.930294+00:00
1362,3642718446,42.75,0.02,buy,False,2022-04-01T03:03:29.139906+00:00
1363,3640404529,42.65,0.02,buy,False,2022-03-31T22:04:00.098937+00:00
1364,3639863897,42.55,0.02,sell,False,2022-03-31T19:59:52.945644+00:00
1365,3639840839,42.65,0.02,sell,False,2022-03-31T19:56:17.281238+00:00
1366,3639692815,42.75,0.02,sell,False,2022-03-31T19:32:26.086796+00:00
1367,3639690738,42.85,0.02,sell,False,2022-03-31T19:31:55.434941+00:00
1368,3639651130,42.96,0.02,sell,False,2022-03-31T19:23:28.689873+00:00
1369,3639636968,43.06,0.02,sell,False,2022-03-31T19:21:20.363060+00:00
1370,3639631264,43.16,0.02,sell,False,2022-03-31T19:20:28.221698+00:00
1371,3639600677,43.26,0.02,sell,False,2022-03-31T19:13:52.484476+00:00
1372,3639539586,43.36,0.02,buy,False,2022-03-31T19:02:52.141890+00:00
1373,3639276806,43.26,0.02,buy,False,2022-03-31T18:21:20.061498+00:00
1374,3639233191,43.16,0.02,buy,False,2022-03-31T18:17:19.907200+00:00
1375,3639127720,43.06,0.02,sell,False,2022-03-31T18:03:41.123959+00:00
1376,3639103235,43.16,0.02,sell,False,2022-03-31T18:00:16.500074+00:00
1377,3638955799,43.26,0.02,sell,False,2022-03-31T17:37:40.735989+00:00
1378,3638900000,43.36,0.02,buy,False,2022-03-31T17:31:03.592169+00:00
1379,3638811240,43.26,0.02,buy,False,2022-03-31T17:19:54.072706+00:00
1380,3638783481,43.16,0.02,sell,False,2022-03-31T17:16:20.403234+00:00
1381,3638487404,43.26,0.02,sell,False,2022-03-31T16:49:42.456165+00:00
1382,3638311992,43.36,0.02,sell,False,2022-03-31T16:34:59.389245+00:00
1383,3638296415,43.47,0.02,sell,False,2022-03-31T16:34:09.666740+00:00
1384,3638281658,43.57,0.02,sell,False,2022-03-31T16:33:33.732667+00:00
1385,3637805798,43.67,0.02,sell,False,2022-03-31T16:05:46.761507+00:00
1386,3637744368,43.77,0.02,buy,False,2022-03-31T16:00:59.905504+00:00
1387,3637515126,43.67,0.02,buy,False,2022-03-31T15:35:10.694108+00:00
1388,3637482480,43.57,0.02,sell,False,2022-03-31T15:31:40.966778+00:00
1389,3637440826,43.67,0.02,sell,False,2022-03-31T15:26:11.063892+00:00
1390,3637395337,43.77,0.02,sell,False,2022-03-31T15:20:35.087767+00:00
1391,3637205973,43.88,0.02,sell,False,2022-03-31T15:03:02.334033+00:00
1392,3637186106,43.98,0.02,sell,False,2022-03-31T15:02:06.211218+00:00
1393,3637165355,44.08,0.02,sell,False,2022-03-31T15:00:49.332762+00:00
1394,3637111848,44.18,0.02,buy,False,2022-03-31T14:57:04.995669+00:00
1395,3637078219,44.08,0.02,sell,False,2022-03-31T14:54:34.956841+00:00
1396,3637066750,44.18,0.02,sell,False,2022-03-31T14:53:37.771407+00:00
1397,3637024306,44.28,0.02,buy,False,2022-03-31T14:50:45.094839+00:00
1398,3637008011,44.18,0.02,buy,False,2022-03-31T14:49:50.617598+00:00
1399,3636994722,44.08,0.02,buy,False,2022-03-31T14:49:09.967765+00:00
1400,3636964827,43.98,0.02,buy,False,2022-03-31T14:47:26.729827+00:00
1401,3636952567,43.88,0.02,buy,False,2022-03-31T14:46:54.364646+00:00
1402,3636907330,43.77,0.02,buy,False,2022-03-31T14:44:39.984736+00:00
1403,3636894692,43.67,0.02,buy,False,2022-03-31T14:43:50.613848+00:00
1404,3636829179,43.57,0.02,buy,False,2022-03-31T14:38:21.437551+00:00
1405,3636755211,43.47,0.02,sell,False,2022-03-31T14:33:09.384206+00:00
1406,3636724784,43.57,0.02,buy,False,2022-03-31T14:30:57.193800+00:00
1407,3636645173,43.47,0.02,buy,False,2022-03-31T14:26:28.660223+00:00
1408,3636645109,43.36,0.02,buy,False,2022-03-31T14:26:28.446137+00:00
1409,3636513575,43.26,0.02,buy,False,2022-03-31T14:18:00.722486+00:00
1410,3636487157,43.16,0.02,sell,False,2022-03-31T14:16:10.811709+00:00
1411,3636433095,43.26,0.02,buy,False,2022-03-31T14:13:42.485896+00:00
1412,3636412025,43.16,0.02,buy,False,2022-03-31T14:12:33.869290+00:00
1413,3636408485,43.16,0.02,buy,False,2022-03-31T14:12:22.618855+00:00
