,id,price,size,side,liquidation,time
0,5399217487,48.0,2.2,buy,False,2022-11-10T05:23:13.666677+00:00
1,5399210913,42.255,1.75,buy,False,2022-11-10T05:22:22.481652+00:00
2,5399208286,39.0,60.0,buy,False,2022-11-10T05:22:05.223566+00:00
3,5399206463,37.8,1.0,buy,False,2022-11-10T05:21:56.390596+00:00
4,5399202869,36.0,28.25,buy,False,2022-11-10T05:21:32.671811+00:00
5,5399202868,36.0,30.85,buy,False,2022-11-10T05:21:32.671811+00:00
6,5399194126,35.5,21.0,buy,False,2022-11-10T05:20:31.956596+00:00
7,5398527847,25.9,10.85,buy,False,2022-11-10T03:37:55.298021+00:00
8,5398525063,25.915,0.15,sell,False,2022-11-10T03:37:23.352936+00:00
9,5396451117,36.0,19.15,buy,False,2022-11-09T23:33:50.093709+00:00
10,5396451116,36.0,1.85,buy,False,2022-11-09T23:33:50.093709+00:00
11,5396278703,34.7,1.0,buy,False,2022-11-09T23:19:55.994165+00:00
12,5394933054,30.0,50.0,buy,False,2022-11-09T21:41:19.904520+00:00
13,5393462070,27.7,0.15,buy,False,2022-11-09T20:01:50.202394+00:00
14,5389655369,26.63,45.55,sell,False,2022-11-09T15:42:06.062797+00:00
15,5388851575,27.5,1.0,buy,False,2022-11-09T14:45:35.542419+00:00
16,5388846906,27.495,3.35,buy,False,2022-11-09T14:45:23.802035+00:00
17,5385867219,27.14,45.5,sell,False,2022-11-09T11:03:37.326951+00:00
18,5384653915,27.08,16.65,sell,False,2022-11-09T09:55:34.430794+00:00
19,5384653914,27.085,3.35,sell,False,2022-11-09T09:55:34.430794+00:00
20,5382987129,27.605,86.75,buy,False,2022-11-09T08:07:05.092146+00:00
21,5382987128,27.45,0.95,buy,False,2022-11-09T08:07:05.092146+00:00
22,5382987127,27.445,3.35,buy,False,2022-11-09T08:07:05.092146+00:00
23,5380181856,27.15,5.25,sell,False,2022-11-09T04:17:07.261471+00:00
24,5379426938,27.25,1.5,sell,False,2022-11-09T03:07:59.536138+00:00
25,5378516219,27.26,1.15,sell,False,2022-11-09T01:42:35.831644+00:00
26,5377366781,27.18,59.95,sell,False,2022-11-08T23:57:50.780338+00:00
27,5377336165,27.18,1.0,sell,False,2022-11-08T23:55:11.380835+00:00
28,5376623902,27.1,0.35,sell,False,2022-11-08T23:04:33.039224+00:00
29,5376623901,27.105,3.35,sell,False,2022-11-08T23:04:33.039224+00:00
30,5373228786,27.18,7.8,sell,False,2022-11-08T19:54:48.060693+00:00
31,5373226089,27.175,3.2,buy,False,2022-11-08T19:54:42.418941+00:00
32,5373148819,27.19,0.5,buy,False,2022-11-08T19:52:05.123396+00:00
33,5373014136,26.785,2.2,sell,False,2022-11-08T19:47:39.499748+00:00
34,5368124206,28.005,1.75,sell,False,2022-11-08T17:46:55.215906+00:00
35,5367726986,28.055,12.05,sell,False,2022-11-08T17:29:14.024577+00:00
36,5366858453,28.085,3.65,sell,False,2022-11-08T16:58:37.990097+00:00
37,5366647142,27.985,519.5,sell,False,2022-11-08T16:49:16.918358+00:00
38,5366647141,28.015,139.1,sell,False,2022-11-08T16:49:16.918358+00:00
39,5366647140,28.015,161.6,sell,False,2022-11-08T16:49:16.918358+00:00
40,5366004679,27.8,6.65,sell,False,2022-11-08T16:28:32.974683+00:00
41,5359075498,27.545,32.3,sell,False,2022-11-08T07:35:05.079503+00:00
42,5357385628,27.545,1.0,sell,False,2022-11-08T05:36:39.260127+00:00
43,5357124122,27.55,0.4,sell,False,2022-11-08T05:26:19.711812+00:00
44,5357077533,27.55,1.75,sell,False,2022-11-08T05:25:16.868937+00:00
45,5356971700,27.54,0.65,sell,False,2022-11-08T05:22:28.218387+00:00
46,5356944228,27.54,0.15,sell,False,2022-11-08T05:21:34.081165+00:00
47,5356180110,27.74,0.35,buy,False,2022-11-08T04:44:32.748372+00:00
48,5355353721,27.595,0.9,sell,True,2022-11-08T04:11:58.186867+00:00
49,5353987273,27.56,10.05,sell,False,2022-11-08T03:20:27.681077+00:00
50,5351628805,27.52,2.0,sell,False,2022-11-07T23:36:45.735360+00:00
51,5350047534,27.47,0.6,sell,False,2022-11-07T21:18:33.949674+00:00
52,5348480384,27.98,1.95,sell,False,2022-11-07T17:38:09.315837+00:00
53,5346792336,28.115,0.35,buy,False,2022-11-07T14:45:12.436360+00:00
54,5303352022,27.955,0.15,sell,False,2022-11-03T13:57:58.758241+00:00
55,5303148400,28.36,3.2,buy,False,2022-11-03T13:35:21.083738+00:00
56,5302709685,28.38,0.1,sell,False,2022-11-03T12:39:59.655053+00:00
57,5291851151,29.8,0.8,sell,False,2022-11-02T13:36:38.185270+00:00
58,5287615898,29.67,2.4,sell,False,2022-11-02T02:38:58.019711+00:00
59,5284586407,29.825,3.2,buy,False,2022-11-01T16:46:38.452117+00:00
60,5284571754,29.635,144.0,sell,False,2022-11-01T16:42:54.796941+00:00
61,5284162117,30.23,3.2,sell,False,2022-11-01T15:32:41.680791+00:00
62,5284043497,30.26,5.0,buy,False,2022-11-01T15:10:37.184467+00:00
63,5283557481,30.485,3.2,buy,False,2022-11-01T14:03:10.910748+00:00
64,5283261398,30.53,25.0,sell,False,2022-11-01T13:41:17.157605+00:00
65,5283231686,30.495,3.2,sell,False,2022-11-01T13:37:09.383215+00:00
66,5282986543,29.865,50.0,sell,False,2022-11-01T12:56:00.973040+00:00
67,5282889242,29.86,0.1,buy,False,2022-11-01T12:36:29.201174+00:00
68,5282887952,29.665,0.2,buy,False,2022-11-01T12:36:12.060747+00:00
69,5282793852,29.585,17.95,buy,False,2022-11-01T12:19:43.411665+00:00
70,5282657838,29.23,0.2,buy,False,2022-11-01T12:02:42.639411+00:00
71,5282426227,28.8,1.0,buy,False,2022-11-01T11:23:04.176983+00:00
72,5282168288,28.1,0.75,buy,False,2022-11-01T10:57:47.167989+00:00
73,5281407860,27.395,1.45,buy,False,2022-11-01T09:17:16.561761+00:00
74,5281407859,27.39,3.55,buy,False,2022-11-01T09:17:16.561761+00:00
75,5280473004,27.07,1.0,buy,False,2022-11-01T06:35:24.599595+00:00
76,5276390734,26.36,0.4,sell,False,2022-10-31T19:06:44.210576+00:00
77,5270435796,27.475,0.35,buy,False,2022-10-31T07:41:15.666343+00:00
78,5266969195,27.48,0.15,sell,False,2022-10-30T22:03:19.113890+00:00
79,5250076589,27.48,14.4,sell,False,2022-10-29T04:41:37.190520+00:00
80,5250076588,27.485,3.55,sell,False,2022-10-29T04:41:37.190520+00:00
81,5246094174,27.105,0.75,buy,False,2022-10-28T16:24:39.835572+00:00
82,5245406119,26.615,0.4,buy,False,2022-10-28T14:53:13.683613+00:00
83,5245289440,26.685,0.4,sell,False,2022-10-28T14:35:41.978309+00:00
84,5245181582,26.955,0.4,sell,False,2022-10-28T14:20:54.030667+00:00
85,5245166058,26.875,229.3,buy,False,2022-10-28T14:18:49.562866+00:00
86,5242059702,27.5,0.85,sell,False,2022-10-28T07:21:14.752794+00:00
87,5241347519,27.66,0.15,sell,False,2022-10-28T04:24:30.927653+00:00
88,5238097884,27.505,0.1,sell,False,2022-10-27T20:07:40.541398+00:00
89,5235341665,28.585,3.4,buy,False,2022-10-27T13:41:49.303533+00:00
90,5235326678,28.59,1.05,sell,False,2022-10-27T13:40:30.234164+00:00
91,5229702293,28.155,1.8,sell,False,2022-10-26T23:17:16.064385+00:00
92,5229637950,28.155,0.55,sell,False,2022-10-26T23:09:14.986320+00:00
93,5225896842,28.94,0.1,buy,False,2022-10-26T14:29:07.200055+00:00
94,5225895366,28.855,0.2,buy,False,2022-10-26T14:29:01.759347+00:00
95,5225237569,28.515,0.4,buy,False,2022-10-26T13:51:49.241437+00:00
96,5225237568,28.515,0.35,buy,False,2022-10-26T13:51:49.241437+00:00
97,5219914498,27.815,2.0,sell,False,2022-10-25T23:11:11.148347+00:00
98,5214898553,28.415,6.55,sell,False,2022-10-25T15:36:38.482971+00:00
99,5214206899,28.25,0.35,buy,False,2022-10-25T14:20:19.034833+00:00
100,5213942424,28.005,0.35,buy,False,2022-10-25T13:55:18.927372+00:00
101,5213639025,27.895,3.8,buy,False,2022-10-25T13:30:19.994272+00:00
102,5213308035,27.47,0.2,sell,False,2022-10-25T12:43:33.607809+00:00
103,5209415242,27.73,3.65,buy,False,2022-10-24T18:43:02.556293+00:00
104,5209412552,27.675,3.8,buy,False,2022-10-24T18:42:18.790294+00:00
105,5209125052,27.25,0.2,sell,False,2022-10-24T17:32:21.031491+00:00
106,5208794124,27.51,3.65,buy,False,2022-10-24T16:15:24.407521+00:00
107,5208426456,27.305,0.2,buy,False,2022-10-24T15:02:14.828972+00:00
108,5208297960,27.16,0.35,buy,False,2022-10-24T14:40:37.591003+00:00
109,5208284499,27.04,0.2,buy,False,2022-10-24T14:39:08.448765+00:00
110,5208249501,26.915,0.4,sell,False,2022-10-24T14:35:29.426853+00:00
111,5208237203,26.875,0.4,buy,False,2022-10-24T14:34:11.001677+00:00
112,5208232832,26.865,0.4,buy,False,2022-10-24T14:33:39.948944+00:00
113,5208229349,26.875,0.4,buy,False,2022-10-24T14:33:12.400814+00:00
114,5208225339,26.775,0.2,buy,False,2022-10-24T14:32:47.911425+00:00
115,5208209154,26.525,3.8,sell,False,2022-10-24T14:31:02.929036+00:00
116,5208200488,26.595,3.75,sell,False,2022-10-24T14:30:11.932287+00:00
117,5207877269,26.755,3.65,buy,False,2022-10-24T14:02:44.931715+00:00
118,5207877032,26.755,0.1,sell,False,2022-10-24T14:02:42.735097+00:00
119,5207868839,26.78,3.75,sell,False,2022-10-24T14:01:58.895488+00:00
120,5207805914,26.94,3.75,buy,False,2022-10-24T13:53:26.319906+00:00
121,5207801501,26.935,3.7,sell,False,2022-10-24T13:52:53.644643+00:00
122,5207766186,27.095,3.7,buy,False,2022-10-24T13:48:22.693760+00:00
123,5207688469,27.3,0.4,sell,False,2022-10-24T13:41:00.552553+00:00
124,5199735398,28.215,1.6,buy,False,2022-10-23T06:32:25.158425+00:00
125,5185856296,27.68,0.3,sell,False,2022-10-20T19:34:19.666934+00:00
126,5184848165,28.025,0.25,sell,False,2022-10-20T16:53:27.575054+00:00
127,5184603016,28.34,0.2,sell,False,2022-10-20T16:07:44.614506+00:00
128,5184364663,28.61,1.75,buy,False,2022-10-20T15:13:19.554388+00:00
129,5184362984,28.535,1.75,buy,False,2022-10-20T15:12:59.045937+00:00
130,5184253257,28.365,1.8,sell,False,2022-10-20T14:48:26.348250+00:00
131,5184249798,28.305,1.75,buy,False,2022-10-20T14:47:31.777483+00:00
132,5184045458,28.125,0.55,sell,False,2022-10-20T14:11:36.571013+00:00
133,5184043777,28.15,0.1,buy,False,2022-10-20T14:11:23.905380+00:00
134,5184043498,28.125,1.25,buy,False,2022-10-20T14:11:21.184972+00:00
135,5184037020,28.115,1.8,buy,False,2022-10-20T14:10:37.443764+00:00
136,5183973333,27.935,1.8,buy,False,2022-10-20T14:02:40.940677+00:00
137,5183971622,27.865,2.0,buy,False,2022-10-20T14:02:21.097831+00:00
138,5177945310,27.45,0.2,sell,False,2022-10-19T14:55:55.323122+00:00
139,5177938236,27.5,0.9,buy,False,2022-10-19T14:54:35.218658+00:00
140,5177743615,27.71,1.85,buy,False,2022-10-19T14:20:13.579027+00:00
141,5177706605,27.445,0.2,buy,False,2022-10-19T14:14:29.153885+00:00
142,5177659780,27.175,1.85,buy,False,2022-10-19T14:06:08.542366+00:00
143,5177653229,27.205,3.55,buy,False,2022-10-19T14:05:18.407280+00:00
144,5177372694,27.125,0.3,sell,False,2022-10-19T13:30:08.415090+00:00
145,5176644948,27.465,0.25,sell,False,2022-10-19T10:45:22.685884+00:00
146,5175679385,27.52,2.35,sell,False,2022-10-19T07:05:49.352845+00:00
147,5175679384,27.525,3.55,sell,False,2022-10-19T07:05:49.352845+00:00
148,5175679383,27.77,0.2,sell,False,2022-10-19T07:05:49.352845+00:00
149,5173434525,28.015,4.4,buy,False,2022-10-18T21:56:13.676382+00:00
150,5173434524,28.01,1.7,buy,False,2022-10-18T21:56:13.676382+00:00
151,5173140334,28.035,1.8,buy,False,2022-10-18T20:41:46.126699+00:00
152,5173126780,27.87,2.0,buy,False,2022-10-18T20:41:00.352187+00:00
153,5172427074,27.455,0.2,sell,False,2022-10-18T18:48:08.774640+00:00
154,5172252784,27.715,1.85,buy,False,2022-10-18T18:25:03.564559+00:00
155,5172249818,27.64,2.55,buy,False,2022-10-18T18:23:48.877475+00:00
156,5171423498,26.63,0.55,sell,False,2022-10-18T15:27:21.784055+00:00
157,5171317093,26.745,0.3,sell,False,2022-10-18T15:12:47.179006+00:00
158,5170662397,27.185,0.55,buy,False,2022-10-18T13:44:51.054191+00:00
159,5170648647,27.08,0.25,sell,False,2022-10-18T13:42:48.897963+00:00
160,5170575982,27.375,3.1,sell,False,2022-10-18T13:35:53.548478+00:00
161,5170570098,27.385,0.2,sell,False,2022-10-18T13:35:00.677046+00:00
162,5170558245,27.645,1.85,buy,False,2022-10-18T13:33:43.151400+00:00
163,5170553396,27.325,1.85,buy,False,2022-10-18T13:32:51.307950+00:00
164,5170370901,27.15,5.2,buy,False,2022-10-18T12:51:32.078344+00:00
165,5170321245,27.15,1.85,buy,False,2022-10-18T12:40:25.296556+00:00
166,5170318526,27.015,1.9,buy,False,2022-10-18T12:39:49.256348+00:00
167,5170215548,26.855,0.4,sell,False,2022-10-18T12:11:40.436735+00:00
168,5170018753,26.84,1.9,buy,False,2022-10-18T11:09:20.017240+00:00
169,5170016066,26.665,1.9,buy,False,2022-10-18T11:08:29.242920+00:00
170,5169668962,26.6,0.1,buy,False,2022-10-18T09:36:33.781471+00:00
171,5168335839,26.495,1.9,buy,False,2022-10-18T03:43:02.288965+00:00
172,5168328665,26.395,2.1,buy,False,2022-10-18T03:42:15.958554+00:00
173,5165926183,26.0,0.2,sell,False,2022-10-17T17:02:10.189632+00:00
174,5165775935,26.26,1.95,sell,False,2022-10-17T16:30:04.039535+00:00
175,5165767733,26.22,2.1,buy,False,2022-10-17T16:29:11.066672+00:00
176,5165299549,25.83,0.2,sell,False,2022-10-17T14:54:21.840520+00:00
177,5165019047,26.09,1.95,sell,False,2022-10-17T14:07:09.269663+00:00
178,5165016165,26.09,2.1,buy,False,2022-10-17T14:06:46.121486+00:00
179,5164895790,25.705,0.2,sell,False,2022-10-17T13:48:51.838719+00:00
180,5164831029,25.96,1.95,sell,False,2022-10-17T13:40:34.025950+00:00
181,5164824633,25.8,3.1,buy,False,2022-10-17T13:40:17.767456+00:00
182,5159534140,24.84,0.05,buy,False,2022-10-16T11:13:21.431474+00:00
183,5151336195,24.75,0.4,sell,False,2022-10-14T19:55:22.373912+00:00
184,5149331336,25.095,0.35,sell,False,2022-10-14T14:26:08.134922+00:00
185,5148991940,25.41,0.25,sell,False,2022-10-14T14:00:11.472231+00:00
186,5148867554,25.695,0.2,sell,False,2022-10-14T13:45:07.640630+00:00
187,5148826748,25.87,0.65,buy,False,2022-10-14T13:39:05.899701+00:00
188,5148793899,25.94,1.95,buy,False,2022-10-14T13:34:29.532663+00:00
189,5148768845,25.86,2.7,buy,False,2022-10-14T13:31:32.121181+00:00
190,5144026690,24.955,0.65,sell,False,2022-10-13T21:37:41.995083+00:00
191,5144026689,25.03,0.35,sell,False,2022-10-13T21:37:41.995083+00:00
192,5142268831,25.34,0.25,sell,False,2022-10-13T16:18:45.056803+00:00
193,5142084701,25.625,0.2,sell,False,2022-10-13T15:56:08.245463+00:00
194,5141919674,25.87,1.95,buy,False,2022-10-13T15:40:02.273107+00:00
195,5141899887,25.795,1.95,buy,False,2022-10-13T15:39:03.913817+00:00
196,5141771067,25.63,1.95,buy,False,2022-10-13T15:27:52.767160+00:00
197,5141682046,25.86,3.65,buy,False,2022-10-13T15:20:31.096414+00:00
198,5141635422,25.855,0.5,buy,False,2022-10-13T15:17:52.455893+00:00
199,5141562520,25.495,0.4,buy,False,2022-10-13T15:14:54.027696+00:00
200,5141056695,25.17,0.35,buy,False,2022-10-13T14:13:03.272450+00:00
201,5140916108,24.785,3.65,sell,False,2022-10-13T13:57:53.487776+00:00
202,5140809048,24.875,0.3,buy,False,2022-10-13T13:49:04.945440+00:00
203,5140650067,24.625,3.7,buy,False,2022-10-13T13:36:08.624887+00:00
204,5139978802,24.61,0.25,buy,False,2022-10-13T12:45:18.098396+00:00
205,5139967054,24.38,2.05,sell,False,2022-10-13T12:44:43.413816+00:00
206,5139951249,24.52,2.3,sell,False,2022-10-13T12:43:55.429361+00:00
207,5139802466,24.885,0.25,buy,False,2022-10-13T12:38:01.135539+00:00
208,5139781487,24.655,2.05,sell,False,2022-10-13T12:37:21.610513+00:00
209,5139758221,24.865,2.0,sell,False,2022-10-13T12:36:31.524092+00:00
210,5139712027,25.025,0.45,sell,False,2022-10-13T12:35:21.301517+00:00
211,5139710665,25.025,2.0,sell,False,2022-10-13T12:35:19.447165+00:00
212,5139710370,25.025,0.45,sell,False,2022-10-13T12:35:18.955182+00:00
213,5139609427,24.96,3.25,sell,False,2022-10-13T12:33:16.901052+00:00
214,5139600498,24.965,0.85,sell,False,2022-10-13T12:33:05.060094+00:00
215,5138374455,25.85,2.4,sell,False,2022-10-13T10:39:11.255468+00:00
216,5136804352,24.965,0.45,sell,False,2022-10-13T07:11:22.760894+00:00
217,5136804351,25.985,0.3,sell,False,2022-10-13T07:11:22.760894+00:00
218,5133864850,25.975,0.4,buy,False,2022-10-12T18:08:48.441256+00:00
219,5133277422,25.645,0.35,buy,False,2022-10-12T15:59:54.411127+00:00
220,5133077800,25.345,0.25,buy,False,2022-10-12T15:08:35.684785+00:00
221,5132916017,25.07,0.2,buy,False,2022-10-12T14:27:08.422471+00:00
222,5132903832,24.825,2.05,buy,False,2022-10-12T14:24:23.758160+00:00
223,5132901482,24.915,2.0,sell,False,2022-10-12T14:23:40.485757+00:00
224,5132857551,25.065,2.0,buy,False,2022-10-12T14:13:51.793245+00:00
225,5132766989,25.24,0.25,sell,False,2022-10-12T13:55:53.254142+00:00
226,5132724140,25.525,0.2,sell,False,2022-10-12T13:46:50.978936+00:00
227,5132676763,25.765,3.9,buy,False,2022-10-12T13:40:03.501003+00:00
228,5132673367,25.705,3.95,buy,False,2022-10-12T13:39:25.833728+00:00
229,5132666482,25.54,3.95,buy,False,2022-10-12T13:38:26.500338+00:00
230,5132660495,25.46,4.4,buy,False,2022-10-12T13:37:50.460676+00:00
231,5132495278,24.825,0.3,sell,False,2022-10-12T13:06:04.486491+00:00
232,5132282313,25.1,0.2,sell,False,2022-10-12T12:35:38.192078+00:00
233,5132130316,25.245,8.25,sell,False,2022-10-12T12:22:32.466636+00:00
234,5131964578,25.34,3.95,buy,False,2022-10-12T11:36:41.891445+00:00
235,5131961678,25.21,4.0,buy,False,2022-10-12T11:36:03.337610+00:00
236,5131952947,25.085,0.55,sell,False,2022-10-12T11:33:53.802723+00:00
237,5131814981,24.915,1.0,buy,False,2022-10-12T10:53:03.175797+00:00
238,5131228429,25.045,4.0,buy,False,2022-10-12T08:02:30.917937+00:00
239,5128637502,24.73,0.05,buy,False,2022-10-11T20:06:40.765772+00:00
240,5128127434,25.285,12.1,buy,False,2022-10-11T18:14:14.489644+00:00
241,5128127433,25.28,3.7,buy,False,2022-10-11T18:14:14.489644+00:00
242,5127265849,25.315,3.6,buy,False,2022-10-11T15:09:53.940904+00:00
243,5127236877,25.135,3.65,buy,False,2022-10-11T15:04:09.380266+00:00
244,5127235968,25.115,4.2,buy,False,2022-10-11T15:04:05.052583+00:00
245,5127148457,24.73,0.25,sell,False,2022-10-11T14:45:55.950271+00:00
246,5127148384,24.75,3.7,sell,False,2022-10-11T14:45:54.868398+00:00
247,5127142729,24.965,4.0,buy,False,2022-10-11T14:44:57.731446+00:00
248,5127115959,24.69,0.5,buy,False,2022-10-11T14:40:29.664362+00:00
249,5127107618,24.35,1.75,sell,False,2022-10-11T14:39:22.836869+00:00
250,5127094065,24.43,8.25,buy,False,2022-10-11T14:36:02.327187+00:00
251,5127003198,24.35,0.45,buy,False,2022-10-11T14:19:24.835980+00:00
252,5126981997,24.04,0.35,buy,False,2022-10-11T14:16:55.051802+00:00
253,5126966211,23.76,0.3,buy,False,2022-10-11T14:14:49.346641+00:00
254,5126947765,23.505,0.25,buy,False,2022-10-11T14:12:42.943630+00:00
255,5126941532,23.285,4.3,sell,False,2022-10-11T14:11:40.844539+00:00
256,5126931544,23.155,1.75,buy,False,2022-10-11T14:09:57.787254+00:00
257,5126919568,23.16,0.55,sell,False,2022-10-11T14:08:34.113170+00:00
258,5126918141,23.215,0.55,sell,False,2022-10-11T14:08:23.713952+00:00
259,5126916122,23.295,0.65,sell,False,2022-10-11T14:08:03.719287+00:00
260,5126915343,23.415,0.4,buy,False,2022-10-11T14:07:57.551362+00:00
261,5126897155,23.375,0.45,sell,False,2022-10-11T14:06:04.653138+00:00
262,5126892909,23.46,0.5,sell,False,2022-10-11T14:05:33.410049+00:00
263,5126889814,23.52,0.5,sell,False,2022-10-11T14:05:19.590458+00:00
264,5126885290,23.73,1.75,buy,False,2022-10-11T14:04:53.235295+00:00
265,5126858937,23.705,0.65,sell,False,2022-10-11T14:02:26.566532+00:00
266,5126854399,23.75,0.5,sell,False,2022-10-11T14:02:01.731739+00:00
267,5126849690,23.81,0.5,sell,False,2022-10-11T14:01:43.682260+00:00
268,5126761827,24.035,0.5,sell,False,2022-10-11T13:55:38.835076+00:00
269,5126750494,24.09,0.5,sell,False,2022-10-11T13:53:12.197764+00:00
270,5126750113,24.11,0.6,sell,False,2022-10-11T13:53:05.546283+00:00
271,5126746746,24.255,0.55,buy,False,2022-10-11T13:52:23.008651+00:00
272,5126742900,24.305,0.45,sell,False,2022-10-11T13:51:33.645215+00:00
273,5126741930,24.365,0.45,sell,False,2022-10-11T13:51:18.806276+00:00
274,5126741464,24.495,4.8,sell,False,2022-10-11T13:51:10.962536+00:00
275,5126741463,24.495,0.55,sell,False,2022-10-11T13:51:10.962536+00:00
276,5126729685,24.575,0.45,sell,False,2022-10-11T13:48:36.711381+00:00
277,5126724882,24.635,0.45,sell,False,2022-10-11T13:47:55.022137+00:00
278,5126702872,24.83,0.45,sell,False,2022-10-11T13:44:51.421322+00:00
279,5126696364,24.895,0.45,sell,False,2022-10-11T13:43:22.969903+00:00
280,5126683955,25.135,0.4,buy,False,2022-10-11T13:41:09.091394+00:00
281,5126677555,25.085,0.4,sell,False,2022-10-11T13:40:14.028236+00:00
282,5126662152,24.875,0.55,sell,False,2022-10-11T13:37:22.493365+00:00
283,5126627328,24.89,3.3,sell,False,2022-10-11T13:33:59.932124+00:00
284,5126627160,24.925,1.45,sell,False,2022-10-11T13:33:58.459922+00:00
285,5126627123,24.925,1.45,sell,False,2022-10-11T13:33:58.330480+00:00
286,5126625329,25.24,0.55,sell,False,2022-10-11T13:33:44.794158+00:00
287,5126616167,25.595,0.5,sell,False,2022-10-11T13:32:33.727722+00:00
288,5126567958,25.73,3.1,sell,False,2022-10-11T13:24:52.353869+00:00
289,5126567918,25.73,4.45,sell,False,2022-10-11T13:24:51.994960+00:00
290,5126567165,25.84,0.3,sell,False,2022-10-11T13:24:37.519745+00:00
291,5126453483,25.9,1.35,sell,False,2022-10-11T12:57:19.656645+00:00
292,5126453482,25.945,0.5,sell,False,2022-10-11T12:57:19.656645+00:00
293,5126453239,26.11,3.1,buy,False,2022-10-11T12:57:13.990713+00:00
294,5126453236,26.11,4.45,buy,False,2022-10-11T12:57:13.881385+00:00
295,5126453235,26.11,3.3,buy,False,2022-10-11T12:57:13.880917+00:00
296,5126452603,26.28,0.45,sell,False,2022-10-11T12:57:02.688158+00:00
297,5126437050,26.605,0.45,sell,False,2022-10-11T12:53:19.527806+00:00
298,5126436236,26.92,0.45,sell,False,2022-10-11T12:53:01.808353+00:00
299,5125762210,26.935,1.1,sell,False,2022-10-11T10:04:58.553018+00:00
300,5125657822,27.015,199.6,sell,False,2022-10-11T09:37:15.472338+00:00
301,5125657821,27.225,0.4,sell,False,2022-10-11T09:37:15.472338+00:00
302,5125312651,27.275,2.7,buy,False,2022-10-11T07:53:30.191358+00:00
303,5125311243,27.275,0.5,sell,False,2022-10-11T07:53:10.478374+00:00
304,5121234776,27.525,0.4,sell,False,2022-10-10T16:36:12.326255+00:00
305,5120671294,27.815,0.4,sell,False,2022-10-10T14:39:36.255511+00:00
306,5120430108,28.455,0.35,buy,False,2022-10-10T13:47:39.759090+00:00
307,5120313171,28.015,3.4,sell,False,2022-10-10T13:25:35.786220+00:00
308,5120175740,28.06,4.35,sell,False,2022-10-10T12:45:17.295347+00:00
309,5119195876,27.89,0.1,sell,False,2022-10-10T08:32:47.514643+00:00
310,5118213344,27.99,0.4,buy,False,2022-10-10T03:59:30.668280+00:00
311,5111941982,28.185,3.5,buy,False,2022-10-08T04:51:21.696591+00:00
312,5110751267,28.12,8.85,buy,False,2022-10-07T20:53:39.289435+00:00
313,5110232157,28.085,0.4,buy,False,2022-10-07T18:30:09.588181+00:00
314,5109810525,28.145,0.4,buy,False,2022-10-07T16:53:37.163658+00:00
315,5108871625,28.215,2.1,buy,False,2022-10-07T13:58:26.381823+00:00
316,5108776591,28.69,3.35,buy,False,2022-10-07T13:42:58.304256+00:00
317,5104637120,29.695,2.9,sell,False,2022-10-06T19:56:40.348921+00:00
318,5104637056,29.695,0.45,sell,False,2022-10-06T19:56:37.924396+00:00
319,5104291481,30.0,1.0,sell,False,2022-10-06T18:28:00.457773+00:00
320,5097941081,29.04,2.55,sell,False,2022-10-05T18:22:13.122191+00:00
321,5097787285,29.335,1.6,buy,False,2022-10-05T17:50:27.632559+00:00
322,5096628095,28.725,0.05,buy,False,2022-10-05T14:31:00.539172+00:00
323,5096434906,29.5,1.0,buy,False,2022-10-05T14:01:11.071678+00:00
324,5096408434,29.59,0.1,sell,False,2022-10-05T13:57:41.879625+00:00
325,5096357794,29.28,3.9,buy,False,2022-10-05T13:48:13.425624+00:00
326,5095888162,28.895,0.05,buy,False,2022-10-05T12:28:44.046775+00:00
327,5092324178,29.28,0.1,buy,False,2022-10-04T20:28:44.518200+00:00
328,5092076435,29.005,4.0,buy,False,2022-10-04T19:33:37.528780+00:00
329,5092071942,28.91,1.0,sell,False,2022-10-04T19:32:06.115957+00:00
330,5092071939,28.91,0.15,sell,False,2022-10-04T19:32:06.026703+00:00
331,5092071419,28.945,1.9,buy,False,2022-10-04T19:31:56.388171+00:00
332,5091891007,28.865,2.75,buy,False,2022-10-04T18:49:55.364164+00:00
333,5091832779,28.695,3.6,buy,False,2022-10-04T18:32:04.968765+00:00
334,5090994350,28.575,0.3,buy,False,2022-10-04T15:57:59.638470+00:00
335,5090447816,28.45,5.6,buy,False,2022-10-04T14:11:30.640328+00:00
336,5089345446,27.555,0.05,buy,False,2022-10-04T10:09:40.736323+00:00
337,5089062787,27.415,1.45,buy,False,2022-10-04T08:56:09.090602+00:00
338,5083170820,26.52,0.1,sell,False,2022-10-03T08:13:19.545698+00:00
339,5075157270,26.7,0.05,buy,False,2022-10-01T13:45:34.435890+00:00
340,5072470435,26.67,1.0,buy,False,2022-09-30T20:56:13.966055+00:00
341,5071876069,26.925,0.1,sell,False,2022-09-30T19:05:05.171998+00:00
342,5069645198,26.295,3.9,buy,False,2022-09-30T13:21:43.815660+00:00
343,5069645196,26.295,3.4,buy,False,2022-09-30T13:21:43.781129+00:00
344,5069645194,26.295,0.6,buy,False,2022-09-30T13:21:43.699920+00:00
345,5069637017,26.31,3.8,sell,False,2022-09-30T13:19:54.601538+00:00
346,5067493597,26.57,1.45,buy,False,2022-09-30T05:46:14.248769+00:00
347,5065028340,26.385,0.35,buy,False,2022-09-29T19:32:45.342049+00:00
348,5064554812,26.085,0.55,sell,False,2022-09-29T17:52:49.169461+00:00
349,5064550968,26.1,0.4,buy,False,2022-09-29T17:51:36.115337+00:00
350,5064538665,26.18,0.5,sell,False,2022-09-29T17:48:58.773079+00:00
351,5064538664,26.18,0.5,sell,False,2022-09-29T17:48:58.773079+00:00
352,5064352603,26.35,0.05,buy,False,2022-09-29T17:04:49.123408+00:00
353,5064341966,26.315,0.45,sell,False,2022-09-29T17:02:34.077543+00:00
354,5064311117,26.335,0.5,sell,False,2022-09-29T16:57:05.916903+00:00
355,5064029150,26.51,0.55,sell,False,2022-09-29T16:19:49.769666+00:00
356,5064022863,26.55,0.5,sell,False,2022-09-29T16:18:19.725394+00:00
357,5064022862,26.55,0.5,sell,False,2022-09-29T16:18:19.725394+00:00
358,5063387944,26.64,0.45,sell,False,2022-09-29T14:37:10.922522+00:00
359,5063242876,26.69,0.45,sell,False,2022-09-29T14:16:14.873589+00:00
360,5057420659,27.655,1.15,sell,False,2022-09-28T16:37:34.114062+00:00
361,5056146938,27.775,4.05,buy,False,2022-09-28T13:43:40.479582+00:00
362,5056137634,27.655,4.05,sell,False,2022-09-28T13:42:28.452195+00:00
363,5055478194,27.2,0.1,sell,False,2022-09-28T11:43:01.646289+00:00
364,5047720994,28.3,1.5,buy,False,2022-09-27T14:48:11.455256+00:00
365,5042163838,26.91,0.45,sell,False,2022-09-26T19:59:09.148508+00:00
366,5042163837,26.91,0.45,sell,False,2022-09-26T19:59:09.148508+00:00
367,5042162062,26.915,0.5,sell,False,2022-09-26T19:58:56.532431+00:00
368,5042063987,26.925,0.15,sell,False,2022-09-26T19:43:37.800117+00:00
369,5042062745,26.96,0.45,sell,False,2022-09-26T19:43:23.249493+00:00
370,5042054922,27.035,0.45,sell,False,2022-09-26T19:42:04.686821+00:00
371,5040873026,27.225,0.1,sell,False,2022-09-26T15:45:31.493987+00:00
372,5040867917,27.255,0.45,sell,False,2022-09-26T15:45:01.849062+00:00
373,5040867916,27.255,0.45,sell,False,2022-09-26T15:45:01.849062+00:00
374,5040867362,27.265,0.4,sell,False,2022-09-26T15:44:56.367462+00:00
375,5040861314,27.315,0.5,sell,False,2022-09-26T15:44:02.706701+00:00
376,5040837779,27.375,0.45,sell,False,2022-09-26T15:39:03.476958+00:00
377,5040307260,28.13,1.0,buy,False,2022-09-26T14:18:12.603344+00:00
378,5040074413,27.765,3.95,buy,False,2022-09-26T13:47:21.931849+00:00
379,5038266533,27.46,3.5,sell,False,2022-09-26T09:23:04.265152+00:00
380,5037988199,28.025,3.5,buy,False,2022-09-26T08:42:21.896078+00:00
381,5034609113,27.785,0.75,sell,False,2022-09-25T21:54:19.622401+00:00
382,5034405690,27.965,0.75,buy,False,2022-09-25T21:14:26.457015+00:00
383,5031840507,27.77,0.25,sell,False,2022-09-25T10:50:42.801004+00:00
384,5031840506,27.775,0.4,sell,False,2022-09-25T10:50:42.801004+00:00
385,5022509474,27.565,0.4,sell,False,2022-09-23T18:19:27.176225+00:00
386,5022493340,27.595,0.45,sell,False,2022-09-23T18:16:43.782936+00:00
387,5022493339,27.595,0.45,sell,False,2022-09-23T18:16:43.782936+00:00
388,5022210228,27.7,0.4,sell,False,2022-09-23T17:33:40.582706+00:00
389,5022210227,27.7,0.45,sell,False,2022-09-23T17:33:40.582706+00:00
390,5021757855,27.855,0.4,sell,False,2022-09-23T16:26:16.489907+00:00
391,5020506668,28.125,0.4,buy,False,2022-09-23T13:50:09.970513+00:00
392,5020466090,28.14,3.95,sell,False,2022-09-23T13:46:32.529214+00:00
393,5019503154,27.92,0.15,sell,False,2022-09-23T11:23:30.345727+00:00
394,5019503153,27.92,0.4,sell,False,2022-09-23T11:23:30.345727+00:00
395,5019503152,27.92,0.4,sell,False,2022-09-23T11:23:30.345727+00:00
396,5019397601,28.015,0.4,sell,False,2022-09-23T11:09:11.856663+00:00
397,5019230609,28.07,0.45,sell,False,2022-09-23T10:47:21.698851+00:00
398,5019145262,28.08,0.2,sell,False,2022-09-23T10:25:47.327943+00:00
399,5018944572,28.24,0.4,sell,False,2022-09-23T09:46:53.804624+00:00
400,5018944571,28.24,0.4,sell,False,2022-09-23T09:46:53.804624+00:00
401,5018761476,28.32,0.4,sell,False,2022-09-23T09:16:21.267765+00:00
402,5018517551,28.435,0.45,sell,False,2022-09-23T08:34:21.230054+00:00
403,5018285320,28.55,0.4,sell,False,2022-09-23T08:00:01.693874+00:00
404,5018285319,28.55,0.4,sell,False,2022-09-23T08:00:01.693874+00:00
405,5014832014,28.62,0.35,sell,False,2022-09-22T19:59:40.142724+00:00
406,5014562324,28.965,0.2,buy,False,2022-09-22T19:25:59.607214+00:00
407,5014172636,28.785,0.4,sell,False,2022-09-22T18:22:06.613048+00:00
408,5013183879,29.135,0.2,sell,False,2022-09-22T15:21:36.616335+00:00
409,5012651749,28.91,0.35,sell,False,2022-09-22T13:58:36.968360+00:00
410,5012630343,28.85,0.35,sell,False,2022-09-22T13:56:14.247132+00:00
411,5012630342,28.85,0.35,sell,False,2022-09-22T13:56:14.247132+00:00
412,5012574380,29.13,0.35,buy,False,2022-09-22T13:49:08.408170+00:00
413,5012574377,29.13,0.35,buy,False,2022-09-22T13:49:08.355969+00:00
414,5012571276,29.02,1.0,sell,False,2022-09-22T13:48:44.015413+00:00
415,5012569070,29.13,0.4,sell,False,2022-09-22T13:48:29.872352+00:00
416,5012565763,29.225,0.05,buy,False,2022-09-22T13:47:58.528047+00:00
417,5012565762,29.22,0.35,buy,False,2022-09-22T13:47:58.528047+00:00
418,5012495970,29.46,0.4,sell,False,2022-09-22T13:41:20.951478+00:00
419,5012438433,29.785,0.35,sell,False,2022-09-22T13:35:11.607981+00:00
420,5012416582,30.1,0.35,sell,False,2022-09-22T13:32:05.096595+00:00
421,5012416053,30.115,0.1,sell,False,2022-09-22T13:32:01.259902+00:00
422,5011154681,30.445,0.35,sell,False,2022-09-22T09:24:18.876706+00:00
423,5008334761,30.31,0.35,buy,False,2022-09-21T23:35:42.159313+00:00
424,5008071962,30.39,0.35,buy,False,2022-09-21T22:51:36.724275+00:00
425,5002470200,30.79,41.05,sell,False,2022-09-21T14:00:15.534524+00:00
426,5002468353,30.815,39.8,sell,False,2022-09-21T14:00:01.782286+00:00
427,5002332038,30.905,2.95,buy,False,2022-09-21T13:35:13.452857+00:00
428,5002098449,31.73,0.65,buy,False,2022-09-21T12:52:06.476620+00:00
429,5000684098,30.545,0.6,sell,False,2022-09-21T07:45:39.849125+00:00
430,5000682990,30.545,1.8,sell,False,2022-09-21T07:45:22.281125+00:00
431,5000682989,30.55,3.6,sell,False,2022-09-21T07:45:22.281125+00:00
432,4996652199,31.785,0.15,sell,False,2022-09-20T16:52:25.622723+00:00
433,4995328678,31.98,2.7,buy,False,2022-09-20T13:48:14.194746+00:00
434,4992159826,31.505,0.15,sell,False,2022-09-20T02:09:37.525349+00:00
435,4986648862,31.415,200.1,buy,False,2022-09-19T09:17:57.744772+00:00
436,4986248969,32.06,0.75,buy,False,2022-09-19T07:50:16.982180+00:00
437,4986229280,31.635,0.05,sell,False,2022-09-19T07:46:46.253178+00:00
438,4986229276,31.95,0.05,sell,False,2022-09-19T07:46:46.219324+00:00
439,4986229175,31.95,0.05,sell,False,2022-09-19T07:46:45.441099+00:00
440,4986229171,31.95,0.05,sell,False,2022-09-19T07:46:45.417878+00:00
441,4986229124,31.95,0.05,sell,False,2022-09-19T07:46:45.114897+00:00
442,4986229121,31.95,0.05,sell,False,2022-09-19T07:46:45.054596+00:00
443,4986229042,31.95,0.05,sell,False,2022-09-19T07:46:44.302711+00:00
444,4986229030,31.95,0.05,sell,False,2022-09-19T07:46:44.264682+00:00
445,4986228956,31.95,0.05,sell,False,2022-09-19T07:46:43.510145+00:00
446,4986228930,31.95,0.05,sell,False,2022-09-19T07:46:43.445441+00:00
447,4986228823,31.95,0.15,sell,False,2022-09-19T07:46:42.380731+00:00
448,4986228792,31.95,0.15,sell,False,2022-09-19T07:46:42.263613+00:00
449,4984376445,32.07,5.0,buy,False,2022-09-19T02:41:58.300312+00:00
450,4983630182,31.955,0.2,sell,False,2022-09-19T01:04:02.981183+00:00
451,4970263149,31.855,3.1,buy,False,2022-09-16T18:36:36.324278+00:00
452,4969413132,31.355,0.15,buy,False,2022-09-16T16:36:57.861623+00:00
453,4967595778,31.885,1.15,sell,False,2022-09-16T12:10:38.842443+00:00
454,4967592851,31.885,3.1,sell,False,2022-09-16T12:10:03.127895+00:00
455,4967583768,31.845,0.75,sell,False,2022-09-16T12:08:14.703142+00:00
456,4967434370,31.785,1.85,sell,False,2022-09-16T11:39:47.620163+00:00
457,4966485954,31.5,200.0,sell,False,2022-09-16T08:18:04.980909+00:00
458,4966391081,31.965,0.05,sell,False,2022-09-16T08:00:43.173231+00:00
459,4966391080,31.965,0.05,sell,False,2022-09-16T08:00:43.172875+00:00
460,4966387591,32.4,754.95,sell,False,2022-09-16T08:00:15.007787+00:00
461,4966386946,32.4,536.05,sell,False,2022-09-16T08:00:12.314065+00:00
462,4966386049,32.4,1709.0,sell,False,2022-09-16T08:00:06.452942+00:00
463,4966386048,32.4,405.35,sell,False,2022-09-16T08:00:06.452942+00:00
464,4966386035,32.405,3.45,sell,False,2022-09-16T08:00:06.247702+00:00
465,4966323846,32.685,405.3,sell,False,2022-09-16T07:45:00.343063+00:00
466,4966055867,32.72,52.75,buy,False,2022-09-16T06:36:55.404664+00:00
467,4966054913,32.72,457.9,buy,False,2022-09-16T06:36:41.878708+00:00
468,4966054556,32.72,489.35,buy,False,2022-09-16T06:36:33.560895+00:00
469,4966052475,32.72,126.65,buy,False,2022-09-16T06:35:58.689482+00:00
470,4966051392,32.72,510.85,buy,False,2022-09-16T06:35:42.465900+00:00
471,4966051377,32.73,362.5,sell,False,2022-09-16T06:35:42.262737+00:00
472,4966048868,32.72,11.05,buy,False,2022-09-16T06:35:17.615155+00:00
473,4966047977,32.72,541.35,buy,False,2022-09-16T06:35:00.442715+00:00
474,4966047972,32.73,447.6,sell,False,2022-09-16T06:35:00.260875+00:00
475,4962660763,33.565,15.0,sell,False,2022-09-15T18:02:21.768418+00:00
476,4960738769,33.895,0.1,buy,False,2022-09-15T14:30:10.639736+00:00
477,4960738762,33.895,0.1,buy,False,2022-09-15T14:30:10.585831+00:00
478,4960738666,33.895,0.1,buy,False,2022-09-15T14:30:09.606011+00:00
479,4960738662,33.895,0.1,buy,False,2022-09-15T14:30:09.574558+00:00
480,4960738633,33.895,0.1,buy,False,2022-09-15T14:30:09.250539+00:00
481,4960738627,33.895,0.1,buy,False,2022-09-15T14:30:09.198729+00:00
482,4960738568,33.895,0.15,buy,False,2022-09-15T14:30:08.721875+00:00
483,4960738561,33.895,0.15,buy,False,2022-09-15T14:30:08.622307+00:00
484,4960738530,33.895,0.2,buy,False,2022-09-15T14:30:08.353211+00:00
485,4960738522,33.895,0.2,buy,False,2022-09-15T14:30:08.265892+00:00
486,4960738450,33.895,0.25,buy,False,2022-09-15T14:30:07.603143+00:00
487,4960738441,33.895,0.25,buy,False,2022-09-15T14:30:07.545484+00:00
488,4960738346,33.895,0.3,buy,False,2022-09-15T14:30:06.646087+00:00
489,4960738325,33.895,0.3,buy,False,2022-09-15T14:30:06.533889+00:00
490,4960738131,33.895,0.35,buy,False,2022-09-15T14:30:05.837517+00:00
491,4960738118,33.895,0.35,buy,False,2022-09-15T14:30:05.797067+00:00
492,4960738005,33.895,0.45,buy,False,2022-09-15T14:30:05.361521+00:00
493,4960738004,33.895,0.45,buy,False,2022-09-15T14:30:05.360973+00:00
494,4960737818,33.935,0.6,buy,False,2022-09-15T14:30:04.483456+00:00
495,4960737817,33.935,0.6,buy,False,2022-09-15T14:30:04.482919+00:00
496,4960737675,33.935,0.7,buy,False,2022-09-15T14:30:04.058081+00:00
497,4960737674,33.935,0.7,buy,False,2022-09-15T14:30:04.057601+00:00
498,4960737083,33.935,0.8,buy,False,2022-09-15T14:30:02.357048+00:00
499,4960737073,33.935,0.9,buy,False,2022-09-15T14:30:02.285426+00:00
500,4960737026,33.935,1.1,buy,False,2022-09-15T14:30:02.026769+00:00
501,4960736989,33.935,1.1,buy,False,2022-09-15T14:30:01.902635+00:00
502,4960736935,33.935,1.4,buy,False,2022-09-15T14:30:01.491760+00:00
503,4960736895,33.935,1.4,buy,False,2022-09-15T14:30:01.370747+00:00
504,4960736761,33.935,1.75,buy,False,2022-09-15T14:30:00.416232+00:00
505,4960736758,33.935,1.75,buy,False,2022-09-15T14:30:00.340145+00:00
506,4960736733,33.935,2.15,buy,False,2022-09-15T14:29:59.829026+00:00
507,4960736723,33.935,2.15,buy,False,2022-09-15T14:29:59.742796+00:00
508,4960736706,33.935,2.7,buy,False,2022-09-15T14:29:59.414922+00:00
509,4960736694,33.935,2.7,buy,False,2022-09-15T14:29:59.325014+00:00
510,4960736668,33.935,3.4,buy,False,2022-09-15T14:29:59.006308+00:00
511,4960736666,33.935,3.4,buy,False,2022-09-15T14:29:58.967155+00:00
512,4960736635,33.935,4.25,buy,False,2022-09-15T14:29:58.361181+00:00
513,4960736632,33.935,4.25,buy,False,2022-09-15T14:29:58.335761+00:00
514,4960736609,33.935,4.7,buy,False,2022-09-15T14:29:58.020082+00:00
515,4960736599,33.935,5.25,buy,False,2022-09-15T14:29:57.942716+00:00
516,4960736515,33.935,6.55,buy,False,2022-09-15T14:29:57.576234+00:00
517,4960736471,33.935,6.55,buy,False,2022-09-15T14:29:57.447643+00:00
518,4960736411,33.935,7.3,buy,False,2022-09-15T14:29:57.135412+00:00
519,4960736408,33.935,8.1,buy,False,2022-09-15T14:29:57.093917+00:00
520,4960736376,33.935,0.75,buy,False,2022-09-15T14:29:56.241949+00:00
521,4960736369,33.935,0.75,buy,False,2022-09-15T14:29:56.166450+00:00
522,4960590906,34.12,0.1,buy,False,2022-09-15T14:07:24.777479+00:00
523,4960390544,33.63,0.1,buy,False,2022-09-15T13:35:07.041546+00:00
524,4960389991,33.285,0.1,buy,False,2022-09-15T13:35:00.925274+00:00
525,4953382931,33.1,1.0,sell,False,2022-09-14T20:08:21.311732+00:00
526,4952011862,32.41,0.3,buy,False,2022-09-14T16:18:25.730042+00:00
527,4943611744,31.01,6.6,sell,False,2022-09-13T15:53:45.705548+00:00
528,4943611708,31.01,15.5,sell,False,2022-09-13T15:53:45.099503+00:00
529,4943611617,31.01,19.35,sell,False,2022-09-13T15:53:44.571332+00:00
530,4943611463,31.01,24.2,sell,False,2022-09-13T15:53:43.721849+00:00
531,4943611311,31.01,30.25,sell,False,2022-09-13T15:53:42.735165+00:00
532,4943611260,31.01,37.8,sell,False,2022-09-13T15:53:42.155626+00:00
533,4943611170,31.01,47.25,sell,False,2022-09-13T15:53:41.613776+00:00
534,4943611086,31.01,59.1,sell,False,2022-09-13T15:53:40.589042+00:00
535,4943609481,30.995,2.2,sell,False,2022-09-13T15:53:28.364179+00:00
536,4943609417,30.995,2.8,sell,False,2022-09-13T15:53:27.781303+00:00
537,4943609394,30.995,3.5,sell,False,2022-09-13T15:53:27.378116+00:00
538,4943609326,30.995,4.35,sell,False,2022-09-13T15:53:26.880941+00:00
539,4943609231,30.995,5.45,sell,False,2022-09-13T15:53:26.129811+00:00
540,4943609165,30.995,6.8,sell,False,2022-09-13T15:53:25.343095+00:00
541,4943609096,30.995,8.5,sell,False,2022-09-13T15:53:24.890857+00:00
542,4943609047,30.995,10.6,sell,False,2022-09-13T15:53:24.540298+00:00
543,4943608996,30.995,13.3,sell,False,2022-09-13T15:53:24.164445+00:00
544,4943608920,30.995,16.6,sell,False,2022-09-13T15:53:23.683536+00:00
545,4943608817,30.995,20.75,sell,False,2022-09-13T15:53:23.157198+00:00
546,4943608688,30.995,25.95,sell,False,2022-09-13T15:53:22.264507+00:00
547,4943608591,30.995,32.4,sell,False,2022-09-13T15:53:21.983283+00:00
548,4943608486,30.995,40.55,sell,False,2022-09-13T15:53:21.453719+00:00
549,4943608383,30.995,50.65,sell,False,2022-09-13T15:53:21.064189+00:00
550,4943607906,30.995,63.35,sell,False,2022-09-13T15:53:20.220107+00:00
551,4943359297,30.765,6.5,buy,False,2022-09-13T15:22:13.850669+00:00
552,4942291679,30.545,0.35,buy,False,2022-09-13T13:38:09.482129+00:00
553,4942278370,30.435,0.8,sell,False,2022-09-13T13:37:27.974427+00:00
554,4941391144,31.315,2.9,buy,False,2022-09-13T12:46:40.567546+00:00
555,4941391121,31.315,0.8,buy,False,2022-09-13T12:46:40.458115+00:00
556,4941090211,31.55,475.4,sell,False,2022-09-13T12:34:49.936359+00:00
557,4935365555,32.37,30.85,buy,False,2022-09-12T18:58:19.174616+00:00
558,4928688013,31.78,0.15,sell,False,2022-09-12T01:47:44.730411+00:00
559,4926450206,31.7,0.1,sell,False,2022-09-11T18:25:37.080729+00:00
560,4914002009,31.94,1.3,sell,False,2022-09-09T18:02:37.072143+00:00
561,4913762991,32.0,3.1,sell,False,2022-09-09T17:26:13.698092+00:00
562,4913470338,31.77,166.15,sell,False,2022-09-09T16:43:10.917745+00:00
563,4913470337,31.81,346.6,sell,False,2022-09-09T16:43:10.917745+00:00
564,4912080004,31.66,0.1,buy,False,2022-09-09T13:35:05.902717+00:00
565,4912079269,31.445,0.35,buy,False,2022-09-09T13:35:01.408921+00:00
566,4909675036,31.07,27.65,buy,False,2022-09-09T08:18:10.952759+00:00
567,4909581062,30.895,0.35,buy,False,2022-09-09T08:00:06.946505+00:00
568,4903785310,30.56,1.2,buy,False,2022-09-08T13:51:23.109737+00:00
569,4896977466,29.375,0.9,buy,False,2022-09-07T15:34:29.581430+00:00
570,4896971794,29.39,2.2,buy,False,2022-09-07T15:33:08.530479+00:00
571,4896944262,29.45,0.5,buy,False,2022-09-07T15:28:50.272155+00:00
572,4896944119,29.45,0.55,buy,False,2022-09-07T15:28:49.518240+00:00
573,4896944076,29.45,0.65,buy,False,2022-09-07T15:28:48.740287+00:00
574,4896944004,29.45,0.7,buy,False,2022-09-07T15:28:47.514862+00:00
575,4896943970,29.45,0.8,buy,False,2022-09-07T15:28:46.532384+00:00
576,4896943900,29.45,0.85,buy,False,2022-09-07T15:28:45.522747+00:00
577,4896943710,29.45,0.95,buy,False,2022-09-07T15:28:44.423360+00:00
578,4896943645,29.45,1.05,buy,False,2022-09-07T15:28:43.453233+00:00
579,4896943534,29.45,1.2,buy,False,2022-09-07T15:28:42.369382+00:00
580,4896943498,29.45,1.3,buy,False,2022-09-07T15:28:41.345212+00:00
581,4896943423,29.45,1.45,buy,False,2022-09-07T15:28:40.268366+00:00
582,4896943360,29.45,1.6,buy,False,2022-09-07T15:28:39.302445+00:00
583,4896943239,29.45,1.8,buy,False,2022-09-07T15:28:38.171773+00:00
584,4896942981,29.45,2.0,buy,False,2022-09-07T15:28:37.217476+00:00
585,4896942706,29.45,2.2,buy,False,2022-09-07T15:28:36.839457+00:00
586,4891364707,28.79,1.15,sell,False,2022-09-06T19:58:15.271168+00:00
587,4890582245,29.12,1.0,sell,False,2022-09-06T18:14:56.377255+00:00
588,4889899362,28.915,1.0,buy,False,2022-09-06T17:21:21.696755+00:00
589,4888803428,28.88,0.15,buy,False,2022-09-06T15:20:55.156960+00:00
590,4888060671,28.99,344.9,sell,False,2022-09-06T13:47:21.319063+00:00
591,4887106449,29.36,0.3,buy,False,2022-09-06T10:23:44.623185+00:00
592,4882284608,28.995,0.15,sell,False,2022-09-05T16:34:01.922465+00:00
593,4882283157,28.995,0.15,sell,False,2022-09-05T16:33:41.331899+00:00
594,4857373725,28.295,10.45,sell,False,2022-09-01T03:10:28.923658+00:00
595,4855372313,30.56,1.0,buy,False,2022-08-31T19:14:30.590848+00:00
596,4855284597,29.04,239.75,buy,False,2022-08-31T19:00:00.994844+00:00
597,4855284596,29.005,260.25,buy,False,2022-08-31T19:00:00.994844+00:00
598,4853351475,29.1,2.8,buy,False,2022-08-31T13:24:39.350046+00:00
599,4846944507,28.455,4.15,buy,False,2022-08-30T16:45:16.326363+00:00
600,4846944221,28.455,4.6,buy,False,2022-08-30T16:45:15.284414+00:00
601,4846943993,28.455,5.1,buy,False,2022-08-30T16:45:14.750415+00:00
602,4846943400,28.455,5.7,buy,False,2022-08-30T16:45:13.245995+00:00
603,4846943189,28.455,6.3,buy,False,2022-08-30T16:45:12.664519+00:00
604,4846942891,28.455,7.0,buy,False,2022-08-30T16:45:11.700421+00:00
605,4846942493,28.455,7.8,buy,False,2022-08-30T16:45:10.665085+00:00
606,4846942333,28.455,8.65,buy,False,2022-08-30T16:45:09.778357+00:00
607,4846941901,28.455,9.6,buy,False,2022-08-30T16:45:08.843712+00:00
608,4846941592,28.455,10.7,buy,False,2022-08-30T16:45:08.091979+00:00
609,4846894608,28.505,4.05,buy,False,2022-08-30T16:43:31.981566+00:00
610,4846894561,28.505,4.5,buy,False,2022-08-30T16:43:30.950030+00:00
611,4846894464,28.505,4.95,buy,False,2022-08-30T16:43:29.915638+00:00
612,4846894406,28.505,5.5,buy,False,2022-08-30T16:43:28.893488+00:00
613,4846894229,28.505,6.15,buy,False,2022-08-30T16:43:27.868165+00:00
614,4846894139,28.505,6.8,buy,False,2022-08-30T16:43:26.965964+00:00
615,4846894102,28.505,7.6,buy,False,2022-08-30T16:43:26.238257+00:00
616,4846845275,28.545,7.25,buy,False,2022-08-30T16:38:27.452397+00:00
617,4846845124,28.545,8.05,buy,False,2022-08-30T16:38:26.497388+00:00
618,4846845051,28.545,8.95,buy,False,2022-08-30T16:38:25.416495+00:00
619,4846844942,28.545,9.95,buy,False,2022-08-30T16:38:24.532797+00:00
620,4846806128,28.565,4.55,buy,False,2022-08-30T16:32:17.215573+00:00
621,4846806081,28.565,5.05,buy,False,2022-08-30T16:32:16.708432+00:00
622,4846806059,28.565,5.6,buy,False,2022-08-30T16:32:16.201545+00:00
623,4846805964,28.565,6.25,buy,False,2022-08-30T16:32:15.227428+00:00
624,4846805907,28.565,6.9,buy,False,2022-08-30T16:32:14.722691+00:00
625,4846805841,28.565,7.7,buy,False,2022-08-30T16:32:13.770706+00:00
626,4846768192,28.4,7.0,buy,False,2022-08-30T16:26:33.488231+00:00
627,4846761631,28.385,4.8,buy,False,2022-08-30T16:25:39.387279+00:00
628,4846761599,28.385,5.35,buy,False,2022-08-30T16:25:38.312367+00:00
629,4846761520,28.385,5.95,buy,False,2022-08-30T16:25:37.304846+00:00
630,4846761416,28.385,6.6,buy,False,2022-08-30T16:25:36.312414+00:00
631,4846761187,28.385,7.35,buy,False,2022-08-30T16:25:35.311852+00:00
632,4846761145,28.385,8.15,buy,False,2022-08-30T16:25:34.225651+00:00
633,4846761077,28.385,9.05,buy,False,2022-08-30T16:25:33.027492+00:00
634,4846760176,28.405,5.6,buy,False,2022-08-30T16:25:22.925542+00:00
635,4846760163,28.405,6.25,buy,False,2022-08-30T16:25:22.603986+00:00
636,4846760117,28.405,6.95,buy,False,2022-08-30T16:25:21.569967+00:00
637,4846760063,28.405,7.7,buy,False,2022-08-30T16:25:20.486945+00:00
638,4846760016,28.405,8.55,buy,False,2022-08-30T16:25:19.923023+00:00
639,4846751130,28.42,10.55,buy,False,2022-08-30T16:23:19.863722+00:00
640,4846746825,28.495,6.9,buy,False,2022-08-30T16:22:32.428458+00:00
641,4846746699,28.425,7.7,buy,False,2022-08-30T16:22:31.620402+00:00
642,4846746675,28.425,8.55,buy,False,2022-08-30T16:22:31.238543+00:00
643,4846746624,28.425,9.5,buy,False,2022-08-30T16:22:30.254815+00:00
644,4846711164,28.445,7.2,buy,False,2022-08-30T16:18:37.173346+00:00
645,4846704659,28.455,2.35,buy,False,2022-08-30T16:17:40.542742+00:00
646,4846704562,28.455,2.6,buy,False,2022-08-30T16:17:39.547677+00:00
647,4846704474,28.455,2.9,buy,False,2022-08-30T16:17:38.513095+00:00
648,4846704430,28.455,3.2,buy,False,2022-08-30T16:17:37.364649+00:00
649,4846704404,28.455,3.6,buy,False,2022-08-30T16:17:36.986905+00:00
650,4846704320,28.455,3.95,buy,False,2022-08-30T16:17:36.309758+00:00
651,4846704241,28.455,4.4,buy,False,2022-08-30T16:17:35.453971+00:00
652,4846704170,28.455,4.9,buy,False,2022-08-30T16:17:34.416059+00:00
653,4846704079,28.455,5.45,buy,False,2022-08-30T16:17:33.365562+00:00
654,4846704044,28.455,6.05,buy,False,2022-08-30T16:17:32.916278+00:00
655,4846703995,28.455,6.75,buy,False,2022-08-30T16:17:32.265733+00:00
656,4846703945,28.455,7.5,buy,False,2022-08-30T16:17:31.341439+00:00
657,4846703867,28.455,8.3,buy,False,2022-08-30T16:17:30.466137+00:00
658,4846687852,28.445,7.4,buy,False,2022-08-30T16:15:14.584565+00:00
659,4846687758,28.445,8.2,buy,False,2022-08-30T16:15:13.523095+00:00
660,4846687672,28.445,9.15,buy,False,2022-08-30T16:15:12.491512+00:00
661,4846687613,28.445,10.15,buy,False,2022-08-30T16:15:11.415049+00:00
662,4846687556,28.445,11.25,buy,False,2022-08-30T16:15:10.710792+00:00
663,4846667767,28.355,6.2,buy,False,2022-08-30T16:11:12.975872+00:00
664,4846667699,28.355,6.85,buy,False,2022-08-30T16:11:12.497538+00:00
665,4846667462,28.355,7.65,buy,False,2022-08-30T16:11:11.672995+00:00
666,4846667423,28.355,8.5,buy,False,2022-08-30T16:11:11.288211+00:00
667,4846667304,28.355,9.4,buy,False,2022-08-30T16:11:10.260053+00:00
668,4846664951,28.355,1.95,buy,False,2022-08-30T16:10:42.135854+00:00
669,4846664884,28.355,2.15,buy,False,2022-08-30T16:10:41.104456+00:00
670,4846664806,28.355,2.4,buy,False,2022-08-30T16:10:40.078445+00:00
671,4846664558,28.355,2.65,buy,False,2022-08-30T16:10:39.082561+00:00
672,4846664479,28.355,2.95,buy,False,2022-08-30T16:10:37.863308+00:00
673,4846664405,28.355,3.25,buy,False,2022-08-30T16:10:37.012362+00:00
674,4846664344,28.355,3.65,buy,False,2022-08-30T16:10:35.855197+00:00
675,4846664294,28.355,4.05,buy,False,2022-08-30T16:10:34.863302+00:00
676,4846664229,28.355,4.5,buy,False,2022-08-30T16:10:33.662394+00:00
677,4846664163,28.355,5.0,buy,False,2022-08-30T16:10:32.938031+00:00
678,4846664092,28.355,5.55,buy,False,2022-08-30T16:10:31.862643+00:00
679,4846664044,28.355,6.15,buy,False,2022-08-30T16:10:31.184056+00:00
680,4846653004,28.415,6.7,buy,False,2022-08-30T16:08:31.739976+00:00
681,4846652908,28.415,7.45,buy,False,2022-08-30T16:08:30.657358+00:00
682,4845976757,28.26,1.25,sell,False,2022-08-30T14:46:33.722504+00:00
683,4844910470,29.225,0.1,buy,False,2022-08-30T12:25:12.567791+00:00
684,4841477873,28.95,0.4,buy,False,2022-08-29T21:21:23.997269+00:00
685,4839778684,28.985,1.6,buy,False,2022-08-29T14:46:10.961504+00:00
686,4839166197,28.825,1.6,buy,False,2022-08-29T13:38:15.362054+00:00
687,4836237699,28.39,1.6,buy,False,2022-08-29T01:22:38.189644+00:00
688,4834824093,28.375,7.3,sell,False,2022-08-28T22:04:33.233208+00:00
689,4833223021,28.475,0.05,buy,False,2022-08-28T14:23:50.819803+00:00
690,4833223020,28.47,0.45,buy,False,2022-08-28T14:23:50.819803+00:00
691,4826935393,28.425,0.15,buy,False,2022-08-27T07:45:16.278265+00:00
692,4821978234,28.43,1.05,sell,False,2022-08-26T15:21:34.294101+00:00
693,4821978233,28.43,0.85,sell,False,2022-08-26T15:21:34.294101+00:00
694,4821975874,28.44,10.5,sell,False,2022-08-26T15:21:33.082812+00:00
695,4815903056,29.595,0.45,sell,False,2022-08-25T21:00:16.778968+00:00
696,4814227664,29.37,22.95,sell,False,2022-08-25T14:15:55.118619+00:00
697,4814208014,29.395,1.0,buy,False,2022-08-25T14:10:39.842749+00:00
698,4813821564,29.19,1.8,buy,False,2022-08-25T12:49:42.192253+00:00
699,4812741451,29.245,2.8,buy,False,2022-08-25T08:12:20.052161+00:00
700,4812729788,29.245,0.3,buy,False,2022-08-25T08:10:07.395541+00:00
701,4808196411,29.0,20.0,buy,False,2022-08-24T14:10:21.802239+00:00
702,4808176916,28.945,2.8,buy,False,2022-08-24T14:06:35.275948+00:00
703,4805125661,27.8,0.7,sell,False,2022-08-24T01:43:52.298608+00:00
704,4805125660,27.8,2.0,sell,False,2022-08-24T01:43:52.298608+00:00
705,4805006330,27.855,0.7,buy,False,2022-08-24T01:15:36.261781+00:00
706,4803839476,27.825,0.45,sell,False,2022-08-23T19:58:58.323182+00:00
707,4801933579,28.25,2.55,buy,False,2022-08-23T13:46:08.244134+00:00
708,4800295256,28.4,0.7,buy,False,2022-08-23T08:49:51.162586+00:00
709,4800293388,28.4,0.35,buy,False,2022-08-23T08:49:30.491702+00:00
710,4800264381,28.4,0.35,buy,False,2022-08-23T08:44:29.562388+00:00
711,4800152454,28.245,3.95,sell,False,2022-08-23T08:26:22.939542+00:00
712,4799241319,28.045,89.1,buy,False,2022-08-23T05:59:48.749661+00:00
713,4798428340,28.17,0.5,buy,False,2022-08-23T03:23:13.428459+00:00
714,4795261947,27.99,8.45,sell,False,2022-08-22T17:07:27.117161+00:00
715,4795200221,28.045,10.65,buy,False,2022-08-22T16:56:27.425284+00:00
716,4794664326,28.06,0.15,sell,False,2022-08-22T15:38:24.748753+00:00
717,4793773000,28.06,0.45,sell,False,2022-08-22T13:35:33.964938+00:00
718,4793770114,28.11,1.25,sell,False,2022-08-22T13:35:23.018729+00:00
719,4793763489,28.185,0.45,sell,False,2022-08-22T13:35:00.933375+00:00
720,4792477710,28.395,0.4,sell,False,2022-08-22T09:35:10.106545+00:00
721,4791875204,28.47,0.15,sell,False,2022-08-22T08:15:23.340512+00:00
722,4791874057,28.535,0.4,sell,False,2022-08-22T08:15:15.627561+00:00
723,4791461595,28.83,1.6,buy,False,2022-08-22T07:32:19.720570+00:00
724,4784512010,28.995,86.2,buy,False,2022-08-21T06:27:54.124565+00:00
725,4781737112,29.025,50.05,buy,False,2022-08-20T19:56:49.328222+00:00
726,4779063546,28.8,50.0,sell,False,2022-08-20T11:00:48.467018+00:00
727,4776646538,29.0,0.65,buy,False,2022-08-20T01:56:51.437071+00:00
728,4773243404,29.095,0.6,buy,False,2022-08-19T17:50:14.970131+00:00
729,4772912508,29.1,3.0,buy,False,2022-08-19T16:53:01.592970+00:00
730,4772834097,29.085,171.9,buy,False,2022-08-19T16:43:30.886867+00:00
731,4772262311,28.715,0.4,sell,False,2022-08-19T15:23:06.895695+00:00
732,4771885005,28.965,0.2,buy,False,2022-08-19T14:21:59.746323+00:00
733,4771864361,28.8,6.95,sell,False,2022-08-19T14:18:44.736655+00:00
734,4771842373,28.875,0.4,sell,False,2022-08-19T14:15:05.455036+00:00
735,4771659725,29.03,0.4,sell,False,2022-08-19T13:46:13.832950+00:00
736,4771638253,29.15,7.4,sell,False,2022-08-19T13:43:09.022486+00:00
737,4771630751,29.2,0.4,sell,False,2022-08-19T13:42:07.801020+00:00
738,4771620366,29.335,0.35,sell,False,2022-08-19T13:40:52.635227+00:00
739,4771533851,29.52,0.35,sell,False,2022-08-19T13:30:05.982995+00:00
740,4769088888,29.625,0.35,buy,False,2022-08-19T08:23:08.407070+00:00
741,4769063000,29.83,0.35,sell,False,2022-08-19T08:19:28.887184+00:00
742,4768871236,30.09,0.1,sell,False,2022-08-19T08:00:01.219946+00:00
743,4768871235,30.09,0.1,sell,False,2022-08-19T08:00:01.219946+00:00
744,4761967233,29.985,6.1,sell,False,2022-08-18T15:03:58.487381+00:00
745,4761910926,30.13,165.55,buy,False,2022-08-18T14:54:12.547616+00:00
746,4761818747,30.19,7.15,buy,False,2022-08-18T14:37:41.959863+00:00
747,4761764420,30.125,0.35,buy,False,2022-08-18T14:30:38.097319+00:00
748,4761456968,30.22,0.1,sell,False,2022-08-18T13:35:29.067505+00:00
749,4760789779,30.635,0.6,sell,False,2022-08-18T11:29:36.583696+00:00
750,4760686117,30.75,0.6,buy,False,2022-08-18T11:00:33.742921+00:00
751,4760025450,30.595,199.95,buy,False,2022-08-18T08:27:13.545709+00:00
752,4758996832,30.55,0.05,buy,False,2022-08-18T03:46:07.601715+00:00
753,4758617953,30.47,1.6,sell,False,2022-08-18T02:10:42.942479+00:00
754,4755413792,30.815,0.15,sell,False,2022-08-17T16:42:53.447233+00:00
755,4754155544,31.06,5.35,sell,False,2022-08-17T13:50:56.125334+00:00
756,4754139605,31.175,3.15,sell,False,2022-08-17T13:50:10.388206+00:00
757,4745894185,31.5,0.6,sell,False,2022-08-16T14:02:03.458580+00:00
758,4741594247,32.405,2.4,sell,False,2022-08-15T23:24:21.102535+00:00
759,4740417459,32.595,1.35,buy,False,2022-08-15T18:41:36.020489+00:00
760,4739215171,32.04,0.35,sell,False,2022-08-15T14:16:59.588729+00:00
761,4739215170,32.04,4.7,sell,False,2022-08-15T14:16:59.588729+00:00
762,4738961051,32.37,0.35,sell,False,2022-08-15T13:42:20.143167+00:00
763,4738941678,32.795,1.05,sell,False,2022-08-15T13:39:48.095820+00:00
764,4738925631,32.7,0.35,sell,False,2022-08-15T13:38:01.392174+00:00
765,4738920767,32.84,10.6,sell,False,2022-08-15T13:37:07.555424+00:00
766,4738911955,32.88,1.35,sell,False,2022-08-15T13:35:22.383414+00:00
767,4738911931,32.88,1.05,sell,False,2022-08-15T13:35:21.799746+00:00
768,4738909547,33.035,2.95,sell,False,2022-08-15T13:35:01.997093+00:00
769,4738909546,33.035,0.35,sell,False,2022-08-15T13:35:01.997093+00:00
770,4738902618,32.71,1.65,buy,False,2022-08-15T13:33:57.565133+00:00
771,4733306827,32.39,0.2,sell,False,2022-08-14T21:50:07.347317+00:00
772,4727191785,32.61,1.05,buy,False,2022-08-13T22:10:23.403359+00:00
773,4720018292,32.57,0.05,buy,False,2022-08-12T19:43:48.790155+00:00
774,4718609134,31.89,1.3,buy,False,2022-08-12T14:39:00.919912+00:00
775,4718601225,31.83,1.3,sell,False,2022-08-12T14:37:12.676287+00:00
776,4718596599,31.96,1.3,buy,False,2022-08-12T14:36:22.878268+00:00
777,4718547740,31.93,0.55,sell,False,2022-08-12T14:26:20.674139+00:00
778,4718402755,32.01,0.35,sell,False,2022-08-12T14:00:55.684358+00:00
779,4718207717,32.395,0.65,sell,False,2022-08-12T13:35:01.144186+00:00
780,4712046135,32.34,0.35,sell,False,2022-08-11T15:50:47.925825+00:00
781,4711797780,32.525,0.5,sell,False,2022-08-11T15:19:13.154090+00:00
782,4711694760,32.675,0.35,sell,False,2022-08-11T15:07:52.065044+00:00
783,4711376893,33.015,0.35,sell,False,2022-08-11T14:32:21.998169+00:00
784,4711344547,33.01,0.35,sell,False,2022-08-11T14:28:06.688014+00:00
785,4711127391,33.325,0.3,buy,False,2022-08-11T14:01:04.591978+00:00
786,4711115981,33.22,0.3,buy,False,2022-08-11T14:00:17.578398+00:00
787,4711032776,33.165,0.35,sell,False,2022-08-11T13:47:27.131355+00:00
788,4711028662,33.045,1.0,buy,False,2022-08-11T13:46:48.138509+00:00
789,4710931690,32.58,7.0,sell,False,2022-08-11T13:35:05.430334+00:00
790,4710930784,32.655,0.35,sell,False,2022-08-11T13:35:02.696210+00:00
791,4710922518,32.925,2.0,sell,False,2022-08-11T13:34:33.098496+00:00
792,4710898324,32.99,0.35,sell,False,2022-08-11T13:31:13.580665+00:00
793,4710197552,33.305,0.35,buy,False,2022-08-11T12:16:03.742248+00:00
794,4710188932,33.15,0.3,buy,False,2022-08-11T12:15:20.791063+00:00
795,4708525228,33.09,0.35,buy,False,2022-08-11T06:52:46.047555+00:00
796,4708519953,32.975,0.3,buy,False,2022-08-11T06:51:20.279858+00:00
797,4704807749,32.915,0.35,buy,False,2022-08-10T19:52:28.880211+00:00
798,4703489458,32.925,0.3,buy,False,2022-08-10T16:03:49.228845+00:00
799,4702864073,32.905,0.3,buy,False,2022-08-10T14:40:30.099338+00:00
800,4702732082,32.58,0.3,buy,False,2022-08-10T14:21:51.391837+00:00
801,4702252768,32.56,0.3,buy,False,2022-08-10T13:32:41.326662+00:00
802,4702057168,32.32,1.95,sell,False,2022-08-10T13:19:33.518796+00:00
803,4701153835,32.0,0.6,buy,False,2022-08-10T12:34:59.498171+00:00
804,4700927421,31.615,1.45,buy,False,2022-08-10T12:31:03.193015+00:00
805,4696370382,31.105,1.6,buy,False,2022-08-09T19:30:43.595140+00:00
806,4696172508,31.135,1.45,buy,False,2022-08-09T18:40:07.836808+00:00
807,4694660178,30.985,0.35,buy,False,2022-08-09T14:09:30.312289+00:00
808,4694573114,30.88,2.45,sell,False,2022-08-09T14:07:14.563136+00:00
809,4694191012,31.18,0.6,sell,False,2022-08-09T13:31:43.858006+00:00
810,4688501677,32.045,0.1,buy,False,2022-08-08T18:23:00.692509+00:00
811,4687626510,31.89,0.55,sell,False,2022-08-08T15:39:28.408217+00:00
812,4687343806,32.37,0.15,buy,False,2022-08-08T15:02:14.914732+00:00
813,4687269371,32.485,0.5,sell,False,2022-08-08T14:48:47.900944+00:00
814,4686997322,32.865,2.45,buy,False,2022-08-08T13:58:59.755189+00:00
815,4686897722,32.96,0.35,buy,False,2022-08-08T13:40:18.473407+00:00
816,4686885955,32.87,0.3,sell,False,2022-08-08T13:38:18.888277+00:00
817,4685958156,32.455,0.35,buy,False,2022-08-08T11:01:15.683656+00:00
818,4684926869,32.0,1.75,buy,False,2022-08-08T08:00:04.133023+00:00
819,4675755272,31.995,2.1,sell,False,2022-08-06T07:45:01.244975+00:00
820,4672708091,32.23,1.0,sell,False,2022-08-05T18:39:15.540851+00:00
821,4672691286,32.23,2.0,buy,False,2022-08-05T18:32:19.613678+00:00
822,4672477573,32.0,11.0,sell,False,2022-08-05T17:42:14.939848+00:00
823,4666641894,32.255,0.2,buy,False,2022-08-04T23:34:23.112332+00:00
824,4665444696,32.035,2.0,buy,False,2022-08-04T18:30:34.741852+00:00
825,4665013962,31.825,0.15,buy,False,2022-08-04T17:06:38.996076+00:00
826,4664733692,31.61,0.45,sell,False,2022-08-04T16:38:52.512062+00:00
827,4664586890,32.0,21.85,buy,False,2022-08-04T16:12:51.396494+00:00
828,4664441637,31.795,0.1,buy,False,2022-08-04T15:51:29.925778+00:00
829,4664441021,31.66,0.2,buy,False,2022-08-04T15:51:22.552483+00:00
830,4663408662,30.655,1.5,buy,False,2022-08-04T13:35:01.015181+00:00
831,4663290316,29.795,0.85,sell,False,2022-08-04T13:14:16.701970+00:00
832,4663290315,29.845,0.15,sell,False,2022-08-04T13:14:16.701970+00:00
833,4662746437,30.5,0.5,buy,False,2022-08-04T11:16:46.423656+00:00
834,4661747775,30.035,0.35,sell,False,2022-08-04T07:15:42.169904+00:00
835,4661508473,30.125,0.35,buy,False,2022-08-04T06:29:38.219742+00:00
836,4659001140,30.19,1.5,buy,False,2022-08-03T22:23:21.630692+00:00
837,4658022298,30.385,14.5,buy,False,2022-08-03T18:28:08.176017+00:00
838,4657915228,30.415,211.35,sell,False,2022-08-03T18:03:03.962886+00:00
839,4657907838,30.4,211.35,sell,False,2022-08-03T18:01:43.294665+00:00
840,4657481110,30.55,1.0,buy,False,2022-08-03T16:40:34.573815+00:00
841,4657035104,30.315,6.55,buy,False,2022-08-03T15:15:55.786668+00:00
842,4656681265,30.915,0.7,sell,False,2022-08-03T14:15:03.838706+00:00
843,4656506327,29.84,2.95,buy,False,2022-08-03T13:47:36.835823+00:00
844,4656437618,29.875,0.2,buy,False,2022-08-03T13:37:21.408427+00:00
845,4656432550,29.75,0.15,buy,False,2022-08-03T13:36:32.598961+00:00
846,4656117992,29.415,208.25,sell,False,2022-08-03T12:44:50.023987+00:00
847,4654051225,29.21,1.0,sell,False,2022-08-03T05:47:01.572283+00:00
848,4651484131,29.355,0.1,sell,False,2022-08-02T22:03:20.601827+00:00
849,4651399462,30.885,0.1,buy,False,2022-08-02T21:45:18.113124+00:00
850,4651398211,30.885,0.5,buy,False,2022-08-02T21:45:12.286239+00:00
851,4651398210,29.6,0.2,buy,False,2022-08-02T21:45:12.286239+00:00
852,4650551132,29.105,14.55,sell,False,2022-08-02T18:48:10.420202+00:00
853,4650536493,29.35,73.75,buy,False,2022-08-02T18:44:37.806833+00:00
854,4650534542,29.245,50.8,buy,False,2022-08-02T18:44:13.633717+00:00
855,4649873941,29.055,0.15,buy,False,2022-08-02T16:56:15.026088+00:00
856,4649631328,28.985,1.0,sell,False,2022-08-02T16:28:22.272504+00:00
857,4648890768,28.225,100.0,buy,False,2022-08-02T15:04:04.683577+00:00
858,4648743949,28.17,8.5,sell,False,2022-08-02T14:52:02.103678+00:00
859,4648743948,28.175,3.7,sell,False,2022-08-02T14:52:02.103678+00:00
860,4648280994,28.205,1.5,buy,False,2022-08-02T14:24:49.804308+00:00
861,4648279116,28.03,4.7,sell,False,2022-08-02T14:24:30.694288+00:00
862,4648250461,28.245,0.05,buy,False,2022-08-02T14:19:55.168743+00:00
863,4648248307,28.245,0.1,buy,False,2022-08-02T14:19:20.604042+00:00
864,4648243001,28.2,1.0,buy,False,2022-08-02T14:18:12.515096+00:00
865,4648173823,28.07,2.6,buy,False,2022-08-02T14:10:14.418236+00:00
866,4648154561,28.02,3.05,sell,False,2022-08-02T14:07:33.070873+00:00
867,4648095985,28.37,2.8,sell,False,2022-08-02T13:58:55.788091+00:00
868,4648051223,28.63,3.55,buy,False,2022-08-02T13:53:54.814802+00:00
869,4648010623,28.64,10.5,buy,False,2022-08-02T13:48:42.815745+00:00
870,4647923497,27.69,6.5,sell,False,2022-08-02T13:38:19.732197+00:00
871,4647910850,27.565,7.25,buy,False,2022-08-02T13:37:05.886232+00:00
872,4647909956,27.33,0.75,sell,False,2022-08-02T13:37:01.208470+00:00
873,4647873087,27.545,7.25,sell,False,2022-08-02T13:34:05.835162+00:00
874,4647766469,29.235,0.75,buy,False,2022-08-02T13:20:41.853105+00:00
875,4647554117,26.14,4.0,sell,False,2022-08-02T12:48:22.839315+00:00
876,4647347153,29.245,0.65,buy,False,2022-08-02T12:15:34.695366+00:00
877,4647159939,26.08,11.65,sell,False,2022-08-02T11:42:21.990991+00:00
878,4647129316,26.37,1.7,sell,False,2022-08-02T11:38:41.790909+00:00
879,4647129315,27.445,0.1,sell,False,2022-08-02T11:38:41.790909+00:00
880,4647105353,28.875,0.1,buy,False,2022-08-02T11:34:54.664450+00:00
881,4647103770,28.875,1.55,buy,False,2022-08-02T11:34:47.453390+00:00
882,4647103769,28.7,0.2,buy,False,2022-08-02T11:34:47.453390+00:00
883,4647103768,28.0,9.9,buy,False,2022-08-02T11:34:47.453390+00:00
884,4647092533,26.615,0.05,buy,False,2022-08-02T11:33:08.477296+00:00
885,4647092510,26.615,0.05,buy,False,2022-08-02T11:33:07.621103+00:00
886,4647091211,26.615,0.05,buy,False,2022-08-02T11:33:02.314788+00:00
887,4647091850,26.615,0.05,buy,False,2022-08-02T11:32:57.009941+00:00
888,4647091828,26.615,0.05,buy,False,2022-08-02T11:32:56.408112+00:00
889,4647091535,26.615,0.05,buy,False,2022-08-02T11:32:50.011419+00:00
890,4647090618,26.615,0.05,buy,False,2022-08-02T11:32:49.554849+00:00
891,4647090609,26.615,0.05,buy,False,2022-08-02T11:32:49.079777+00:00
892,4647090516,26.615,0.05,buy,False,2022-08-02T11:32:46.077490+00:00
893,4647090493,26.615,0.05,buy,False,2022-08-02T11:32:45.479778+00:00
894,4647090472,26.615,0.05,buy,False,2022-08-02T11:32:44.873906+00:00
895,4647085848,26.615,0.1,sell,False,2022-08-02T11:31:23.512729+00:00
896,4647075663,28.0,0.1,buy,False,2022-08-02T11:28:45.446029+00:00
897,4647074104,27.28,0.05,buy,False,2022-08-02T11:28:31.050064+00:00
898,4647073568,27.28,0.05,buy,False,2022-08-02T11:28:18.165372+00:00
899,4646942209,26.16,1.3,buy,False,2022-08-02T11:03:28.426399+00:00
900,4646934832,25.945,89.95,buy,False,2022-08-02T11:02:17.436851+00:00
901,4646934669,25.945,9.95,buy,False,2022-08-02T11:02:15.361272+00:00
902,4646933190,25.945,0.1,buy,False,2022-08-02T11:02:07.166781+00:00
903,4646931305,25.605,0.1,buy,False,2022-08-02T11:01:53.010342+00:00
904,4645442808,24.77,4.0,buy,False,2022-08-02T05:41:52.868318+00:00
905,4643532059,24.77,0.3,buy,False,2022-08-02T00:32:22.553111+00:00
906,4642725801,24.44,1.0,sell,False,2022-08-01T22:08:00.446615+00:00
907,4641618590,24.355,0.1,buy,False,2022-08-01T18:15:09.873446+00:00
908,4641617929,24.275,0.2,buy,False,2022-08-01T18:15:04.296551+00:00
909,4641607303,24.195,0.2,buy,False,2022-08-01T18:14:07.835668+00:00
910,4640867037,23.965,1.0,buy,False,2022-08-01T16:41:02.027049+00:00
911,4630629040,23.38,1.75,sell,False,2022-07-31T09:34:02.515980+00:00
912,4623010600,23.54,4.2,buy,False,2022-07-30T08:48:58.255148+00:00
913,4622180537,23.54,2.1,buy,False,2022-07-30T05:14:35.198385+00:00
914,4616874570,23.42,0.1,sell,False,2022-07-29T14:57:50.626916+00:00
915,4616031476,22.51,0.1,sell,False,2022-07-29T13:38:34.858961+00:00
916,4609897738,23.685,0.1,buy,False,2022-07-28T21:17:41.176847+00:00
917,4606644917,23.02,1.75,buy,False,2022-07-28T15:34:31.291545+00:00
918,4606598278,22.865,9.45,sell,False,2022-07-28T15:30:46.749414+00:00
919,4606559186,22.87,0.4,sell,False,2022-07-28T15:28:48.628832+00:00
920,4606346007,22.61,9.45,buy,False,2022-07-28T15:12:25.744397+00:00
921,4606331207,22.59,9.55,sell,False,2022-07-28T15:10:20.942681+00:00
922,4606204995,22.31,1.8,buy,False,2022-07-28T14:54:41.914900+00:00
923,4606043471,22.31,9.55,buy,False,2022-07-28T14:31:24.653348+00:00
924,4606038290,22.33,0.4,buy,False,2022-07-28T14:30:37.611458+00:00
925,4600539238,23.07,0.4,buy,False,2022-07-27T23:31:55.843978+00:00
926,4596257944,23.06,49.9,buy,False,2022-07-27T14:42:45.129170+00:00
927,4583704465,22.77,100.0,sell,False,2022-07-25T13:36:23.878987+00:00
928,4571256732,23.35,3.1,buy,False,2022-07-23T11:40:42.938169+00:00
929,4571230762,23.345,3.35,buy,False,2022-07-23T11:34:59.848715+00:00
930,4571070721,23.345,1.0,buy,False,2022-07-23T11:10:25.021176+00:00
931,4569794905,23.05,4.1,sell,False,2022-07-23T06:09:42.697100+00:00
932,4569794904,23.055,4.35,sell,False,2022-07-23T06:09:42.697100+00:00
933,4565013847,24.755,0.45,buy,False,2022-07-22T13:50:52.108822+00:00
934,4564220331,24.265,1.0,buy,False,2022-07-22T11:22:18.181245+00:00
935,4563571681,24.235,0.45,buy,False,2022-07-22T09:05:37.620810+00:00
936,4562175379,24.105,0.7,sell,False,2022-07-22T04:06:41.425781+00:00
937,4559309532,24.1,7.0,buy,False,2022-07-21T17:18:21.302783+00:00
938,4559180850,24.165,5.0,buy,False,2022-07-21T17:01:07.154025+00:00
939,4556674912,24.185,8.45,buy,False,2022-07-21T10:29:32.960111+00:00
940,4550946701,23.865,2.0,buy,False,2022-07-20T17:12:49.929854+00:00
941,4550462964,23.98,208.25,sell,False,2022-07-20T16:29:06.313696+00:00
942,4550438313,23.975,208.25,buy,False,2022-07-20T16:27:44.991771+00:00
943,4550372962,23.99,208.25,sell,False,2022-07-20T16:22:12.285293+00:00
944,4549251463,23.095,5.75,sell,False,2022-07-20T13:34:56.374182+00:00
945,4549248894,23.42,8.4,buy,False,2022-07-20T13:34:39.829629+00:00
946,4536363850,22.42,0.8,sell,False,2022-07-19T04:23:42.446009+00:00
947,4534936889,22.58,2.8,buy,False,2022-07-19T01:07:02.214727+00:00
948,4530180363,22.78,0.35,buy,False,2022-07-18T14:28:34.545144+00:00
949,4530033053,22.745,3.7,sell,False,2022-07-18T14:06:21.953259+00:00
950,4529727795,22.13,3.7,buy,False,2022-07-18T13:18:02.355135+00:00
951,4527626016,21.985,3.7,buy,False,2022-07-18T08:05:21.376564+00:00
952,4513714653,21.63,13.4,sell,False,2022-07-16T07:50:52.575623+00:00
953,4511156494,21.665,2.85,sell,False,2022-07-15T19:56:22.768413+00:00
954,4509217236,21.18,4.75,buy,False,2022-07-15T13:35:04.199078+00:00
955,4505584945,20.77,1.1,sell,False,2022-07-15T00:43:42.026027+00:00
956,4504375298,20.7,0.45,buy,False,2022-07-14T19:49:14.553501+00:00
957,4502599881,21.12,0.45,buy,False,2022-07-14T16:04:17.774503+00:00
958,4501778095,20.875,0.45,buy,False,2022-07-14T14:40:22.532229+00:00
959,4498929074,21.47,0.75,sell,False,2022-07-14T04:55:42.391587+00:00
960,4497890527,21.45,1.0,sell,False,2022-07-14T01:13:33.404586+00:00
961,4493388270,20.78,5.45,sell,False,2022-07-13T13:34:53.354852+00:00
962,4493233575,21.0,4.0,sell,False,2022-07-13T13:22:44.108133+00:00
963,4493231233,21.005,4.75,sell,False,2022-07-13T13:22:32.793112+00:00
964,4492752005,21.35,1.65,sell,False,2022-07-13T12:44:38.442650+00:00
965,4492742286,21.9,2.1,buy,False,2022-07-13T12:44:08.441250+00:00
966,4492470252,21.9,5.35,buy,False,2022-07-13T12:37:20.507983+00:00
967,4492470251,21.895,0.1,buy,False,2022-07-13T12:37:20.507983+00:00
968,4491622706,21.57,4.45,sell,False,2022-07-13T10:49:11.563299+00:00
969,4487533012,21.395,9.15,sell,False,2022-07-12T19:35:01.793169+00:00
970,4486978935,21.435,3.05,sell,False,2022-07-12T18:05:41.258634+00:00
971,4486320845,21.535,13.4,buy,False,2022-07-12T15:59:51.717688+00:00
972,4486272938,21.515,0.75,buy,False,2022-07-12T15:51:01.949120+00:00
973,4486184545,21.625,9.15,buy,False,2022-07-12T15:33:43.099347+00:00
974,4486179492,21.625,0.6,buy,False,2022-07-12T15:32:12.230273+00:00
975,4486177150,21.615,3.05,buy,False,2022-07-12T15:32:01.647430+00:00
976,4486053941,21.525,4.45,buy,False,2022-07-12T15:11:02.268257+00:00
977,4485985056,21.375,2.85,buy,False,2022-07-12T14:58:42.095960+00:00
978,4485228721,21.005,0.1,sell,False,2022-07-12T13:06:28.039588+00:00
979,4485223586,28.985,0.1,buy,False,2022-07-12T13:05:51.903268+00:00
980,4477053913,22.05,113.6,buy,False,2022-07-11T08:14:30.654924+00:00
981,4477054530,21.885,1.0,buy,False,2022-07-11T08:14:22.245178+00:00
982,4473548803,22.29,809.6,sell,False,2022-07-10T16:19:53.253789+00:00
983,4473548802,22.31,414.9,sell,False,2022-07-10T16:19:53.253789+00:00
984,4459773675,22.385,1.0,sell,False,2022-07-08T09:20:51.786414+00:00
985,4459314889,22.455,1.0,sell,False,2022-07-08T08:16:27.967076+00:00
986,4458088886,22.645,20.85,buy,False,2022-07-08T03:33:09.750820+00:00
987,4454976012,22.645,1.85,sell,False,2022-07-07T18:13:01.455289+00:00
988,4453837541,22.0,50.0,sell,False,2022-07-07T14:57:21.447105+00:00
989,4453238031,22.235,1.4,buy,False,2022-07-07T13:46:02.359089+00:00
990,4453205111,22.075,0.8,sell,False,2022-07-07T13:42:41.030275+00:00
991,4452566316,21.65,20.85,buy,False,2022-07-07T11:15:44.787037+00:00
992,4449290083,21.57,0.8,buy,False,2022-07-06T20:50:41.607631+00:00
993,4449007138,21.765,1.4,buy,False,2022-07-06T19:32:45.221903+00:00
994,4447249409,21.78,4.6,buy,False,2022-07-06T13:39:33.398944+00:00
995,4447226558,21.715,4.6,sell,False,2022-07-06T13:37:27.994057+00:00
996,4447223601,21.815,1.85,buy,False,2022-07-06T13:37:12.078386+00:00
997,4446922714,21.85,1.0,buy,False,2022-07-06T12:39:37.113344+00:00
998,4446706248,21.765,0.95,sell,False,2022-07-06T11:58:21.237527+00:00
999,4445573875,22.47,648.15,sell,False,2022-07-06T07:19:05.055011+00:00
1000,4445573874,22.49,318.15,sell,False,2022-07-06T07:19:05.055011+00:00
1001,4444414488,22.53,9.15,buy,False,2022-07-06T03:11:22.035195+00:00
1002,4443838303,22.545,2.1,sell,False,2022-07-06T01:11:31.317366+00:00
1003,4443804943,22.635,0.45,buy,False,2022-07-06T01:03:51.260677+00:00
1004,4443790774,23.405,1.65,buy,False,2022-07-06T01:01:11.099185+00:00
1005,4443413351,22.455,13.4,sell,False,2022-07-05T23:51:51.175590+00:00
1006,4440415098,21.62,0.45,buy,False,2022-07-05T14:13:43.116449+00:00
1007,4440196258,21.185,5.8,buy,False,2022-07-05T13:38:41.985962+00:00
1008,4440129960,21.0,0.45,sell,False,2022-07-05T13:31:53.331438+00:00
1009,4440115800,21.4,7.55,buy,False,2022-07-05T13:30:21.698464+00:00
1010,4438234713,21.325,4.55,sell,False,2022-07-05T07:50:21.625116+00:00
1011,4417763123,20.77,100.0,sell,False,2022-07-01T14:27:32.521557+00:00
1012,4417285003,20.87,2.2,buy,False,2022-07-01T13:30:11.663789+00:00
1013,4414421521,20.695,484.8,sell,False,2022-07-01T04:36:04.864873+00:00
1014,4414418696,20.695,481.6,buy,False,2022-07-01T04:35:57.035559+00:00
1015,4412444473,20.755,5.0,buy,False,2022-07-01T00:07:18.660939+00:00
1016,4411672312,20.555,2.2,buy,False,2022-06-30T22:57:08.992843+00:00
1017,4408841840,20.0,10.0,sell,False,2022-06-30T14:05:56.682439+00:00
1018,4401474811,21.22,0.4,sell,False,2022-06-29T16:46:44.744933+00:00
1019,4401439813,21.245,1.1,sell,False,2022-06-29T16:40:50.092951+00:00
1020,4400401952,21.89,4.55,buy,False,2022-06-29T14:02:12.203872+00:00
1021,4398428626,22.055,1.3,sell,False,2022-06-29T08:56:27.078121+00:00
1022,4386938710,22.925,2.0,buy,False,2022-06-27T18:13:41.630761+00:00
1023,4385254153,22.595,4.55,sell,False,2022-06-27T13:45:21.714026+00:00
1024,4376501390,23.135,4.75,buy,False,2022-06-26T06:48:16.903449+00:00
1025,4364833098,23.0,0.45,buy,False,2022-06-24T14:00:55.305593+00:00
1026,4361818407,22.62,4.55,buy,False,2022-06-24T05:19:21.489955+00:00
1027,4355653015,21.525,0.7,sell,False,2022-06-23T09:53:12.022077+00:00
1028,4355577453,21.49,1.95,buy,False,2022-06-23T09:39:11.208711+00:00
1029,4348777284,21.68,4.65,buy,False,2022-06-22T13:35:37.199041+00:00
1030,4348344789,21.155,1.3,sell,False,2022-06-22T12:42:41.593051+00:00
1031,4341952768,21.8,2.0,sell,False,2022-06-21T17:47:30.806884+00:00
1032,4341896209,21.925,0.05,buy,False,2022-06-21T17:39:08.594949+00:00
1033,4340611683,22.29,0.95,buy,False,2022-06-21T14:20:52.576511+00:00
1034,4338720803,22.38,0.1,buy,False,2022-06-21T09:55:30.027086+00:00
1035,4337915621,22.405,4.75,sell,False,2022-06-21T08:01:12.510159+00:00
1036,4335671623,21.825,0.55,sell,False,2022-06-21T00:56:52.095877+00:00
1037,4335104315,21.9,0.55,buy,False,2022-06-20T23:37:42.390497+00:00
1038,4332611487,22.18,1.3,buy,False,2022-06-20T16:58:31.755901+00:00
1039,4330134847,21.735,3.75,sell,False,2022-06-20T11:30:24.146008+00:00
1040,4330134846,21.78,2.25,sell,False,2022-06-20T11:30:24.146008+00:00
1041,4310021350,21.78,27.7,sell,False,2022-06-18T09:55:29.081016+00:00
1042,4309695267,21.96,0.7,buy,False,2022-06-18T09:03:18.491366+00:00
1043,4304465351,21.515,1.95,sell,False,2022-06-17T16:55:12.143587+00:00
1044,4304069756,21.2,0.2,sell,False,2022-06-17T15:52:23.361599+00:00
1045,4295439305,20.425,28.95,buy,False,2022-06-16T16:24:32.188385+00:00
1046,4289622592,22.23,0.05,buy,False,2022-06-16T02:43:22.878510+00:00
1047,4289421223,22.165,0.5,sell,False,2022-06-16T02:05:46.108956+00:00
1048,4288960719,22.31,0.5,buy,False,2022-06-16T00:54:02.196957+00:00
1049,4281487571,21.595,1.45,buy,False,2022-06-15T13:57:08.323252+00:00
1050,4280251665,21.355,4.7,buy,False,2022-06-15T11:51:51.099519+00:00
1051,4271564149,21.0,0.1,sell,False,2022-06-14T19:13:13.142601+00:00
1052,4265960191,21.83,0.9,sell,False,2022-06-14T08:33:10.457257+00:00
1053,4262467574,21.77,0.05,buy,False,2022-06-14T03:19:38.148056+00:00
1054,4261906885,21.755,0.45,buy,False,2022-06-14T02:36:43.485898+00:00
1055,4261628281,21.73,0.4,buy,False,2022-06-14T02:17:28.717837+00:00
1056,4256356280,21.95,0.4,sell,False,2022-06-13T16:56:57.077198+00:00
1057,4255464534,21.66,1.0,sell,False,2022-06-13T15:57:57.097346+00:00
1058,4254356180,21.5,15.0,sell,False,2022-06-13T14:46:41.237227+00:00
1059,4254227190,21.78,4.55,buy,False,2022-06-13T14:38:49.457358+00:00
1060,4253966563,21.81,2.0,sell,False,2022-06-13T14:17:29.638710+00:00
1061,4253634464,22.0,0.1,sell,False,2022-06-13T13:52:52.591152+00:00
1062,4253222848,22.5,15.0,sell,False,2022-06-13T13:29:56.944827+00:00
1063,4246313926,23.69,0.05,buy,False,2022-06-13T04:20:42.591650+00:00
1064,4244162035,23.69,0.15,buy,True,2022-06-13T01:26:42.801471+00:00
1065,4242696522,23.44,1.7,sell,False,2022-06-12T23:29:51.254609+00:00
1066,4242646191,25.11,1.7,buy,False,2022-06-12T23:20:41.491400+00:00
1067,4242076711,23.605,0.4,sell,False,2022-06-12T21:57:08.970294+00:00
1068,4242053792,23.84,0.4,buy,False,2022-06-12T21:50:57.446089+00:00
1069,4241929532,23.695,0.75,sell,False,2022-06-12T21:09:11.763489+00:00
1070,4241925431,23.86,0.75,buy,False,2022-06-12T21:07:57.896847+00:00
1071,4239990304,23.695,5.8,sell,False,2022-06-12T15:33:12.538957+00:00
1072,4238406401,23.86,1.05,buy,False,2022-06-12T12:45:08.969217+00:00
1073,4238233240,23.86,5.8,buy,False,2022-06-12T12:06:41.418833+00:00
1074,4237213497,23.86,1.0,buy,False,2022-06-12T08:44:30.295124+00:00
1075,4231993005,23.695,0.4,sell,False,2022-06-11T18:26:01.226934+00:00
1076,4231551971,23.865,0.05,buy,False,2022-06-11T17:08:27.608975+00:00
1077,4230217226,23.695,0.4,sell,True,2022-06-11T14:57:54.373138+00:00
1078,4229413572,23.695,4.95,sell,False,2022-06-11T13:04:58.896251+00:00
1079,4226407755,23.695,0.6,sell,False,2022-06-11T03:14:41.940452+00:00
1080,4224895053,23.76,0.5,sell,False,2022-06-10T19:55:43.296306+00:00
1081,4224663548,23.9,1.1,sell,False,2022-06-10T19:08:12.087428+00:00
1082,4224109362,23.885,6.5,sell,False,2022-06-10T17:16:24.511181+00:00
1083,4223295072,23.88,0.25,sell,False,2022-06-10T15:49:00.510034+00:00
1084,4222997675,24.155,5.45,buy,False,2022-06-10T14:54:42.810132+00:00
1085,4222770471,24.135,0.6,sell,False,2022-06-10T14:20:21.989777+00:00
1086,4221187962,25.52,0.35,buy,False,2022-06-10T11:37:18.760320+00:00
1087,4220745119,25.315,1.0,sell,False,2022-06-10T09:48:47.117650+00:00
1088,4219355240,25.425,3.25,buy,False,2022-06-10T03:18:41.924267+00:00
1089,4214447878,25.93,0.4,sell,False,2022-06-09T09:11:57.506013+00:00
1090,4209870323,26.025,1.9,sell,False,2022-06-08T13:31:04.827584+00:00
1091,4209265370,25.2,0.5,buy,False,2022-06-08T10:54:38.769424+00:00
1092,4206500952,25.31,0.15,buy,False,2022-06-08T00:56:25.944011+00:00
1093,4203041719,25.33,5.0,sell,False,2022-06-07T15:05:55.290033+00:00
1094,4202590474,24.545,4.05,buy,False,2022-06-07T13:35:56.707857+00:00
1095,4202552548,24.16,120.05,sell,False,2022-06-07T13:31:29.236062+00:00
1096,4196992872,24.98,120.05,buy,False,2022-06-06T18:03:43.502837+00:00
1097,4195494212,24.675,1.0,buy,False,2022-06-06T13:58:38.200241+00:00
1098,4194988054,24.87,0.8,sell,False,2022-06-06T12:22:49.163711+00:00
1099,4194625508,24.95,0.4,buy,False,2022-06-06T11:08:21.545721+00:00
1100,4191675043,24.295,1.0,buy,False,2022-06-06T00:55:36.228499+00:00
1101,4187973317,24.31,0.4,buy,False,2022-06-05T06:57:11.441940+00:00
1102,4182543083,24.31,0.2,buy,False,2022-06-04T02:21:49.796991+00:00
1103,4182271746,24.31,0.4,buy,False,2022-06-04T01:07:55.535169+00:00
1104,4181542324,24.275,2.0,buy,False,2022-06-03T21:24:12.161043+00:00
1105,4179879053,24.2,0.4,sell,False,2022-06-03T14:11:29.715502+00:00
1106,4179594694,23.985,4.45,sell,False,2022-06-03T13:30:54.637036+00:00
1107,4177057627,24.535,1.45,sell,False,2022-06-03T05:31:01.348851+00:00
1108,4176995275,25.72,1.45,buy,False,2022-06-03T05:09:30.922425+00:00
1109,4176919884,24.76,10.95,sell,False,2022-06-03T04:45:35.291539+00:00
1110,4173832804,23.99,4.4,sell,False,2022-06-02T15:22:01.576819+00:00
1111,4173821924,23.97,4.4,sell,False,2022-06-02T15:20:46.432489+00:00
1112,4160144150,23.435,3.0,sell,False,2022-06-01T00:48:31.297139+00:00
1113,4156969213,23.74,0.05,buy,False,2022-05-31T15:09:40.106239+00:00
1114,4156300111,23.535,0.3,buy,False,2022-05-31T13:45:49.858553+00:00
1115,4152862196,23.82,5.0,buy,False,2022-05-31T03:24:02.730453+00:00
1116,4152195768,23.815,1.7,buy,False,2022-05-31T01:26:39.596438+00:00
1117,4152117823,23.65,1.65,sell,False,2022-05-31T01:10:08.442928+00:00
1118,4147909341,24.035,0.8,sell,False,2022-05-30T12:47:28.113359+00:00
1119,4145186263,23.765,0.3,sell,False,2022-05-30T03:54:32.125705+00:00
1120,4145186262,23.955,0.65,sell,False,2022-05-30T03:54:32.125705+00:00
1121,4145034571,24.0,0.95,buy,False,2022-05-30T03:27:51.942503+00:00
1122,4135871310,23.955,0.4,buy,False,2022-05-28T13:41:55.444545+00:00
1123,4128356033,23.5,2.25,buy,False,2022-05-27T12:52:11.570998+00:00
1124,4122596564,22.995,6.3,sell,False,2022-05-26T22:39:07.925323+00:00
1125,4118844197,22.335,4.8,buy,False,2022-05-26T13:36:50.207993+00:00
1126,4113168858,22.095,0.5,buy,False,2022-05-25T23:33:55.494694+00:00
1127,4109829701,21.69,4.8,sell,False,2022-05-25T13:30:21.974215+00:00
1128,4108062629,21.8,2.5,sell,False,2022-05-25T08:00:06.291772+00:00
1129,4104352619,21.53,8.9,sell,False,2022-05-24T18:55:41.831745+00:00
1130,4104352618,21.53,13.4,sell,False,2022-05-24T18:55:41.831745+00:00
1131,4102689072,21.81,4.75,buy,False,2022-05-24T14:46:56.005395+00:00
1132,4102115999,22.09,4.75,sell,False,2022-05-24T13:56:58.804232+00:00
1133,4097466637,23.385,0.05,buy,False,2022-05-23T22:09:55.771924+00:00
1134,4093784008,23.135,0.85,sell,False,2022-05-23T13:38:14.051259+00:00
1135,4093689766,23.325,0.4,sell,False,2022-05-23T13:30:04.542981+00:00
1136,4083524229,23.325,0.3,sell,False,2022-05-22T04:27:08.127830+00:00
1137,4082381772,23.53,0.1,buy,False,2022-05-22T00:24:31.724743+00:00
1138,4079276682,23.325,8.9,sell,False,2022-05-21T14:30:31.814827+00:00
1139,4078690381,23.495,0.1,buy,False,2022-05-21T12:12:12.329086+00:00
1140,4078607333,23.495,0.15,buy,False,2022-05-21T11:48:25.070965+00:00
1141,4073917312,22.65,0.2,sell,False,2022-05-20T17:17:27.405400+00:00
1142,4072889595,23.335,2.1,buy,False,2022-05-20T15:13:38.932009+00:00
1143,4071431923,23.85,0.4,buy,False,2022-05-20T12:00:08.042583+00:00
1144,4067693233,23.47,0.05,buy,False,2022-05-20T00:00:05.583249+00:00
1145,4067693373,23.415,0.05,buy,False,2022-05-19T23:59:58.912208+00:00
1146,4067182311,23.385,0.95,buy,False,2022-05-19T22:17:00.286845+00:00
1147,4067182310,23.355,0.05,buy,False,2022-05-19T22:17:00.286845+00:00
1148,4067182309,23.3,0.05,buy,False,2022-05-19T22:17:00.286845+00:00
1149,4066913360,23.24,0.05,buy,False,2022-05-19T21:04:04.403287+00:00
1150,4066912037,23.24,0.05,buy,False,2022-05-19T21:03:55.687695+00:00
1151,4066911373,23.24,0.05,buy,False,2022-05-19T21:03:26.134429+00:00
1152,4066909230,23.24,0.05,buy,False,2022-05-19T21:03:18.603827+00:00
1153,4066898688,23.24,0.05,buy,False,2022-05-19T21:00:08.086107+00:00
1154,4064669041,23.125,4.55,buy,False,2022-05-19T15:01:40.988066+00:00
1155,4063972784,22.645,4.55,sell,False,2022-05-19T13:45:57.919589+00:00
1156,4063667731,22.31,42.3,sell,False,2022-05-19T13:12:28.851696+00:00
1157,4063169435,22.185,0.4,sell,False,2022-05-19T12:00:15.130671+00:00
1158,4061868662,22.0,0.2,sell,False,2022-05-19T08:42:24.014565+00:00
1159,4059421010,22.385,0.05,sell,False,2022-05-19T01:32:01.532043+00:00
1160,4059040002,22.42,0.05,sell,False,2022-05-19T00:17:09.849988+00:00
1161,4059040001,22.47,0.05,sell,False,2022-05-19T00:17:09.849988+00:00
1162,4059040000,22.525,0.05,sell,False,2022-05-19T00:17:09.849988+00:00
1163,4058866708,22.495,0.05,sell,False,2022-05-18T23:59:09.749326+00:00
1164,4058866707,22.555,0.05,sell,False,2022-05-18T23:59:09.749326+00:00
1165,4057988791,22.72,0.05,sell,False,2022-05-18T21:38:06.758951+00:00
1166,4057988624,22.72,0.05,sell,False,2022-05-18T21:38:02.107908+00:00
1167,4057897226,22.72,0.05,sell,False,2022-05-18T21:08:49.873289+00:00
1168,4057336716,22.46,8.9,buy,False,2022-05-18T19:22:16.080334+00:00
1169,4055561435,23.4,1.0,sell,False,2022-05-18T15:21:17.131560+00:00
1170,4054744336,23.6,0.15,sell,False,2022-05-18T13:57:24.342879+00:00
1171,4054314074,23.67,42.2,sell,False,2022-05-18T13:12:31.664360+00:00
1172,4053391712,24.205,0.4,buy,False,2022-05-18T10:37:22.360029+00:00
1173,4052631702,24.28,0.05,sell,False,2022-05-18T08:00:11.125833+00:00
1174,4052631600,24.285,0.05,sell,False,2022-05-18T08:00:10.172090+00:00
1175,4052631399,24.29,0.05,sell,False,2022-05-18T08:00:09.023954+00:00
1176,4052630730,24.28,0.05,sell,False,2022-05-18T08:00:02.417973+00:00
1177,4052630729,24.285,0.05,sell,False,2022-05-18T08:00:02.417973+00:00
1178,4052630728,24.29,0.05,sell,False,2022-05-18T08:00:02.417973+00:00
1179,4049875982,24.295,0.05,buy,False,2022-05-17T22:54:38.056083+00:00
1180,4049874616,24.27,0.05,buy,False,2022-05-17T22:54:17.919699+00:00
1181,4049591333,24.24,0.05,buy,False,2022-05-17T22:00:03.152189+00:00
1182,4049480308,24.215,0.05,buy,False,2022-05-17T21:37:04.088335+00:00
1183,4049378823,24.24,0.05,buy,False,2022-05-17T21:07:38.866901+00:00
1184,4049377887,24.24,0.05,buy,False,2022-05-17T21:07:15.230666+00:00
1185,4048695815,24.73,10.0,buy,False,2022-05-17T19:03:36.496162+00:00
1186,4047686726,24.08,1.0,buy,False,2022-05-17T16:46:32.960913+00:00
1187,4046940065,23.605,0.85,sell,False,2022-05-17T15:03:33.503519+00:00
1188,4045507915,24.255,0.15,buy,False,2022-05-17T12:00:34.458012+00:00
1189,4043542938,23.74,0.05,buy,False,2022-05-17T05:35:38.923297+00:00
1190,4043542937,23.735,0.05,buy,False,2022-05-17T05:35:38.923297+00:00
1191,4043542780,23.745,0.05,buy,False,2022-05-17T05:35:37.223696+00:00
1192,4043479835,23.735,0.05,buy,False,2022-05-17T05:20:35.021990+00:00
1193,4043479834,23.73,0.05,buy,False,2022-05-17T05:20:35.021990+00:00
1194,4043479716,23.74,0.05,buy,False,2022-05-17T05:20:33.147682+00:00
1195,4043479669,23.745,0.05,buy,False,2022-05-17T05:20:32.417808+00:00
1196,4043298497,23.75,0.05,buy,False,2022-05-17T04:44:50.673195+00:00
1197,4043298087,23.75,0.05,buy,False,2022-05-17T04:44:42.419805+00:00
1198,4043167873,23.75,0.05,buy,False,2022-05-17T04:18:27.910759+00:00
1199,4043161186,23.75,0.05,buy,False,2022-05-17T04:16:51.196961+00:00
1200,4043149882,23.75,0.05,buy,False,2022-05-17T04:14:15.648156+00:00
1201,4041655553,23.715,0.1,buy,False,2022-05-16T23:46:24.407181+00:00
1202,4041111584,23.765,0.05,sell,False,2022-05-16T21:59:57.081434+00:00
1203,4041109663,23.765,0.05,sell,False,2022-05-16T21:59:39.066056+00:00
1204,4041106782,23.79,0.05,sell,False,2022-05-16T21:59:09.681764+00:00
1205,4041106662,23.765,0.05,sell,False,2022-05-16T21:59:08.703995+00:00
1206,4041094165,23.79,0.05,sell,False,2022-05-16T21:56:05.857753+00:00
1207,4041094125,23.765,0.05,sell,False,2022-05-16T21:56:05.057646+00:00
1208,4041059310,23.79,0.05,sell,False,2022-05-16T21:48:04.162674+00:00
1209,4041059287,23.765,0.05,sell,False,2022-05-16T21:48:03.514308+00:00
1210,4037456000,23.79,0.8,sell,False,2022-05-16T13:45:36.630094+00:00
1211,4037376179,23.89,4.3,buy,False,2022-05-16T13:37:59.408852+00:00
1212,4037331024,23.99,4.2,sell,False,2022-05-16T13:33:08.319972+00:00
1213,4036548650,24.25,0.05,sell,False,2022-05-16T12:00:16.593097+00:00
1214,4033397742,24.22,0.5,sell,False,2022-05-16T04:38:46.419572+00:00
1215,4033397741,24.37,0.2,sell,False,2022-05-16T04:38:46.419572+00:00
1216,4033397740,24.375,0.05,sell,False,2022-05-16T04:38:46.419572+00:00
1217,4033397739,24.38,0.05,sell,False,2022-05-16T04:38:46.419572+00:00
1218,4033397738,24.385,0.05,sell,False,2022-05-16T04:38:46.419572+00:00
1219,4033397737,24.39,0.05,sell,False,2022-05-16T04:38:46.419572+00:00
1220,4033397736,24.395,0.05,sell,False,2022-05-16T04:38:46.419572+00:00
1221,4033397735,24.4,0.05,sell,False,2022-05-16T04:38:46.419572+00:00
1222,4031916226,24.41,0.05,buy,False,2022-05-16T00:18:33.718850+00:00
1223,4031832457,24.39,0.05,buy,False,2022-05-16T00:08:13.286649+00:00
1224,4031832171,24.395,0.05,buy,False,2022-05-16T00:08:11.249113+00:00
1225,4031122836,24.38,0.05,buy,False,2022-05-15T22:04:21.568550+00:00
1226,4031121841,24.38,0.05,buy,False,2022-05-15T22:04:14.792457+00:00
1227,4031120815,24.375,0.1,buy,False,2022-05-15T22:04:09.771338+00:00
1228,4026217633,24.255,37.5,sell,False,2022-05-15T08:32:38.340216+00:00
1229,4026210037,24.37,0.05,sell,False,2022-05-15T08:31:06.354838+00:00
1230,4026210036,24.375,0.05,sell,False,2022-05-15T08:31:06.354838+00:00
1231,4026210035,24.38,0.05,sell,False,2022-05-15T08:31:06.354838+00:00
1232,4026210034,24.385,0.05,sell,False,2022-05-15T08:31:06.354838+00:00
1233,4026210033,24.39,0.05,sell,False,2022-05-15T08:31:06.354838+00:00
1234,4026210032,24.4,0.65,sell,False,2022-05-15T08:31:06.354838+00:00
1235,4012747679,24.245,0.35,sell,False,2022-05-14T00:34:36.299251+00:00
1236,4012747678,24.255,0.05,sell,False,2022-05-14T00:34:36.299251+00:00
1237,4012747677,24.27,0.05,sell,False,2022-05-14T00:34:36.299251+00:00
1238,4012747676,24.29,0.05,sell,False,2022-05-14T00:34:36.299251+00:00
1239,4011512062,24.34,0.05,buy,False,2022-05-13T21:35:16.133546+00:00
1240,4011511145,24.315,0.05,buy,False,2022-05-13T21:35:08.498663+00:00
1241,4011457920,24.29,0.05,buy,False,2022-05-13T21:22:12.953523+00:00
1242,4011399997,24.265,0.05,buy,False,2022-05-13T21:08:11.815185+00:00
1243,4011399411,24.245,0.05,buy,False,2022-05-13T21:08:04.554907+00:00
1244,4010806379,24.735,1.0,buy,False,2022-05-13T19:31:11.168954+00:00
1245,4007084966,24.07,9.15,buy,False,2022-05-13T13:30:09.863563+00:00
1246,4007084607,24.065,4.3,buy,False,2022-05-13T13:30:07.983108+00:00
1247,4006313372,24.07,0.4,buy,False,2022-05-13T12:00:32.792436+00:00
1248,4005328539,23.84,4.2,sell,False,2022-05-13T10:03:57.808795+00:00
1249,3999604424,23.48,0.05,buy,False,2022-05-12T23:52:55.332640+00:00
1250,3999562160,23.425,0.05,buy,False,2022-05-12T23:48:38.714299+00:00
1251,3999456921,23.365,0.05,buy,False,2022-05-12T23:37:12.811096+00:00
1252,3999319588,23.31,0.05,buy,False,2022-05-12T23:20:42.311998+00:00
1253,3998883820,23.255,0.05,buy,False,2022-05-12T22:29:52.597053+00:00
1254,3998615737,23.195,0.05,buy,False,2022-05-12T22:00:03.012192+00:00
1255,3998554141,23.14,0.05,buy,False,2022-05-12T21:53:32.779043+00:00
1256,3998346859,23.14,0.05,buy,False,2022-05-12T21:33:00.254348+00:00
1257,3994216604,23.82,6.6,buy,False,2022-05-12T15:08:22.187334+00:00
1258,3994216603,23.815,4.3,buy,False,2022-05-12T15:08:22.187334+00:00
1259,3993631936,23.37,3.5,buy,False,2022-05-12T14:28:38.167763+00:00
1260,3992829818,22.135,1.3,sell,False,2022-05-12T13:33:06.043400+00:00
1261,3992417845,22.16,1.9,sell,False,2022-05-12T12:58:51.512054+00:00
1262,3992417844,22.165,4.3,sell,False,2022-05-12T12:58:51.512054+00:00
1263,3988240431,22.58,1.15,sell,False,2022-05-12T08:04:13.888783+00:00
1264,3983978657,22.62,8.05,sell,True,2022-05-12T04:51:06.390015+00:00
1265,3980513836,22.67,30.0,sell,False,2022-05-12T01:09:31.308407+00:00
1266,3975248105,22.605,1.7,sell,False,2022-05-11T19:24:10.133260+00:00
1267,3968658137,23.07,50.0,buy,False,2022-05-11T13:41:00.243740+00:00
1268,3968625690,23.725,50.0,sell,False,2022-05-11T13:39:54.749222+00:00
1269,3955923222,23.725,1.0,buy,False,2022-05-11T00:54:05.568563+00:00
1270,3953094676,23.73,0.4,buy,False,2022-05-10T21:07:45.576871+00:00
1271,3952609433,23.735,0.25,sell,False,2022-05-10T20:10:42.073859+00:00
1272,3950322949,23.105,1.5,sell,False,2022-05-10T15:49:48.306094+00:00
1273,3949771992,22.97,1.05,sell,False,2022-05-10T15:09:18.850590+00:00
1274,3949759371,23.0,0.2,sell,False,2022-05-10T15:08:11.113998+00:00
1275,3949759369,23.0,1.55,sell,False,2022-05-10T15:08:11.113998+00:00
1276,3949529429,23.15,4.5,sell,False,2022-05-10T14:51:25.855502+00:00
1277,3949439008,23.32,0.2,sell,False,2022-05-10T14:46:23.872908+00:00
1278,3949439007,23.32,0.95,sell,False,2022-05-10T14:46:23.872908+00:00
1279,3949415907,23.35,1.35,sell,False,2022-05-10T14:44:33.277231+00:00
1280,3946445952,23.425,1.15,sell,False,2022-05-10T09:14:58.742043+00:00
1281,3942275910,23.585,4.0,buy,False,2022-05-10T02:24:43.369057+00:00
1282,3941184653,23.55,0.2,buy,False,2022-05-10T00:59:58.112298+00:00
1283,3938084304,23.53,7.25,sell,False,2022-05-09T21:10:26.746131+00:00
1284,3938084303,23.53,10.85,sell,False,2022-05-09T21:10:26.746131+00:00
1285,3938084232,23.63,0.85,sell,False,2022-05-09T21:10:26.197608+00:00
1286,3938084231,23.66,1.25,sell,False,2022-05-09T21:10:26.197608+00:00
1287,3938084230,23.665,126.75,sell,False,2022-05-09T21:10:26.197608+00:00
1288,3936551663,23.665,106.9,buy,False,2022-05-09T19:12:22.671003+00:00
1289,3934875501,23.9,0.8,sell,False,2022-05-09T17:24:18.962924+00:00
1290,3934866141,23.93,1.1,sell,False,2022-05-09T17:23:35.720154+00:00
1291,3933262370,24.165,1.1,buy,False,2022-05-09T15:35:38.021218+00:00
1292,3933125492,24.145,0.75,sell,False,2022-05-09T15:27:41.880442+00:00
1293,3932574806,24.895,0.8,buy,False,2022-05-09T14:27:53.189101+00:00
1294,3932345790,25.3,0.6,sell,False,2022-05-09T14:00:35.129478+00:00
1295,3929352752,25.5,0.35,sell,False,2022-05-09T08:37:54.943943+00:00
1296,3927802471,25.74,7.4,sell,False,2022-05-09T04:03:44.337348+00:00
1297,3925041091,26.115,0.4,buy,False,2022-05-08T19:18:03.336726+00:00
1298,3920811948,26.11,1.15,buy,False,2022-05-08T06:35:55.567542+00:00
1299,3914478831,25.95,0.4,sell,False,2022-05-07T09:40:31.789636+00:00
1300,3909053838,26.07,4.05,sell,False,2022-05-06T14:48:21.519581+00:00
1301,3908789768,25.81,4.1,sell,False,2022-05-06T14:21:24.089352+00:00
1302,3908756322,25.86,4.2,sell,False,2022-05-06T14:19:05.821650+00:00
1303,3908691148,25.13,4.2,buy,False,2022-05-06T14:13:36.838475+00:00
1304,3908356087,25.0,10.0,sell,False,2022-05-06T13:45:24.126331+00:00
1305,3908197921,25.325,2.95,buy,False,2022-05-06T13:37:11.793113+00:00
1306,3908187140,25.3,6.05,sell,False,2022-05-06T13:36:49.677282+00:00
1307,3908187139,25.3,8.95,sell,False,2022-05-06T13:36:49.677282+00:00
1308,3900095576,26.42,189.25,sell,False,2022-05-05T16:19:11.706723+00:00
1309,3897462442,28.67,11.1,sell,False,2022-05-05T13:36:23.869622+00:00
1310,3896374394,27.95,113.0,sell,False,2022-05-05T09:33:49.672825+00:00
1311,3894744557,28.2,0.4,buy,False,2022-05-05T03:10:57.503744+00:00
1312,3893027123,27.955,2.95,sell,False,2022-05-04T21:12:45.425109+00:00
1313,3892427518,28.235,4.45,sell,False,2022-05-04T19:36:34.049950+00:00
1314,3890796995,27.105,7.4,buy,False,2022-05-04T17:26:36.193555+00:00
1315,3890546714,27.26,0.45,sell,False,2022-05-04T16:44:36.976368+00:00
1316,3889834917,26.25,0.45,buy,False,2022-05-04T15:00:33.890228+00:00
1317,3889747750,26.205,3.15,buy,False,2022-05-04T14:43:04.955392+00:00
1318,3889742229,26.17,3.15,buy,False,2022-05-04T14:41:48.468268+00:00
1319,3889738966,26.09,3.15,buy,False,2022-05-04T14:41:10.694936+00:00
1320,3889589942,26.26,20.0,buy,False,2022-05-04T14:13:53.253271+00:00
1321,3889585482,26.16,2.95,buy,False,2022-05-04T14:13:11.109855+00:00
1322,3889584271,26.085,5.7,sell,False,2022-05-04T14:13:02.159360+00:00
1323,3889439471,27.015,1.55,sell,False,2022-05-04T13:57:05.076843+00:00
1324,3889344573,26.38,1.55,buy,False,2022-05-04T13:41:07.835895+00:00
1325,3889276669,27.03,4.1,sell,False,2022-05-04T13:31:16.793726+00:00
1326,3889240487,28.705,2.85,buy,False,2022-05-04T13:26:13.706193+00:00
1327,3889221755,28.58,2.9,buy,False,2022-05-04T13:23:06.355987+00:00
1328,3888925700,29.99,2.75,buy,False,2022-05-04T12:35:47.923162+00:00
1329,3888805099,30.35,1.4,buy,False,2022-05-04T12:17:36.109455+00:00
1330,3888805098,30.345,0.1,buy,False,2022-05-04T12:17:36.109455+00:00
1331,3888670508,30.96,1.3,buy,False,2022-05-04T11:59:35.723486+00:00
1332,3888577638,30.845,0.65,buy,False,2022-05-04T11:40:22.884551+00:00
1333,3888548709,31.045,5.7,buy,False,2022-05-04T11:35:22.258341+00:00
1334,3884759282,28.15,3.6,sell,False,2022-05-03T23:07:35.923702+00:00
1335,3884741164,28.26,0.45,sell,False,2022-05-03T23:02:13.152792+00:00
1336,3884701112,28.54,0.4,buy,False,2022-05-03T22:52:38.076403+00:00
1337,3884663609,29.155,3.45,buy,False,2022-05-03T22:41:39.825095+00:00
1338,3884662964,29.07,3.55,sell,False,2022-05-03T22:41:20.696173+00:00
1339,3884644859,28.205,3.55,buy,False,2022-05-03T22:35:39.154623+00:00
1340,3884641917,27.835,11.2,sell,False,2022-05-03T22:34:29.876262+00:00
1341,3884640540,28.265,8.05,buy,False,2022-05-03T22:34:10.177943+00:00
1342,3884312231,26.44,0.55,buy,False,2022-05-03T21:13:39.536363+00:00
1343,3884310457,26.04,1.35,sell,False,2022-05-03T21:13:13.337108+00:00
1344,3884310456,26.14,3.65,sell,False,2022-05-03T21:13:13.337108+00:00
1345,3884288986,26.195,2.9,buy,False,2022-05-03T21:08:19.125342+00:00
1346,3884288985,26.175,2.1,buy,False,2022-05-03T21:08:19.125342+00:00
1347,3884277480,26.26,2.1,sell,False,2022-05-03T21:06:16.342899+00:00
1348,3884262212,26.505,150.0,sell,False,2022-05-03T21:03:42.079357+00:00
1349,3884261080,26.66,1.85,sell,False,2022-05-03T21:03:25.258507+00:00
1350,3884260979,26.685,4.15,sell,False,2022-05-03T21:03:24.011352+00:00
1351,3884253874,26.865,5.05,sell,False,2022-05-03T21:02:08.072969+00:00
1352,3884253873,26.865,7.45,sell,False,2022-05-03T21:02:08.072969+00:00
1353,3884201204,27.0,10.0,sell,False,2022-05-03T20:56:31.807639+00:00
1354,3884201170,27.01,1.65,sell,False,2022-05-03T20:56:31.014154+00:00
1355,3884198426,27.22,2.75,sell,False,2022-05-03T20:55:24.546012+00:00
1356,3884195152,27.325,1.45,sell,False,2022-05-03T20:54:17.855174+00:00
1357,3884192481,27.59,1.45,buy,False,2022-05-03T20:53:38.319205+00:00
1358,3884186401,27.795,3.6,sell,False,2022-05-03T20:51:46.741730+00:00
1359,3884176482,28.25,4.3,sell,False,2022-05-03T20:48:42.362308+00:00
1360,3884176481,28.25,6.25,sell,False,2022-05-03T20:48:42.362308+00:00
1361,3884169552,28.785,3.5,buy,False,2022-05-03T20:46:39.021581+00:00
1362,3884141774,28.99,0.3,sell,False,2022-05-03T20:39:40.868599+00:00
1363,3882478042,29.235,0.45,buy,False,2022-05-03T15:37:04.375436+00:00
1364,3882397159,29.235,0.3,buy,False,2022-05-03T15:19:52.072575+00:00
1365,3882070529,29.475,3.7,sell,False,2022-05-03T14:14:38.987106+00:00
1366,3882070528,29.475,5.3,sell,False,2022-05-03T14:14:38.987106+00:00
1367,3880153903,30.495,0.65,buy,False,2022-05-03T07:06:05.021339+00:00
1368,3875679263,30.07,1.8,sell,False,2022-05-02T15:43:00.726376+00:00
1369,3874683790,30.46,3.55,sell,False,2022-05-02T13:40:53.947819+00:00
1370,3872901849,31.435,2.05,sell,False,2022-05-02T08:39:18.853978+00:00
1371,3862372728,31.47,1.0,sell,False,2022-04-30T23:37:48.265673+00:00
1372,3856112174,31.69,0.05,buy,False,2022-04-30T04:07:09.189936+00:00
1373,3854892783,31.275,1.0,sell,False,2022-04-29T23:15:54.966807+00:00
1374,3846360187,32.38,0.6,buy,False,2022-04-28T22:17:46.259444+00:00
1375,3844304327,31.87,6.5,buy,False,2022-04-28T16:32:28.738827+00:00
1376,3835559663,31.225,3.4,buy,False,2022-04-27T13:31:10.287141+00:00
1377,3831468214,31.315,2.25,sell,False,2022-04-26T23:19:40.129461+00:00
1378,3829873057,31.95,2.0,sell,False,2022-04-26T19:09:25.708815+00:00
1379,3819452771,31.755,0.25,sell,False,2022-04-25T14:20:49.054009+00:00
1380,3819390919,31.82,0.25,buy,False,2022-04-25T14:10:59.892468+00:00
1381,3818944254,30.71,0.3,buy,False,2022-04-25T13:14:01.165020+00:00
1382,3817266157,30.565,3.2,sell,False,2022-04-25T08:17:55.100775+00:00
1383,3817266156,30.565,4.55,sell,False,2022-04-25T08:17:55.100775+00:00
1384,3809653068,30.83,0.8,buy,False,2022-04-24T02:40:15.635995+00:00
1385,3802728929,31.025,1.0,buy,False,2022-04-22T19:03:45.097004+00:00
1386,3800865058,31.795,0.25,buy,False,2022-04-22T14:20:02.992212+00:00
1387,3799292630,31.635,1.5,sell,False,2022-04-22T09:37:10.916176+00:00
1388,3793309815,31.91,1.5,sell,False,2022-04-21T16:37:39.130512+00:00
1389,3792073855,32.98,15.15,sell,False,2022-04-21T14:01:50.774371+00:00
1390,3788560046,33.73,10.0,buy,False,2022-04-21T04:40:41.599077+00:00
1391,3775855921,32.995,1.55,sell,False,2022-04-19T14:26:18.948346+00:00
1392,3775789791,33.0,0.9,buy,False,2022-04-19T14:17:02.449858+00:00
1393,3775608355,32.995,0.05,buy,False,2022-04-19T14:01:28.646303+00:00
1394,3775605787,32.64,7273.0,buy,False,2022-04-19T14:01:14.668593+00:00
1395,3775596474,32.54,852.1,sell,False,2022-04-19T14:00:32.316936+00:00
1396,3775594902,32.54,500.0,sell,False,2022-04-19T14:00:23.993261+00:00
1397,3769208212,31.79,370.9,buy,False,2022-04-18T16:10:54.879863+00:00
1398,3769208144,31.805,415.5,sell,False,2022-04-18T16:10:54.269811+00:00
1399,3769169652,31.82,1.6,sell,False,2022-04-18T16:04:01.693445+00:00
1400,3768384712,31.915,7833.3,sell,False,2022-04-18T13:59:13.380010+00:00
1401,3759867132,32.895,0.9,buy,False,2022-04-17T07:31:47.997724+00:00
1402,3759843828,32.68,1.25,sell,False,2022-04-17T07:21:39.616762+00:00
1403,3757893786,32.68,3.8,sell,False,2022-04-16T18:13:30.082673+00:00
1404,3757885261,32.915,3.8,buy,False,2022-04-16T18:10:07.209604+00:00
1405,3757426603,32.68,0.6,sell,False,2022-04-16T15:51:35.043727+00:00
1406,3757406242,32.905,0.6,buy,False,2022-04-16T15:46:50.300296+00:00
1407,3755202492,32.9,0.3,buy,False,2022-04-16T02:39:57.356722+00:00
1408,3753631176,32.655,0.85,sell,False,2022-04-15T17:28:51.943028+00:00
1409,3753614456,32.675,2.5,sell,False,2022-04-15T17:23:37.108266+00:00
1410,3751114263,32.9,1.25,buy,False,2022-04-15T07:43:30.913874+00:00
1411,3746561171,33.29,3.35,sell,False,2022-04-14T14:13:11.075489+00:00
