,id,price,size,side,liquidation,time
0,5392379099,3.004,0.2,sell,True,2022-11-09T18:37:44.749322+00:00
1,5388243066,3.117,14.0,sell,False,2022-11-09T13:53:48.943876+00:00
2,5372569074,3.106,0.4,sell,True,2022-11-08T19:36:05.912301+00:00
3,5366225591,3.211,6.0,buy,False,2022-11-08T16:33:56.812232+00:00
4,5366225590,3.211,7.5,buy,False,2022-11-08T16:33:56.812232+00:00
5,5366219814,3.211,213.6,buy,False,2022-11-08T16:33:46.338375+00:00
6,5366211631,3.211,192.5,buy,False,2022-11-08T16:33:36.420783+00:00
7,5366201781,3.211,208.5,buy,False,2022-11-08T16:33:25.937895+00:00
8,5366192266,3.211,217.2,buy,False,2022-11-08T16:33:15.405404+00:00
9,5366184038,3.211,214.7,buy,False,2022-11-08T16:33:04.634168+00:00
10,5366166845,3.211,189.8,buy,False,2022-11-08T16:32:48.724381+00:00
11,5366166196,3.211,221.8,buy,False,2022-11-08T16:32:48.187663+00:00
12,5366147366,3.211,226.2,buy,False,2022-11-08T16:32:37.016478+00:00
13,5366141140,3.211,187.7,buy,False,2022-11-08T16:32:27.425848+00:00
14,5366131941,3.211,162.3,buy,False,2022-11-08T16:32:17.519137+00:00
15,5366131940,3.21,30.8,buy,False,2022-11-08T16:32:17.519137+00:00
16,5366125068,3.211,202.5,buy,False,2022-11-08T16:32:07.296683+00:00
17,5366118766,3.211,216.8,buy,False,2022-11-08T16:31:56.529354+00:00
18,5366111072,3.211,216.7,buy,False,2022-11-08T16:31:45.787970+00:00
19,5366093875,3.211,213.5,buy,False,2022-11-08T16:31:29.768399+00:00
20,5366093161,3.211,197.8,buy,False,2022-11-08T16:31:29.218766+00:00
21,5366084557,3.211,224.5,buy,False,2022-11-08T16:31:18.103856+00:00
22,5366078542,3.211,211.3,buy,False,2022-11-08T16:31:07.625300+00:00
23,5366072284,3.211,206.2,buy,False,2022-11-08T16:30:57.542741+00:00
24,5366066393,3.211,227.5,buy,False,2022-11-08T16:30:46.319976+00:00
25,5366061655,3.211,224.8,buy,False,2022-11-08T16:30:35.226170+00:00
26,5366057202,3.211,201.6,buy,False,2022-11-08T16:30:25.026947+00:00
27,5366052265,3.211,213.0,buy,False,2022-11-08T16:30:14.525288+00:00
28,5366045761,3.211,207.3,buy,False,2022-11-08T16:30:04.325017+00:00
29,5366040375,3.211,226.3,buy,False,2022-11-08T16:29:53.205376+00:00
30,5366035768,3.211,222.2,buy,False,2022-11-08T16:29:42.410931+00:00
31,5366029391,3.211,187.8,buy,False,2022-11-08T16:29:27.220558+00:00
32,5366029035,3.211,205.8,buy,False,2022-11-08T16:29:26.507170+00:00
33,5366023296,3.211,216.0,buy,False,2022-11-08T16:29:15.755232+00:00
34,5366019202,3.211,195.9,buy,False,2022-11-08T16:29:05.810063+00:00
35,5366015013,3.211,192.3,buy,False,2022-11-08T16:28:55.987051+00:00
36,5366010156,3.211,198.9,buy,False,2022-11-08T16:28:45.688058+00:00
37,5366005964,3.211,199.4,buy,False,2022-11-08T16:28:35.817794+00:00
38,5366000683,3.211,224.1,buy,False,2022-11-08T16:28:24.708776+00:00
39,5365996540,3.211,153.7,buy,False,2022-11-08T16:28:16.610982+00:00
40,5365991245,3.211,148.0,buy,False,2022-11-08T16:28:08.527087+00:00
41,5365986939,3.211,150.1,buy,False,2022-11-08T16:28:00.406085+00:00
42,5365983481,3.211,132.6,buy,False,2022-11-08T16:27:52.920199+00:00
43,5365979538,3.211,140.2,buy,False,2022-11-08T16:27:45.118356+00:00
44,5365975215,3.211,149.4,buy,False,2022-11-08T16:27:37.015372+00:00
45,5365972112,3.211,137.4,buy,False,2022-11-08T16:27:29.536813+00:00
46,5365966947,3.211,147.8,buy,False,2022-11-08T16:27:21.681635+00:00
47,5365961729,3.211,143.8,buy,False,2022-11-08T16:27:13.624541+00:00
48,5365957965,3.211,139.6,buy,False,2022-11-08T16:27:05.817079+00:00
49,5365951217,3.211,131.0,buy,False,2022-11-08T16:26:53.135332+00:00
50,5365950972,3.211,158.7,buy,False,2022-11-08T16:26:52.609603+00:00
51,5365946118,3.211,150.3,buy,False,2022-11-08T16:26:44.587802+00:00
52,5365942725,3.211,146.1,buy,False,2022-11-08T16:26:36.720005+00:00
53,5365938540,3.211,132.8,buy,False,2022-11-08T16:26:29.212091+00:00
54,5365935140,3.211,147.7,buy,False,2022-11-08T16:26:21.219261+00:00
55,5365931149,3.211,160.7,buy,False,2022-11-08T16:26:12.715192+00:00
56,5365927160,3.211,157.1,buy,False,2022-11-08T16:26:04.307825+00:00
57,5365923035,3.211,160.8,buy,False,2022-11-08T16:25:55.606894+00:00
58,5365918456,3.211,150.2,buy,False,2022-11-08T16:25:47.515671+00:00
59,5365913121,3.211,134.4,buy,False,2022-11-08T16:25:40.146801+00:00
60,5365908676,3.211,159.5,buy,False,2022-11-08T16:25:31.680369+00:00
61,5365905355,3.211,142.5,buy,False,2022-11-08T16:25:23.818357+00:00
62,5365900120,3.211,160.0,buy,False,2022-11-08T16:25:15.119116+00:00
63,5365894915,3.211,149.5,buy,False,2022-11-08T16:25:07.017269+00:00
64,5365891097,3.211,144.3,buy,False,2022-11-08T16:24:59.232900+00:00
65,5365887465,3.211,158.2,buy,False,2022-11-08T16:24:50.817078+00:00
66,5365883264,3.211,154.9,buy,False,2022-11-08T16:24:42.410186+00:00
67,5365879906,3.211,137.4,buy,False,2022-11-08T16:24:34.761889+00:00
68,5365876460,3.211,141.3,buy,False,2022-11-08T16:24:26.946166+00:00
69,5365872405,3.211,151.1,buy,False,2022-11-08T16:24:18.850275+00:00
70,5365868902,3.211,146.0,buy,False,2022-11-08T16:24:11.046802+00:00
71,5365863722,3.211,161.2,buy,False,2022-11-08T16:24:02.394247+00:00
72,5365859660,3.211,163.4,buy,False,2022-11-08T16:23:53.736640+00:00
73,5365855399,3.211,146.1,buy,False,2022-11-08T16:23:45.545292+00:00
74,5365851423,3.211,151.1,buy,False,2022-11-08T16:23:37.460031+00:00
75,5365847578,3.211,160.5,buy,False,2022-11-08T16:23:28.743709+00:00
76,5365841924,3.211,163.6,buy,False,2022-11-08T16:23:20.057132+00:00
77,5365831684,3.211,170.4,buy,False,2022-11-08T16:23:03.462745+00:00
78,5365831348,3.211,148.3,buy,False,2022-11-08T16:23:02.883703+00:00
79,5365831132,3.211,144.3,buy,False,2022-11-08T16:23:02.345338+00:00
80,5365827058,3.211,146.8,buy,False,2022-11-08T16:22:54.251755+00:00
81,5365819223,3.211,145.4,buy,False,2022-11-08T16:22:41.002474+00:00
82,5365819043,3.211,163.9,buy,False,2022-11-08T16:22:40.464799+00:00
83,5365813449,3.211,145.4,buy,False,2022-11-08T16:22:32.497293+00:00
84,5365809794,3.211,157.5,buy,False,2022-11-08T16:22:23.943234+00:00
85,5365808934,3.211,31.3,buy,False,2022-11-08T16:22:21.835914+00:00
86,5365808035,3.211,29.4,buy,False,2022-11-08T16:22:20.045294+00:00
87,5365807229,3.211,28.6,buy,False,2022-11-08T16:22:17.938542+00:00
88,5365806259,3.211,28.1,buy,False,2022-11-08T16:22:16.168357+00:00
89,5365805937,3.211,27.6,buy,False,2022-11-08T16:22:15.529898+00:00
90,5365805654,3.211,30.0,buy,False,2022-11-08T16:22:14.996735+00:00
91,5365805416,3.211,24.6,buy,False,2022-11-08T16:22:14.444936+00:00
92,5365805004,3.211,26.2,buy,False,2022-11-08T16:22:13.738008+00:00
93,5365804763,3.211,25.9,buy,False,2022-11-08T16:22:13.116629+00:00
94,5365804434,3.211,28.0,buy,False,2022-11-08T16:22:12.583652+00:00
95,5365804177,3.211,30.8,buy,False,2022-11-08T16:22:12.037906+00:00
96,5365792835,3.211,25.2,buy,False,2022-11-08T16:21:48.544093+00:00
97,5365791474,3.211,43.8,buy,False,2022-11-08T16:21:45.851995+00:00
98,5365790115,3.211,45.0,buy,False,2022-11-08T16:21:42.848725+00:00
99,5365788649,3.211,44.1,buy,False,2022-11-08T16:21:39.848780+00:00
100,5365787203,3.211,45.1,buy,False,2022-11-08T16:21:36.842657+00:00
101,5365785582,3.211,51.8,buy,False,2022-11-08T16:21:33.549125+00:00
102,5365783745,3.211,44.4,buy,False,2022-11-08T16:21:30.562382+00:00
103,5365782151,3.211,42.1,buy,False,2022-11-08T16:21:27.837125+00:00
104,5365779965,3.211,51.7,buy,False,2022-11-08T16:21:24.550026+00:00
105,5365778386,3.211,50.5,buy,False,2022-11-08T16:21:21.231166+00:00
106,5365777014,3.211,46.7,buy,False,2022-11-08T16:21:18.239994+00:00
107,5365772481,3.211,208.7,buy,False,2022-11-08T16:21:07.750871+00:00
108,5365767148,3.211,189.3,buy,False,2022-11-08T16:20:58.146147+00:00
109,5365762798,3.211,209.9,buy,False,2022-11-08T16:20:47.640753+00:00
110,5365758361,3.211,195.9,buy,False,2022-11-08T16:20:37.757456+00:00
111,5365753558,3.211,219.9,buy,False,2022-11-08T16:20:26.947418+00:00
112,5365728731,3.211,218.7,buy,False,2022-11-08T16:19:52.438938+00:00
113,5365728598,3.211,30.8,sell,False,2022-11-08T16:19:52.214765+00:00
114,5365728597,3.221,1288.8,sell,False,2022-11-08T16:19:52.214765+00:00
115,5365728596,3.241,702.4,sell,False,2022-11-08T16:19:52.214765+00:00
116,5317903871,3.121,3.2,buy,False,2022-11-04T18:22:54.986013+00:00
117,5317847987,3.087,3.3,buy,False,2022-11-04T18:14:13.456300+00:00
118,5314975343,3.171,0.4,sell,False,2022-11-04T14:04:26.107454+00:00
119,5314046227,3.336,0.4,buy,False,2022-11-04T12:49:49.767393+00:00
120,5314045592,3.307,1.3,buy,False,2022-11-04T12:49:44.445717+00:00
121,5300701063,2.999,0.6,sell,False,2022-11-03T08:04:41.188581+00:00
122,5295619208,3.052,3.3,sell,False,2022-11-02T19:26:59.371161+00:00
123,5291837074,3.142,3.2,sell,False,2022-11-02T13:35:08.799544+00:00
124,5283440889,3.306,12.0,buy,False,2022-11-01T13:51:58.713051+00:00
125,5283440858,3.306,17.9,buy,False,2022-11-01T13:51:58.179629+00:00
126,5283222131,3.201,0.4,sell,False,2022-11-01T13:35:55.657308+00:00
127,5283220220,3.217,3.2,sell,False,2022-11-01T13:35:40.226486+00:00
128,5283207312,3.28,3.1,sell,False,2022-11-01T13:33:57.725455+00:00
129,5282924531,3.333,3.1,sell,False,2022-11-01T12:43:25.242384+00:00
130,5282918052,3.365,29.9,sell,False,2022-11-01T12:41:37.815592+00:00
131,5282917862,3.376,3.0,sell,False,2022-11-01T12:41:34.717328+00:00
132,5282917078,3.413,3.0,sell,False,2022-11-01T12:41:25.769204+00:00
133,5277958114,3.453,18.0,buy,False,2022-10-31T23:48:09.142648+00:00
134,5276605883,3.443,3.0,sell,False,2022-10-31T19:46:09.864832+00:00
135,5276587459,3.468,2.9,sell,False,2022-10-31T19:42:27.924868+00:00
136,5276498218,3.489,2.9,sell,False,2022-10-31T19:25:16.844377+00:00
137,5276480562,3.505,2.9,buy,False,2022-10-31T19:21:52.283408+00:00
138,5276480434,3.482,14.7,sell,False,2022-10-31T19:21:49.383878+00:00
139,5275946342,3.402,3.0,sell,False,2022-10-31T17:55:47.941031+00:00
140,5275839550,3.432,3.0,sell,False,2022-10-31T17:39:58.916805+00:00
141,5275733714,3.457,2.9,sell,False,2022-10-31T17:22:09.485500+00:00
142,5275675739,3.478,2.9,sell,False,2022-10-31T17:15:51.883471+00:00
143,5275642372,3.494,2.9,buy,False,2022-10-31T17:10:25.934647+00:00
144,5275641744,3.477,5.9,sell,False,2022-10-31T17:10:21.612783+00:00
145,5275605590,3.444,3.0,sell,False,2022-10-31T17:05:13.668870+00:00
146,5275595493,3.46,2.9,buy,False,2022-10-31T17:04:03.031543+00:00
147,5275587197,3.409,18.0,sell,False,2022-10-31T17:02:57.233339+00:00
148,5274944739,3.325,3.1,sell,False,2022-10-31T15:58:28.945833+00:00
149,5274927017,3.361,3.0,sell,False,2022-10-31T15:56:55.906736+00:00
150,5274816744,3.391,3.0,sell,False,2022-10-31T15:46:29.549424+00:00
151,5274812310,3.416,3.0,sell,False,2022-10-31T15:45:51.091671+00:00
152,5274798680,3.418,3.0,buy,False,2022-10-31T15:43:43.471006+00:00
153,5274796968,3.452,2.9,buy,False,2022-10-31T15:43:22.867353+00:00
154,5274795234,3.435,3.0,sell,False,2022-10-31T15:43:08.941184+00:00
155,5274779142,3.418,3.0,buy,False,2022-10-31T15:40:33.811666+00:00
156,5274778538,3.402,9.0,sell,False,2022-10-31T15:40:30.347386+00:00
157,5274709383,3.355,3.0,sell,False,2022-10-31T15:30:19.776185+00:00
158,5274702070,3.376,3.0,sell,False,2022-10-31T15:29:22.693027+00:00
159,5274686868,3.393,3.0,sell,False,2022-10-31T15:27:45.656769+00:00
160,5274683363,3.36,49.6,sell,False,2022-10-31T15:27:15.728781+00:00
161,5274681007,3.368,0.3,buy,False,2022-10-31T15:26:53.971497+00:00
162,5274680287,3.355,0.4,buy,False,2022-10-31T15:26:48.089374+00:00
163,5274629696,3.191,0.4,buy,False,2022-10-31T15:20:16.183801+00:00
164,5274628957,3.167,4.1,buy,False,2022-10-31T15:20:08.980639+00:00
165,5271590256,2.995,6.0,buy,False,2022-10-31T10:16:56.042194+00:00
166,5235334313,3.061,6.0,sell,False,2022-10-27T13:41:07.429587+00:00
167,5229642305,3.041,3.9,sell,False,2022-10-26T23:09:54.279244+00:00
168,5225038848,2.974,9.8,buy,False,2022-10-26T13:35:28.321030+00:00
169,5225038626,2.974,11.9,buy,False,2022-10-26T13:35:27.791457+00:00
170,5225038579,2.974,12.0,buy,False,2022-10-26T13:35:27.263044+00:00
171,5224011116,2.998,33.7,sell,False,2022-10-26T11:00:30.200959+00:00
172,5213819264,2.881,3.4,buy,False,2022-10-25T13:45:45.447420+00:00
173,5213818990,2.881,4.1,buy,False,2022-10-25T13:45:44.916811+00:00
174,5213818939,2.881,4.5,buy,False,2022-10-25T13:45:44.376750+00:00
175,5213818864,2.881,3.9,buy,False,2022-10-25T13:45:43.850053+00:00
176,5212880868,2.724,37.1,buy,False,2022-10-25T10:47:16.446242+00:00
177,5212876045,2.681,17.5,sell,False,2022-10-25T10:45:27.991358+00:00
178,5212876016,2.681,19.6,sell,False,2022-10-25T10:45:27.397214+00:00
179,5208457779,2.686,3.7,buy,False,2022-10-24T15:07:04.056327+00:00
180,5208219536,2.656,3.8,buy,False,2022-10-24T14:32:10.478984+00:00
181,5206857714,2.791,35.6,buy,False,2022-10-24T10:56:18.234435+00:00
182,5206856856,2.791,9.9,sell,False,2022-10-24T10:56:03.865326+00:00
183,5206856834,2.791,25.7,sell,False,2022-10-24T10:56:03.338401+00:00
184,5205255784,2.837,15.9,buy,False,2022-10-24T04:16:44.736426+00:00
185,5183827172,2.757,7.3,buy,False,2022-10-20T13:36:11.211117+00:00
186,5183168040,2.723,3.5,buy,False,2022-10-20T11:00:34.959244+00:00
187,5183167892,2.723,4.3,buy,False,2022-10-20T11:00:32.690876+00:00
188,5183167858,2.723,4.2,buy,False,2022-10-20T11:00:32.151185+00:00
189,5180684585,2.714,3.7,sell,False,2022-10-20T00:41:53.903499+00:00
190,5179231687,2.741,3.7,buy,False,2022-10-19T19:39:40.159920+00:00
191,5176285490,2.871,4.6,buy,False,2022-10-19T09:16:44.624769+00:00
192,5176285385,2.871,4.5,buy,False,2022-10-19T09:16:44.096411+00:00
193,5176285258,2.871,4.7,buy,False,2022-10-19T09:16:43.559557+00:00
194,5176285179,2.871,4.6,buy,False,2022-10-19T09:16:43.016779+00:00
195,5176285150,2.871,4.8,buy,False,2022-10-19T09:16:42.491297+00:00
196,5176198141,2.838,1.3,sell,False,2022-10-19T08:59:18.474913+00:00
197,5176198108,2.838,7.5,sell,False,2022-10-19T08:59:17.929890+00:00
198,5176198074,2.838,8.9,sell,False,2022-10-19T08:59:17.400163+00:00
199,5176198025,2.838,8.7,sell,False,2022-10-19T08:59:16.820321+00:00
200,5176197932,2.838,8.8,sell,False,2022-10-19T08:59:16.283134+00:00
201,5175908601,2.863,30.4,buy,False,2022-10-19T08:00:04.051887+00:00
202,5175908557,2.863,4.5,buy,False,2022-10-19T08:00:03.574273+00:00
203,5166613761,2.794,34.9,sell,False,2022-10-17T20:18:10.400984+00:00
204,5164769561,2.754,16.6,buy,False,2022-10-17T13:35:13.736383+00:00
205,5164681801,2.712,4.2,buy,False,2022-10-17T13:20:30.889118+00:00
206,5164681746,2.712,15.2,buy,False,2022-10-17T13:20:30.342932+00:00
207,5164164366,2.712,16.6,buy,False,2022-10-17T11:15:06.017079+00:00
208,5163848781,2.697,8.6,sell,False,2022-10-17T09:57:58.795105+00:00
209,5163848780,2.697,27.4,sell,False,2022-10-17T09:57:58.795105+00:00
210,5163848581,2.748,4.0,buy,False,2022-10-17T09:57:50.199714+00:00
211,5163848564,2.748,4.4,buy,False,2022-10-17T09:57:49.662416+00:00
212,5148837502,2.797,4.5,sell,False,2022-10-14T13:40:29.145913+00:00
213,5148837350,2.797,3.9,sell,False,2022-10-14T13:40:28.620009+00:00
214,5147706606,2.707,36.0,buy,False,2022-10-14T10:14:58.508394+00:00
215,5147701431,2.705,36.0,sell,False,2022-10-14T10:13:35.462597+00:00
216,5147572404,2.69,36.2,buy,False,2022-10-14T09:45:43.381348+00:00
217,5147544474,2.685,36.2,sell,False,2022-10-14T09:37:28.420502+00:00
218,5147330992,2.699,36.0,buy,False,2022-10-14T08:40:23.106166+00:00
219,5147330649,2.694,36.0,sell,False,2022-10-14T08:40:17.508330+00:00
220,5147326742,2.699,35.9,buy,False,2022-10-14T08:39:28.299498+00:00
221,5147322956,2.694,35.9,sell,False,2022-10-14T08:38:37.230907+00:00
222,5147321838,2.699,35.9,buy,False,2022-10-14T08:38:17.455505+00:00
223,5147320406,2.694,35.9,sell,False,2022-10-14T08:37:58.574238+00:00
224,5147312082,2.699,35.8,buy,False,2022-10-14T08:36:11.442881+00:00
225,5147304937,2.694,35.8,sell,False,2022-10-14T08:34:33.054938+00:00
226,5144479301,2.716,34.5,buy,False,2022-10-14T00:00:03.732071+00:00
227,5143507747,2.734,1.0,buy,False,2022-10-13T19:27:20.636943+00:00
228,5139565243,2.476,6.1,sell,False,2022-10-13T12:32:28.188964+00:00
229,5139564662,2.476,29.4,sell,False,2022-10-13T12:32:27.676093+00:00
230,5134896852,2.582,13.2,buy,False,2022-10-13T00:00:02.919435+00:00
231,5134134957,2.557,11.9,buy,False,2022-10-12T19:19:12.942028+00:00
232,5132629046,2.409,4.3,sell,False,2022-10-12T13:33:53.863893+00:00
233,5132347276,2.443,4.3,sell,False,2022-10-12T12:42:37.152463+00:00
234,5132347005,2.443,4.4,sell,False,2022-10-12T12:42:36.595239+00:00
235,5132346819,2.443,4.5,sell,False,2022-10-12T12:42:36.058658+00:00
236,5128311014,2.434,4.2,sell,False,2022-10-11T18:54:58.045819+00:00
237,5127461931,2.577,3.9,buy,False,2022-10-11T15:48:40.744034+00:00
238,5127004597,2.475,4.1,buy,False,2022-10-11T14:19:44.100782+00:00
239,5127002864,2.465,4.1,sell,False,2022-10-11T14:19:20.983436+00:00
240,5127002595,2.466,12.7,buy,False,2022-10-11T14:19:19.127160+00:00
241,5126983205,2.458,4.1,buy,False,2022-10-11T14:17:08.433527+00:00
242,5126900035,2.402,4.5,sell,False,2022-10-11T14:06:26.791148+00:00
243,5126861686,2.403,4.2,sell,False,2022-10-11T14:02:43.746567+00:00
244,5126837815,2.428,0.1,sell,False,2022-10-11T14:01:11.448123+00:00
245,5126837578,2.428,4.2,sell,False,2022-10-11T14:01:10.919625+00:00
246,5126768156,2.454,4.1,sell,False,2022-10-11T13:56:48.673963+00:00
247,5126748486,2.478,4.1,buy,False,2022-10-11T13:52:43.774132+00:00
248,5119494155,2.592,11.5,buy,False,2022-10-10T09:24:11.149232+00:00
249,5119494145,2.592,21.7,buy,False,2022-10-10T09:24:10.619206+00:00
250,5119291021,2.533,33.2,sell,False,2022-10-10T08:43:44.304245+00:00
251,5119288934,2.561,32.9,buy,False,2022-10-10T08:43:28.658216+00:00
252,5119133485,2.57,22.2,sell,False,2022-10-10T08:29:12.682699+00:00
253,5112686378,2.501,10.7,sell,False,2022-10-08T11:14:49.840983+00:00
254,5110414561,2.674,1.5,buy,False,2022-10-07T19:15:03.918447+00:00
255,5110252578,2.644,3.8,sell,False,2022-10-07T18:32:51.642593+00:00
256,5109422881,2.717,1.9,sell,False,2022-10-07T15:49:52.040167+00:00
257,5109358439,2.761,261.4,sell,False,2022-10-07T15:35:04.310949+00:00
258,5109339999,2.818,9.2,buy,False,2022-10-07T15:29:52.543095+00:00
259,5109320361,2.773,232.0,buy,False,2022-10-07T15:24:15.399315+00:00
260,5109320360,2.772,29.4,buy,False,2022-10-07T15:24:15.399315+00:00
261,5109139433,2.894,7.8,sell,False,2022-10-07T14:42:44.508639+00:00
262,5109139350,2.894,7.5,sell,False,2022-10-07T14:42:43.928230+00:00
263,5109139118,2.894,7.2,sell,False,2022-10-07T14:42:43.381093+00:00
264,5109138695,2.894,6.9,sell,False,2022-10-07T14:42:42.840120+00:00
265,5108930295,2.903,30.1,buy,False,2022-10-07T14:06:59.076605+00:00
266,5108901340,2.887,7.7,sell,False,2022-10-07T14:02:41.027030+00:00
267,5108815295,2.845,3.6,sell,False,2022-10-07T13:49:03.097282+00:00
268,5108799048,2.953,7.5,buy,False,2022-10-07T13:46:14.999134+00:00
269,5108755158,3.013,3.4,sell,False,2022-10-07T13:39:26.903762+00:00
270,5108754235,3.028,29.9,sell,False,2022-10-07T13:39:20.940587+00:00
271,5108754234,3.038,1.0,sell,False,2022-10-07T13:39:20.940587+00:00
272,5107462382,3.152,3.2,sell,False,2022-10-07T10:55:01.095162+00:00
273,5107442598,3.247,19.6,buy,False,2022-10-07T10:46:27.283897+00:00
274,5107394325,3.268,8.2,buy,False,2022-10-07T10:27:27.788634+00:00
275,5107368967,3.206,19.7,sell,False,2022-10-07T10:17:43.404676+00:00
276,5107368554,3.268,3.1,sell,False,2022-10-07T10:17:37.463918+00:00
277,5107367916,3.289,4.3,sell,False,2022-10-07T10:17:20.443075+00:00
278,5107367884,3.289,3.8,sell,False,2022-10-07T10:17:19.837143+00:00
279,5107367860,3.305,0.6,sell,False,2022-10-07T10:17:19.271969+00:00
280,5107365834,3.365,3.0,sell,False,2022-10-07T10:16:30.434668+00:00
281,5107350325,3.446,3.0,sell,False,2022-10-07T10:11:57.389236+00:00
282,5107339845,3.513,2.9,sell,False,2022-10-07T10:07:31.297842+00:00
283,5107339347,3.528,0.3,sell,False,2022-10-07T10:07:19.499898+00:00
284,5107054357,3.569,2.9,sell,False,2022-10-07T08:25:28.464208+00:00
285,5107023676,3.616,2.8,sell,False,2022-10-07T08:17:23.308110+00:00
286,5107022338,3.655,2.8,sell,False,2022-10-07T08:17:01.946527+00:00
287,5107002860,3.688,2.8,sell,False,2022-10-07T08:11:10.919249+00:00
288,5107002701,3.715,2.7,sell,False,2022-10-07T08:11:06.981168+00:00
289,5107002420,3.737,2.7,sell,False,2022-10-07T08:10:58.875253+00:00
290,5107000698,3.754,2.7,buy,False,2022-10-07T08:10:28.052240+00:00
291,5106998693,3.777,5.4,sell,False,2022-10-07T08:09:29.892912+00:00
292,5106993147,3.718,2.7,sell,False,2022-10-07T08:07:34.681861+00:00
293,5106993035,3.737,2.7,sell,False,2022-10-07T08:07:31.905681+00:00
294,5106990869,3.675,22.6,sell,False,2022-10-07T08:06:51.091576+00:00
295,5106989343,3.712,0.3,buy,False,2022-10-07T08:06:18.383113+00:00
296,5106989024,3.668,5.4,buy,False,2022-10-07T08:06:11.981812+00:00
297,5106989023,3.667,1.2,buy,False,2022-10-07T08:06:11.981812+00:00
298,5106965981,3.534,5.4,sell,False,2022-10-07T08:00:38.089820+00:00
299,5106964544,3.617,24.6,buy,False,2022-10-07T08:00:15.629545+00:00
300,5106963468,3.33,0.6,sell,False,2022-10-07T08:00:02.409618+00:00
301,5106963467,3.456,2.9,sell,False,2022-10-07T08:00:02.409618+00:00
302,5105551069,3.479,24.2,sell,False,2022-10-07T00:00:02.480998+00:00
303,5105551068,3.511,2.9,sell,False,2022-10-07T00:00:02.480998+00:00
304,5105240897,3.555,0.3,sell,False,2022-10-06T22:27:12.174095+00:00
305,5105240896,3.557,2.9,sell,False,2022-10-06T22:27:12.174095+00:00
306,5105232837,3.596,2.8,sell,False,2022-10-06T22:24:50.985288+00:00
307,5105206923,3.628,2.8,sell,False,2022-10-06T22:18:58.699887+00:00
308,5105204948,3.654,2.8,sell,False,2022-10-06T22:18:24.708527+00:00
309,5105196858,3.676,2.8,sell,False,2022-10-06T22:16:48.020258+00:00
310,5105195504,3.693,2.7,buy,False,2022-10-06T22:16:33.222289+00:00
311,5105191106,3.686,8.4,sell,False,2022-10-06T22:15:50.993100+00:00
312,5105186022,3.74,0.3,buy,False,2022-10-06T22:14:49.265707+00:00
313,5105185726,3.702,0.3,buy,False,2022-10-06T22:14:42.948472+00:00
314,5105164665,3.609,2.8,sell,False,2022-10-06T22:09:25.997535+00:00
315,5105161451,3.63,2.8,buy,False,2022-10-06T22:08:23.183931+00:00
316,5105160081,3.647,2.8,buy,False,2022-10-06T22:08:02.588606+00:00
317,5105152323,3.569,2.9,sell,False,2022-10-06T22:06:08.600661+00:00
318,5105103617,3.529,2.5,buy,False,2022-10-06T22:00:22.826748+00:00
319,5105084918,3.521,0.3,buy,False,2022-10-06T21:59:04.475016+00:00
320,5105084678,3.499,0.4,buy,False,2022-10-06T21:58:58.901407+00:00
321,5105084113,3.45,6.0,sell,False,2022-10-06T21:58:48.748054+00:00
322,5105007917,3.393,6.1,buy,False,2022-10-06T21:43:07.992499+00:00
323,5105007455,3.412,3.0,sell,False,2022-10-06T21:43:02.093453+00:00
324,5104987163,3.427,3.0,buy,False,2022-10-06T21:38:21.300368+00:00
325,5104983366,3.384,9.1,sell,False,2022-10-06T21:37:33.489525+00:00
326,5104851444,3.326,3.1,sell,False,2022-10-06T21:05:18.173216+00:00
327,5104812110,3.344,3.0,buy,False,2022-10-06T20:51:42.536436+00:00
328,5104811615,3.361,3.0,buy,False,2022-10-06T20:51:31.387558+00:00
329,5104811416,3.324,12.3,sell,False,2022-10-06T20:51:28.064550+00:00
330,5104686292,3.331,5.7,buy,False,2022-10-06T20:13:32.205399+00:00
331,5104681331,3.278,3.1,sell,False,2022-10-06T20:11:10.377637+00:00
332,5104675168,3.302,3.1,sell,False,2022-10-06T20:08:22.790177+00:00
333,5104675066,3.307,5.7,sell,False,2022-10-06T20:08:21.282234+00:00
334,5104675047,3.322,3.1,sell,False,2022-10-06T20:08:20.710723+00:00
335,5104660336,3.337,3.0,buy,False,2022-10-06T20:03:24.323149+00:00
336,5104657711,3.346,49.1,sell,False,2022-10-06T20:02:29.713026+00:00
337,5104653981,3.328,0.4,buy,False,2022-10-06T20:01:18.195246+00:00
338,5104653660,3.311,0.8,buy,False,2022-10-06T20:01:09.795222+00:00
339,5104605242,3.146,100.0,sell,False,2022-10-06T19:47:14.369580+00:00
340,5104576986,3.138,0.1,sell,False,2022-10-06T19:37:16.084834+00:00
341,5104576860,3.138,0.1,sell,False,2022-10-06T19:37:15.237698+00:00
342,5104576564,3.138,0.1,sell,False,2022-10-06T19:37:14.272894+00:00
343,5104576544,3.138,0.1,sell,False,2022-10-06T19:37:13.396517+00:00
344,5104576512,3.138,0.1,sell,False,2022-10-06T19:37:12.681676+00:00
345,5104576333,3.138,0.1,sell,False,2022-10-06T19:37:11.855823+00:00
346,5104576311,3.138,0.1,sell,False,2022-10-06T19:37:11.049572+00:00
347,5104576248,3.138,0.1,sell,False,2022-10-06T19:37:10.371689+00:00
348,5104576179,3.129,0.1,sell,False,2022-10-06T19:37:09.205046+00:00
349,5104576142,3.129,0.1,sell,False,2022-10-06T19:37:08.437622+00:00
350,5104576128,3.129,0.1,sell,False,2022-10-06T19:37:07.507087+00:00
351,5104576094,3.129,0.1,sell,False,2022-10-06T19:37:06.614183+00:00
352,5104576057,3.129,0.1,sell,False,2022-10-06T19:37:05.780413+00:00
353,5104576037,3.121,0.1,sell,False,2022-10-06T19:37:05.020237+00:00
354,5104576015,3.121,0.1,sell,False,2022-10-06T19:37:04.186886+00:00
355,5104575994,3.121,0.1,sell,False,2022-10-06T19:37:03.413024+00:00
356,5104575972,3.126,0.1,sell,False,2022-10-06T19:37:02.686729+00:00
357,5104575908,3.128,0.1,sell,False,2022-10-06T19:37:01.802646+00:00
358,5104575869,3.128,0.1,sell,False,2022-10-06T19:37:01.020132+00:00
359,5104575828,3.137,0.1,sell,False,2022-10-06T19:36:59.627076+00:00
360,5104575784,3.146,0.1,sell,False,2022-10-06T19:36:58.903994+00:00
361,5104575771,3.138,0.1,sell,False,2022-10-06T19:36:58.248460+00:00
362,5104575740,3.138,0.1,sell,False,2022-10-06T19:36:57.516401+00:00
363,5104573866,3.099,2.9,buy,False,2022-10-06T19:36:16.116737+00:00
364,5104572741,3.115,5.8,buy,False,2022-10-06T19:35:51.195293+00:00
365,5104572713,3.115,9.8,buy,False,2022-10-06T19:35:50.606868+00:00
366,5104572664,3.115,8.6,buy,False,2022-10-06T19:35:50.086751+00:00
367,5104570148,3.054,0.1,buy,False,2022-10-06T19:35:12.022071+00:00
368,5104569728,3.037,0.1,sell,False,2022-10-06T19:35:03.867299+00:00
369,5104569688,3.046,0.1,sell,False,2022-10-06T19:35:03.031319+00:00
370,5104569641,3.046,0.1,sell,False,2022-10-06T19:35:02.273206+00:00
371,5104569605,3.046,0.1,sell,False,2022-10-06T19:35:01.465773+00:00
372,5104569574,3.046,0.1,sell,False,2022-10-06T19:35:00.732823+00:00
373,5104569538,3.046,0.1,sell,False,2022-10-06T19:35:00.007906+00:00
374,5104569526,3.046,0.1,sell,False,2022-10-06T19:34:59.261773+00:00
375,5104569491,3.046,0.1,sell,False,2022-10-06T19:34:58.473003+00:00
376,5104569468,3.046,0.1,sell,False,2022-10-06T19:34:57.718836+00:00
377,5104569374,3.046,0.1,sell,False,2022-10-06T19:34:56.075096+00:00
378,5104569357,3.046,0.1,sell,False,2022-10-06T19:34:55.279476+00:00
379,5104569342,3.046,0.1,sell,False,2022-10-06T19:34:54.529719+00:00
380,5104568672,3.045,0.1,buy,False,2022-10-06T19:34:37.570445+00:00
381,5104568656,3.062,0.1,buy,False,2022-10-06T19:34:36.992127+00:00
382,5104568633,3.062,0.1,buy,False,2022-10-06T19:34:36.259992+00:00
383,5104568592,3.062,0.1,buy,False,2022-10-06T19:34:35.745101+00:00
384,5104568537,3.062,0.1,buy,False,2022-10-06T19:34:34.895967+00:00
385,5104568502,3.062,0.1,buy,False,2022-10-06T19:34:33.921146+00:00
386,5104568482,3.062,0.1,buy,False,2022-10-06T19:34:33.076495+00:00
387,5104568461,3.062,0.1,buy,False,2022-10-06T19:34:32.480700+00:00
388,5104568419,3.062,0.1,buy,False,2022-10-06T19:34:31.691473+00:00
389,5104568396,3.062,0.1,buy,False,2022-10-06T19:34:31.297919+00:00
390,5104568368,3.062,0.1,buy,False,2022-10-06T19:34:30.548207+00:00
391,5104568299,3.07,0.1,buy,False,2022-10-06T19:34:29.931953+00:00
392,5104568266,3.066,0.1,sell,False,2022-10-06T19:34:29.373302+00:00
393,5104568220,3.066,0.1,sell,False,2022-10-06T19:34:28.592236+00:00
394,5104568206,3.066,0.1,sell,False,2022-10-06T19:34:27.814703+00:00
395,5104568174,3.066,0.1,sell,False,2022-10-06T19:34:27.102848+00:00
396,5104568149,3.066,0.1,sell,False,2022-10-06T19:34:26.385999+00:00
397,5104568130,3.066,0.1,sell,False,2022-10-06T19:34:25.682347+00:00
398,5104568104,3.066,0.1,sell,False,2022-10-06T19:34:24.954230+00:00
399,5104568076,3.066,0.1,sell,False,2022-10-06T19:34:24.236688+00:00
400,5104568053,3.066,0.1,sell,False,2022-10-06T19:34:23.511505+00:00
401,5104567924,3.066,0.1,sell,False,2022-10-06T19:34:22.667150+00:00
402,5104567907,3.066,0.1,sell,False,2022-10-06T19:34:22.128321+00:00
403,5104567869,3.066,0.1,sell,False,2022-10-06T19:34:21.398606+00:00
404,5104567841,3.066,0.1,sell,False,2022-10-06T19:34:20.688612+00:00
405,5104567829,3.066,0.1,sell,False,2022-10-06T19:34:20.123179+00:00
406,5104567784,3.066,0.1,sell,False,2022-10-06T19:34:19.280131+00:00
407,5104567719,3.066,0.1,sell,False,2022-10-06T19:34:18.567785+00:00
408,5104567701,3.066,0.1,sell,False,2022-10-06T19:34:18.056324+00:00
409,5104567647,3.07,0.1,buy,False,2022-10-06T19:34:17.404166+00:00
410,5104567625,3.07,0.1,buy,False,2022-10-06T19:34:16.792659+00:00
411,5104567599,3.066,0.1,sell,False,2022-10-06T19:34:16.438629+00:00
412,5104567511,3.07,0.1,buy,False,2022-10-06T19:34:15.759202+00:00
413,5104567483,3.07,0.1,buy,False,2022-10-06T19:34:14.853596+00:00
414,5104567443,3.07,0.1,buy,False,2022-10-06T19:34:14.058344+00:00
415,5104567436,3.07,0.1,buy,False,2022-10-06T19:34:13.554888+00:00
416,5104564183,3.07,0.4,sell,False,2022-10-06T19:32:58.890726+00:00
417,5104558942,3.076,3.6,sell,False,2022-10-06T19:31:27.720898+00:00
418,5104558925,3.076,8.5,sell,False,2022-10-06T19:31:27.207929+00:00
419,5104558908,3.076,7.3,sell,False,2022-10-06T19:31:26.672324+00:00
420,5104558869,3.076,7.7,sell,False,2022-10-06T19:31:26.050570+00:00
421,5104558197,3.12,5.0,sell,False,2022-10-06T19:31:15.124714+00:00
422,5104558196,3.126,5.0,sell,False,2022-10-06T19:31:15.124714+00:00
423,5104556135,3.15,5.0,sell,False,2022-10-06T19:30:34.161563+00:00
424,5104554813,3.23,0.4,buy,False,2022-10-06T19:30:12.993214+00:00
425,5104553804,3.193,0.4,buy,False,2022-10-06T19:30:02.333751+00:00
426,5104552142,3.18,5.0,sell,False,2022-10-06T19:29:25.086569+00:00
427,5104552070,3.186,5.0,sell,False,2022-10-06T19:29:23.053740+00:00
428,5104551665,3.168,5.0,sell,False,2022-10-06T19:29:13.436907+00:00
429,5104551652,3.162,5.0,sell,False,2022-10-06T19:29:13.007965+00:00
430,5104551651,3.162,5.0,sell,False,2022-10-06T19:29:13.007965+00:00
431,5104551591,3.168,5.0,sell,False,2022-10-06T19:29:11.604410+00:00
432,5104551411,3.162,5.0,sell,False,2022-10-06T19:29:06.290982+00:00
433,5104551301,3.162,5.0,sell,False,2022-10-06T19:29:05.557469+00:00
434,5104551277,3.155,5.0,buy,False,2022-10-06T19:29:04.908514+00:00
435,5104550091,3.138,5.0,buy,False,2022-10-06T19:28:42.242282+00:00
436,5104550069,3.138,5.0,buy,False,2022-10-06T19:28:41.586878+00:00
437,5104550049,3.146,5.0,buy,False,2022-10-06T19:28:40.389071+00:00
438,5104550035,3.146,5.0,buy,False,2022-10-06T19:28:39.814308+00:00
439,5104548097,3.132,5.0,sell,False,2022-10-06T19:28:08.365475+00:00
440,5104548033,3.129,5.0,buy,False,2022-10-06T19:28:06.072014+00:00
441,5104547686,3.138,5.0,buy,False,2022-10-06T19:28:04.640105+00:00
442,5104547526,3.146,5.0,buy,False,2022-10-06T19:27:57.687139+00:00
443,5104543061,3.137,26.5,buy,False,2022-10-06T19:26:33.425720+00:00
444,5104529354,3.048,26.5,sell,False,2022-10-06T19:23:11.946836+00:00
445,5104502252,3.037,0.4,buy,False,2022-10-06T19:15:17.058790+00:00
446,5104501223,3.051,0.4,buy,False,2022-10-06T19:15:03.034250+00:00
447,5104497837,2.995,0.6,sell,False,2022-10-06T19:14:18.525651+00:00
448,5104497743,2.995,0.6,sell,False,2022-10-06T19:14:18.158215+00:00
449,5104497708,2.995,0.6,sell,False,2022-10-06T19:14:18.034304+00:00
450,5104497707,2.995,0.6,sell,False,2022-10-06T19:14:18.033582+00:00
451,5104497066,2.979,0.6,sell,False,2022-10-06T19:14:13.642936+00:00
452,5104497056,2.979,0.6,sell,False,2022-10-06T19:14:13.461994+00:00
453,5104495617,2.953,5.2,buy,False,2022-10-06T19:13:51.890300+00:00
454,5104486777,2.902,0.4,buy,False,2022-10-06T19:11:24.055762+00:00
455,5104486683,2.883,4.4,buy,False,2022-10-06T19:11:20.406624+00:00
456,5104470239,2.753,23.2,buy,False,2022-10-06T19:06:26.162899+00:00
457,5104470219,2.753,18.5,buy,False,2022-10-06T19:06:25.760083+00:00
458,5104470204,2.753,17.3,buy,False,2022-10-06T19:06:25.150793+00:00
459,5104470185,2.753,19.9,buy,False,2022-10-06T19:06:24.615885+00:00
460,5104470169,2.753,17.2,buy,False,2022-10-06T19:06:24.089382+00:00
461,5104467665,2.745,89.3,buy,False,2022-10-06T19:05:50.058433+00:00
462,5104467664,2.734,96.3,buy,False,2022-10-06T19:05:50.058433+00:00
463,5089361285,2.503,32.3,buy,False,2022-10-04T10:14:04.593513+00:00
464,5088959938,2.473,32.3,sell,False,2022-10-04T08:34:04.830175+00:00
465,5084338714,2.352,7.2,buy,False,2022-10-03T13:45:34.503708+00:00
466,5084338622,2.352,26.8,buy,False,2022-10-03T13:45:33.900404+00:00
467,5083701275,2.36,34.0,sell,False,2022-10-03T11:08:01.212665+00:00
468,5083279923,2.337,34.3,buy,False,2022-10-03T08:53:06.989468+00:00
469,5083167255,2.335,34.3,sell,False,2022-10-03T08:12:03.316563+00:00
470,5074335762,2.36,0.1,buy,False,2022-10-01T08:03:52.979001+00:00
471,5058284443,2.515,72.6,buy,False,2022-09-28T19:30:43.079718+00:00
472,5047718755,2.417,1.5,buy,False,2022-09-27T14:47:44.412291+00:00
473,5040130814,2.419,31.1,buy,False,2022-09-26T13:55:39.010158+00:00
474,5024521082,2.272,35.3,buy,False,2022-09-24T00:00:02.804223+00:00
475,5023428738,2.248,16.0,sell,False,2022-09-23T20:40:50.827924+00:00
476,5023428706,2.248,19.3,sell,False,2022-09-23T20:40:50.183151+00:00
477,5020691926,2.244,7.6,sell,False,2022-09-23T14:01:13.790802+00:00
478,5020631824,2.249,5.2,sell,False,2022-09-23T13:57:42.126570+00:00
479,5020631474,2.25,7.6,sell,False,2022-09-23T13:57:41.317721+00:00
480,5020525916,2.266,6.5,sell,False,2022-09-23T13:50:57.438626+00:00
481,5020482184,2.274,7.3,sell,False,2022-09-23T13:48:58.420021+00:00
482,5020482099,2.277,5.0,sell,False,2022-09-23T13:48:57.865312+00:00
483,5019449534,2.295,7.3,sell,False,2022-09-23T11:15:49.004705+00:00
484,5019430093,2.301,7.2,sell,False,2022-09-23T11:13:50.640923+00:00
485,5019430044,2.304,4.8,sell,False,2022-09-23T11:13:50.101321+00:00
486,5019006068,2.306,6.2,sell,False,2022-09-23T09:58:47.394629+00:00
487,5018903167,2.323,7.0,sell,False,2022-09-23T09:40:08.407946+00:00
488,5018551648,2.33,4.6,sell,False,2022-09-23T08:41:22.936282+00:00
489,5017953374,2.345,6.0,sell,False,2022-09-23T07:00:28.320471+00:00
490,5017953373,2.345,6.9,sell,False,2022-09-23T07:00:28.320471+00:00
491,5015594283,2.351,6.9,sell,False,2022-09-22T22:49:10.322968+00:00
492,5015594282,2.356,4.4,sell,False,2022-09-22T22:49:10.322968+00:00
493,5013510148,2.37,6.6,sell,False,2022-09-22T16:14:25.852329+00:00
494,5013445652,2.381,4.2,sell,False,2022-09-22T16:05:32.368795+00:00
495,5013445651,2.383,5.7,sell,False,2022-09-22T16:05:32.368795+00:00
496,5013107616,2.393,6.6,sell,False,2022-09-22T15:07:00.768594+00:00
497,5013107615,2.399,6.5,sell,False,2022-09-22T15:07:00.768594+00:00
498,5013063269,2.404,4.2,buy,False,2022-09-22T15:02:12.261282+00:00
499,5012928650,2.417,6.3,sell,False,2022-09-22T14:41:32.075338+00:00
500,5012928453,2.419,5.4,sell,False,2022-09-22T14:41:31.321381+00:00
501,5012600055,2.428,4.2,sell,False,2022-09-22T13:52:36.089339+00:00
502,5012572788,2.439,6.3,sell,False,2022-09-22T13:48:58.657201+00:00
503,5012572787,2.446,6.2,sell,False,2022-09-22T13:48:58.657201+00:00
504,5012540803,2.455,5.2,sell,False,2022-09-22T13:45:20.928750+00:00
505,5012502512,2.461,6.0,sell,False,2022-09-22T13:42:01.504036+00:00
506,5012496973,2.469,2.0,sell,False,2022-09-22T13:41:29.052434+00:00
507,5010630189,2.529,1.8,buy,False,2022-09-22T08:03:52.858896+00:00
508,5010630123,2.529,29.6,buy,False,2022-09-22T08:03:52.302865+00:00
509,5008458126,2.518,31.4,sell,False,2022-09-22T00:00:02.197967+00:00
510,5008006641,2.485,16.6,sell,False,2022-09-21T22:39:32.983766+00:00
511,5008006640,2.485,6.0,sell,False,2022-09-21T22:39:32.983766+00:00
512,5008006639,2.49,5.0,sell,False,2022-09-21T22:39:32.983766+00:00
513,5008006638,2.491,5.9,sell,False,2022-09-21T22:39:32.983766+00:00
514,5008004466,2.505,5.7,sell,False,2022-09-21T22:39:11.756644+00:00
515,5005624451,2.604,10.6,buy,False,2022-09-21T18:53:17.401660+00:00
516,5005624051,2.604,19.7,buy,False,2022-09-21T18:53:16.656697+00:00
517,5005518085,2.595,3.1,sell,False,2022-09-21T18:48:52.062972+00:00
518,5005517798,2.595,27.2,sell,False,2022-09-21T18:48:51.226579+00:00
519,5004676145,2.523,4.8,sell,False,2022-09-21T18:14:07.753577+00:00
520,5002419921,2.587,7.9,buy,False,2022-09-21T13:49:38.835896+00:00
521,5002419869,2.587,22.5,buy,False,2022-09-21T13:49:38.274780+00:00
522,5002337480,2.529,5.7,sell,False,2022-09-21T13:35:53.574301+00:00
523,5002337479,2.535,5.7,sell,False,2022-09-21T13:35:53.574301+00:00
524,5002335192,2.547,5.5,sell,False,2022-09-21T13:35:36.593878+00:00
525,5002288988,2.548,25.8,sell,False,2022-09-21T13:30:22.530986+00:00
526,5002288987,2.556,4.6,sell,False,2022-09-21T13:30:22.530986+00:00
527,5002278030,2.651,30.5,sell,False,2022-09-21T13:27:52.835527+00:00
528,5000720728,2.566,30.4,sell,False,2022-09-21T07:53:58.501933+00:00
529,5000720727,2.571,5.4,sell,False,2022-09-21T07:53:58.501933+00:00
530,5000720726,2.578,5.4,sell,False,2022-09-21T07:53:58.501933+00:00
531,5000161157,2.584,6.4,sell,False,2022-09-21T06:14:18.004611+00:00
532,5000161052,2.584,75.1,sell,False,2022-09-21T06:14:16.862008+00:00
533,5000160899,2.582,29.3,sell,False,2022-09-21T06:14:15.242520+00:00
534,5000160851,2.582,16.9,sell,False,2022-09-21T06:14:14.985997+00:00
535,5000124168,2.588,4.4,sell,False,2022-09-21T06:06:28.384618+00:00
536,5000124167,2.588,5.2,sell,False,2022-09-21T06:06:28.384618+00:00
537,4996900454,2.613,5.2,sell,False,2022-09-20T17:29:12.644952+00:00
538,4995362682,2.618,4.2,sell,False,2022-09-20T13:52:41.507343+00:00
539,4995362643,2.62,5.2,sell,False,2022-09-20T13:52:40.951766+00:00
540,4995252381,2.651,29.4,sell,False,2022-09-20T13:40:57.712427+00:00
541,4995252089,2.646,75.1,buy,False,2022-09-20T13:40:57.160227+00:00
542,4995252049,2.646,6.4,buy,False,2022-09-20T13:40:57.010032+00:00
543,4995252032,2.646,33.5,buy,False,2022-09-20T13:40:56.982868+00:00
544,4995252022,2.646,16.9,buy,False,2022-09-20T13:40:56.933441+00:00
545,4989033986,2.628,5.0,sell,False,2022-09-19T15:42:33.989093+00:00
546,4988642089,2.65,3.2,sell,False,2022-09-19T14:48:45.964487+00:00
547,4988482926,2.648,4.1,sell,False,2022-09-19T14:31:57.667369+00:00
548,4986295701,2.667,4.8,sell,False,2022-09-19T08:00:01.882649+00:00
549,4986295700,2.677,3.9,sell,False,2022-09-19T08:00:01.882649+00:00
550,4971047788,2.713,21.0,buy,False,2022-09-16T21:35:33.745090+00:00
551,4970269244,2.705,3.7,sell,False,2022-09-16T18:37:52.505120+00:00
552,4970269243,2.705,4.6,sell,False,2022-09-16T18:37:52.505120+00:00
553,4969466603,2.732,3.7,buy,False,2022-09-16T16:44:37.015519+00:00
554,4968077139,2.741,4.4,sell,False,2022-09-16T13:42:41.721488+00:00
555,4946447851,2.777,4.2,sell,False,2022-09-13T23:20:32.281583+00:00
556,4945925953,2.811,4.1,sell,False,2022-09-13T21:46:06.566923+00:00
557,4945925505,2.812,3.9,buy,False,2022-09-13T21:46:03.155181+00:00
558,4945925378,2.813,3.7,buy,False,2022-09-13T21:46:02.570850+00:00
559,4945925321,2.813,3.6,buy,False,2022-09-13T21:46:02.175721+00:00
560,4945925274,2.813,3.5,buy,False,2022-09-13T21:46:01.597682+00:00
561,4945922710,2.968,3.4,buy,False,2022-09-13T21:45:48.822424+00:00
562,4945896923,2.736,75.5,sell,False,2022-09-13T21:43:32.489781+00:00
563,4943817291,2.784,0.7,sell,False,2022-09-13T16:18:40.386045+00:00
564,4943530468,2.669,0.7,sell,False,2022-09-13T15:43:57.607866+00:00
565,4943530389,2.669,0.7,sell,False,2022-09-13T15:43:56.935929+00:00
566,4943530387,2.669,0.6,sell,False,2022-09-13T15:43:56.911246+00:00
567,4943530379,2.669,0.7,sell,False,2022-09-13T15:43:56.874524+00:00
568,4943530378,2.669,0.7,sell,False,2022-09-13T15:43:56.874223+00:00
569,4943530377,2.669,0.6,sell,False,2022-09-13T15:43:56.873609+00:00
570,4943280437,2.78,0.7,sell,False,2022-09-13T15:11:39.902082+00:00
571,4943046421,2.79,0.7,sell,False,2022-09-13T14:49:10.849999+00:00
572,4942929093,2.8,0.7,sell,False,2022-09-13T14:39:52.915351+00:00
573,4942914243,2.81,0.7,sell,False,2022-09-13T14:37:53.329877+00:00
574,4942818039,2.82,0.7,sell,False,2022-09-13T14:25:11.687236+00:00
575,4942779142,2.846,0.7,sell,False,2022-09-13T14:19:51.100899+00:00
576,4942737200,2.85,0.7,sell,False,2022-09-13T14:14:59.376098+00:00
577,4942587672,2.81,0.7,sell,False,2022-09-13T14:02:23.974537+00:00
578,4942473694,2.83,0.7,sell,False,2022-09-13T13:54:32.013202+00:00
579,4942439090,2.833,0.7,sell,False,2022-09-13T13:50:39.897608+00:00
580,4942215574,2.816,0.7,sell,False,2022-09-13T13:32:31.042256+00:00
581,4942170111,2.783,0.7,sell,False,2022-09-13T13:30:26.488213+00:00
582,4942075918,2.802,0.7,sell,False,2022-09-13T13:22:24.600658+00:00
583,4941988187,2.78,0.7,sell,False,2022-09-13T13:17:02.918468+00:00
584,4941869991,2.79,0.7,sell,False,2022-09-13T13:08:34.450299+00:00
585,4941869905,2.8,0.7,sell,False,2022-09-13T13:08:33.909841+00:00
586,4941713529,2.8,0.7,sell,False,2022-09-13T12:59:10.985496+00:00
587,4941225733,2.85,0.6,sell,False,2022-09-13T12:38:59.866527+00:00
588,4940956356,2.9,0.6,sell,False,2022-09-13T12:32:20.013124+00:00
589,4940865926,2.91,0.6,sell,False,2022-09-13T12:31:11.315151+00:00
590,4940865925,2.91,0.6,sell,False,2022-09-13T12:31:11.315151+00:00
591,4940810902,2.92,0.6,sell,False,2022-09-13T12:30:46.809603+00:00
592,4940810011,2.93,0.6,sell,False,2022-09-13T12:30:46.252977+00:00
593,4940150563,2.94,0.6,sell,False,2022-09-13T11:09:24.962297+00:00
594,4936446235,2.925,0.6,sell,False,2022-09-12T23:13:45.012260+00:00
595,4935502604,2.93,0.6,sell,False,2022-09-12T19:24:47.566552+00:00
596,4935461372,2.94,0.6,sell,False,2022-09-12T19:15:58.612630+00:00
597,4935291534,2.941,7.8,buy,False,2022-09-12T18:42:59.074091+00:00
598,4935291519,2.941,13.3,buy,False,2022-09-12T18:42:58.532718+00:00
599,4935291473,2.941,21.7,buy,False,2022-09-12T18:42:57.980880+00:00
600,4935158935,2.93,0.4,buy,False,2022-09-12T18:13:27.817689+00:00
601,4933653993,2.841,51.0,sell,False,2022-09-12T15:05:19.263001+00:00
602,4933653774,2.841,64.3,sell,False,2022-09-12T15:05:17.763290+00:00
603,4933653569,2.841,67.9,sell,False,2022-09-12T15:05:16.252760+00:00
604,4933653362,2.841,59.5,sell,False,2022-09-12T15:05:15.061681+00:00
605,4933653225,2.841,55.5,sell,False,2022-09-12T15:05:13.862752+00:00
606,4933653088,2.841,61.2,sell,False,2022-09-12T15:05:12.649900+00:00
607,4933652927,2.841,60.0,sell,False,2022-09-12T15:05:11.467016+00:00
608,4933652701,2.841,61.2,sell,False,2022-09-12T15:05:10.168617+00:00
609,4933652523,2.841,59.5,sell,False,2022-09-12T15:05:08.469488+00:00
610,4933652348,2.841,67.6,sell,False,2022-09-12T15:05:06.995044+00:00
611,4933652208,2.841,60.7,sell,False,2022-09-12T15:05:05.823866+00:00
612,4933651941,2.841,59.1,sell,False,2022-09-12T15:05:04.568560+00:00
613,4933651631,2.841,57.7,sell,False,2022-09-12T15:05:03.058251+00:00
614,4933651363,2.841,65.8,sell,False,2022-09-12T15:05:01.822184+00:00
615,4933651179,2.841,57.9,sell,False,2022-09-12T15:05:00.387547+00:00
616,4933651048,2.841,57.7,sell,False,2022-09-12T15:04:59.167242+00:00
617,4933650915,2.841,61.7,sell,False,2022-09-12T15:04:57.982568+00:00
618,4933650727,2.841,62.6,sell,False,2022-09-12T15:04:56.459011+00:00
619,4933650626,2.841,67.9,sell,False,2022-09-12T15:04:54.976693+00:00
620,4933650369,2.841,63.8,sell,False,2022-09-12T15:04:53.482796+00:00
621,4933650258,2.841,69.8,sell,False,2022-09-12T15:04:51.953405+00:00
622,4933650121,2.841,59.6,sell,False,2022-09-12T15:04:50.887183+00:00
623,4933649976,2.841,63.7,sell,False,2022-09-12T15:04:49.254591+00:00
624,4933649831,2.841,69.1,sell,False,2022-09-12T15:04:47.775941+00:00
625,4933649625,2.841,66.4,sell,False,2022-09-12T15:04:46.589629+00:00
626,4933649490,2.841,63.8,sell,False,2022-09-12T15:04:45.049669+00:00
627,4933649404,2.841,57.6,sell,False,2022-09-12T15:04:43.872003+00:00
628,4933649299,2.841,63.9,sell,False,2022-09-12T15:04:42.385119+00:00
629,4933649212,2.841,61.4,sell,False,2022-09-12T15:04:41.188618+00:00
630,4933648891,2.841,72.7,sell,False,2022-09-12T15:04:39.377589+00:00
631,4933648660,2.841,64.6,sell,False,2022-09-12T15:04:38.182332+00:00
632,4933648348,2.841,69.0,sell,False,2022-09-12T15:04:36.668025+00:00
633,4933648096,2.841,69.7,sell,False,2022-09-12T15:04:34.866025+00:00
634,4933648013,2.841,63.3,sell,False,2022-09-12T15:04:33.855921+00:00
635,4933647973,2.841,66.9,sell,False,2022-09-12T15:04:33.327900+00:00
636,4933647918,2.841,68.4,sell,False,2022-09-12T15:04:32.776902+00:00
637,4933647834,2.841,63.9,sell,False,2022-09-12T15:04:32.232556+00:00
638,4933647613,2.841,62.7,sell,False,2022-09-12T15:04:31.671222+00:00
639,4933647509,2.841,62.6,sell,False,2022-09-12T15:04:31.140463+00:00
640,4933647469,2.841,67.0,sell,False,2022-09-12T15:04:30.558270+00:00
641,4933647429,2.841,70.8,sell,False,2022-09-12T15:04:29.933465+00:00
642,4933645767,2.841,21.7,sell,False,2022-09-12T15:04:18.372912+00:00
643,4933645696,2.841,22.3,sell,False,2022-09-12T15:04:17.787498+00:00
644,4933645410,2.841,62.0,sell,False,2022-09-12T15:04:16.263321+00:00
645,4933645039,2.841,63.5,sell,False,2022-09-12T15:04:15.070935+00:00
646,4933644830,2.841,68.1,sell,False,2022-09-12T15:04:13.670986+00:00
647,4933644554,2.841,61.4,sell,False,2022-09-12T15:04:12.074300+00:00
648,4933644396,2.841,71.4,sell,False,2022-09-12T15:04:10.587084+00:00
649,4933644295,2.841,71.4,sell,False,2022-09-12T15:04:09.078556+00:00
650,4933644156,2.841,67.0,sell,False,2022-09-12T15:04:07.557182+00:00
651,4933643942,2.841,64.9,sell,False,2022-09-12T15:04:06.174653+00:00
652,4933643741,2.841,63.7,sell,False,2022-09-12T15:04:04.864550+00:00
653,4933643480,2.841,68.6,sell,False,2022-09-12T15:04:03.425159+00:00
654,4933643259,2.841,67.4,sell,False,2022-09-12T15:04:01.861516+00:00
655,4933643052,2.841,62.8,sell,False,2022-09-12T15:04:00.348368+00:00
656,4933642918,2.841,70.6,sell,False,2022-09-12T15:03:58.862586+00:00
657,4933642705,2.841,66.7,sell,False,2022-09-12T15:03:57.363399+00:00
658,4933642505,2.841,65.7,sell,False,2022-09-12T15:03:55.885135+00:00
659,4933642338,2.841,75.9,sell,False,2022-09-12T15:03:54.362875+00:00
660,4933642056,2.841,69.9,sell,False,2022-09-12T15:03:52.919194+00:00
661,4933641745,2.841,74.7,sell,False,2022-09-12T15:03:51.069145+00:00
662,4933641548,2.841,69.3,sell,False,2022-09-12T15:03:49.646197+00:00
663,4933641164,2.841,73.3,sell,False,2022-09-12T15:03:47.421354+00:00
664,4933641065,2.841,66.1,sell,False,2022-09-12T15:03:46.871263+00:00
665,4933640855,2.841,73.8,sell,False,2022-09-12T15:03:45.068145+00:00
666,4933640722,2.841,67.4,sell,False,2022-09-12T15:03:43.559279+00:00
667,4933640424,2.841,75.7,sell,False,2022-09-12T15:03:42.058693+00:00
668,4933640164,2.841,65.8,sell,False,2022-09-12T15:03:40.573072+00:00
669,4933640021,2.841,71.7,sell,False,2022-09-12T15:03:39.073864+00:00
670,4933639823,2.841,63.8,sell,False,2022-09-12T15:03:37.650560+00:00
671,4933639444,2.841,77.0,sell,False,2022-09-12T15:03:34.582837+00:00
672,4933639387,2.841,71.4,sell,False,2022-09-12T15:03:33.961003+00:00
673,4933639316,2.841,65.3,sell,False,2022-09-12T15:03:33.360347+00:00
674,4933639103,2.841,68.9,sell,False,2022-09-12T15:03:31.882402+00:00
675,4933638899,2.841,66.6,sell,False,2022-09-12T15:03:30.373125+00:00
676,4933638692,2.841,74.9,sell,False,2022-09-12T15:03:28.577703+00:00
677,4933638523,2.841,65.1,sell,False,2022-09-12T15:03:27.362341+00:00
678,4933638260,2.841,76.7,sell,False,2022-09-12T15:03:25.584689+00:00
679,4933638025,2.841,67.3,sell,False,2022-09-12T15:03:24.075390+00:00
680,4933637764,2.841,69.5,sell,False,2022-09-12T15:03:22.585801+00:00
681,4933637456,2.841,65.1,sell,False,2022-09-12T15:03:21.425010+00:00
682,4933637062,2.841,73.4,sell,False,2022-09-12T15:03:19.632731+00:00
683,4933636880,2.841,70.2,sell,False,2022-09-12T15:03:18.061385+00:00
684,4933636614,2.841,76.1,sell,False,2022-09-12T15:03:16.569560+00:00
685,4933636301,2.841,79.5,sell,False,2022-09-12T15:03:14.761448+00:00
686,4933636014,2.841,77.7,sell,False,2022-09-12T15:03:12.968187+00:00
687,4933635853,2.841,73.7,sell,False,2022-09-12T15:03:11.547624+00:00
688,4933635438,2.841,69.5,sell,False,2022-09-12T15:03:10.056541+00:00
689,4933635054,2.841,77.7,sell,False,2022-09-12T15:03:08.215305+00:00
690,4933634550,2.841,77.3,sell,False,2022-09-12T15:03:06.668385+00:00
691,4933634201,2.841,68.7,sell,False,2022-09-12T15:03:05.237271+00:00
692,4933633825,2.841,75.4,sell,False,2022-09-12T15:03:03.360375+00:00
693,4933633500,2.841,78.5,sell,False,2022-09-12T15:03:01.851910+00:00
694,4933633213,2.841,68.6,sell,False,2022-09-12T15:03:00.364163+00:00
695,4933632892,2.841,75.7,sell,False,2022-09-12T15:02:58.571470+00:00
696,4933632704,2.841,80.3,sell,False,2022-09-12T15:02:56.759269+00:00
697,4933632337,2.841,69.2,sell,False,2022-09-12T15:02:55.250810+00:00
698,4933632143,2.841,73.2,sell,False,2022-09-12T15:02:53.774737+00:00
699,4933631905,2.841,69.5,sell,False,2022-09-12T15:02:52.293804+00:00
700,4933631637,2.841,75.2,sell,False,2022-09-12T15:02:50.772332+00:00
701,4933631349,2.841,73.6,sell,False,2022-09-12T15:02:48.987916+00:00
702,4933631100,2.841,70.3,sell,False,2022-09-12T15:02:47.457610+00:00
703,4933630855,2.841,78.3,sell,False,2022-09-12T15:02:46.112813+00:00
704,4933630174,2.841,72.0,sell,False,2022-09-12T15:02:44.268653+00:00
705,4933629725,2.841,79.4,sell,False,2022-09-12T15:02:42.695619+00:00
706,4933629350,2.841,72.5,sell,False,2022-09-12T15:02:40.879245+00:00
707,4933628984,2.841,82.7,sell,False,2022-09-12T15:02:39.382508+00:00
708,4933628571,2.841,71.8,sell,False,2022-09-12T15:02:37.708825+00:00
709,4933628158,2.841,74.3,sell,False,2022-09-12T15:02:36.078232+00:00
710,4933627787,2.841,69.5,sell,False,2022-09-12T15:02:34.560807+00:00
711,4933627482,2.841,77.3,sell,False,2022-09-12T15:02:32.754868+00:00
712,4933627066,2.841,74.5,sell,False,2022-09-12T15:02:31.251553+00:00
713,4933626773,2.841,80.8,sell,False,2022-09-12T15:02:29.460073+00:00
714,4933626463,2.841,79.1,sell,False,2022-09-12T15:02:27.657780+00:00
715,4933625974,2.841,70.0,sell,False,2022-09-12T15:02:26.226589+00:00
716,4933625415,2.841,81.5,sell,False,2022-09-12T15:02:24.357595+00:00
717,4933625094,2.841,72.0,sell,False,2022-09-12T15:02:22.889198+00:00
718,4933624632,2.841,70.3,sell,False,2022-09-12T15:02:21.455713+00:00
719,4933624544,2.842,28.3,sell,False,2022-09-12T15:02:20.776347+00:00
720,4933623880,2.841,78.2,sell,False,2022-09-12T15:02:18.962961+00:00
721,4933623715,2.841,77.6,sell,False,2022-09-12T15:02:18.167330+00:00
722,4933623544,2.841,78.4,sell,False,2022-09-12T15:02:17.624256+00:00
723,4933623390,2.841,75.6,sell,False,2022-09-12T15:02:17.094263+00:00
724,4933623207,2.841,72.3,sell,False,2022-09-12T15:02:16.574374+00:00
725,4933623004,2.841,80.1,sell,False,2022-09-12T15:02:15.946430+00:00
726,4933622831,2.841,80.1,sell,False,2022-09-12T15:02:15.282398+00:00
727,4933622646,2.841,81.3,sell,False,2022-09-12T15:02:14.743732+00:00
728,4933622439,2.841,81.8,sell,False,2022-09-12T15:02:14.194099+00:00
729,4933622271,2.841,79.9,sell,False,2022-09-12T15:02:13.649200+00:00
730,4933621889,2.841,84.4,sell,False,2022-09-12T15:02:13.059396+00:00
731,4933175678,2.91,0.4,buy,False,2022-09-12T14:00:11.924877+00:00
732,4933175677,2.91,0.4,buy,False,2022-09-12T14:00:11.924877+00:00
733,4930842208,2.901,27.7,buy,False,2022-09-12T08:14:14.520488+00:00
734,4921889786,2.869,5.2,buy,False,2022-09-10T23:03:10.073752+00:00
735,4914311477,2.88,0.4,sell,False,2022-09-09T18:59:03.081051+00:00
736,4914241506,2.89,0.4,sell,False,2022-09-09T18:45:38.868270+00:00
737,4914031643,2.9,0.4,sell,False,2022-09-09T18:07:35.638456+00:00
738,4913736410,2.907,30.0,buy,False,2022-09-09T17:21:18.023853+00:00
739,4913095095,2.88,8.7,buy,False,2022-09-09T15:57:10.215202+00:00
740,4913094884,2.88,21.7,buy,False,2022-09-09T15:57:09.672153+00:00
741,4912858440,2.841,63.6,sell,False,2022-09-09T15:23:17.247485+00:00
742,4912858382,2.841,26.2,sell,False,2022-09-09T15:23:16.449169+00:00
743,4912858161,2.841,65.5,sell,False,2022-09-09T15:23:14.999640+00:00
744,4912857962,2.841,68.4,sell,False,2022-09-09T15:23:13.511900+00:00
745,4912857848,2.841,57.7,sell,False,2022-09-09T15:23:11.937327+00:00
746,4912857778,2.841,60.4,sell,False,2022-09-09T15:23:10.742294+00:00
747,4912857604,2.841,67.6,sell,False,2022-09-09T15:23:09.369252+00:00
748,4912857540,2.841,58.2,sell,False,2022-09-09T15:23:08.064791+00:00
749,4912857306,2.841,59.1,sell,False,2022-09-09T15:23:06.550215+00:00
750,4912856929,2.841,65.2,sell,False,2022-09-09T15:23:05.044386+00:00
751,4912856833,2.841,59.1,sell,False,2022-09-09T15:23:03.848974+00:00
752,4912856288,2.841,63.2,sell,False,2022-09-09T15:22:59.819457+00:00
753,4912856217,2.841,64.8,sell,False,2022-09-09T15:22:59.257165+00:00
754,4912856179,2.841,62.6,sell,False,2022-09-09T15:22:58.707001+00:00
755,4912856138,2.841,60.5,sell,False,2022-09-09T15:22:58.157486+00:00
756,4912856115,2.841,62.0,sell,False,2022-09-09T15:22:57.627449+00:00
757,4912855983,2.841,71.2,sell,False,2022-09-09T15:22:56.040509+00:00
758,4912855711,2.841,64.0,sell,False,2022-09-09T15:22:54.523157+00:00
759,4912855629,2.841,67.3,sell,False,2022-09-09T15:22:53.057099+00:00
760,4912855470,2.841,60.0,sell,False,2022-09-09T15:22:51.652693+00:00
761,4912855267,2.841,65.3,sell,False,2022-09-09T15:22:50.347508+00:00
762,4912854931,2.841,61.0,sell,False,2022-09-09T15:22:48.834734+00:00
763,4912854789,2.841,65.4,sell,False,2022-09-09T15:22:47.339385+00:00
764,4912854720,2.841,69.6,sell,False,2022-09-09T15:22:45.855779+00:00
765,4912854628,2.841,69.0,sell,False,2022-09-09T15:22:44.356677+00:00
766,4912854464,2.841,63.6,sell,False,2022-09-09T15:22:42.846146+00:00
767,4912854279,2.841,65.5,sell,False,2022-09-09T15:22:41.414635+00:00
768,4912854186,2.841,59.5,sell,False,2022-09-09T15:22:40.138569+00:00
769,4912854124,2.841,70.7,sell,False,2022-09-09T15:22:38.635903+00:00
770,4912853927,2.841,67.5,sell,False,2022-09-09T15:22:37.160740+00:00
771,4912853807,2.841,64.2,sell,False,2022-09-09T15:22:35.637943+00:00
772,4912853707,2.841,62.8,sell,False,2022-09-09T15:22:34.138176+00:00
773,4912853649,2.841,62.6,sell,False,2022-09-09T15:22:32.939364+00:00
774,4912853573,2.841,64.2,sell,False,2022-09-09T15:22:31.536674+00:00
775,4912853457,2.841,71.0,sell,False,2022-09-09T15:22:29.934693+00:00
776,4912853246,2.841,69.4,sell,False,2022-09-09T15:22:28.433724+00:00
777,4912853158,2.841,62.4,sell,False,2022-09-09T15:22:26.959966+00:00
778,4912853087,2.841,68.8,sell,False,2022-09-09T15:22:25.444670+00:00
779,4912853027,2.841,72.7,sell,False,2022-09-09T15:22:24.018360+00:00
780,4912852957,2.841,63.4,sell,False,2022-09-09T15:22:22.442118+00:00
781,4912852850,2.841,68.4,sell,False,2022-09-09T15:22:20.939796+00:00
782,4912852733,2.841,68.9,sell,False,2022-09-09T15:22:19.461971+00:00
783,4912852468,2.841,63.0,sell,False,2022-09-09T15:22:15.871371+00:00
784,4912852430,2.841,72.0,sell,False,2022-09-09T15:22:15.313045+00:00
785,4912852356,2.841,62.2,sell,False,2022-09-09T15:22:14.771638+00:00
786,4912852333,2.841,63.5,sell,False,2022-09-09T15:22:14.221240+00:00
787,4912852210,2.841,73.6,sell,False,2022-09-09T15:22:12.264903+00:00
788,4912852140,2.841,68.9,sell,False,2022-09-09T15:22:10.759350+00:00
789,4912851918,2.841,75.0,sell,False,2022-09-09T15:22:09.237663+00:00
790,4912851793,2.841,73.4,sell,False,2022-09-09T15:22:07.437484+00:00
791,4912851650,2.841,71.4,sell,False,2022-09-09T15:22:05.933024+00:00
792,4912851435,2.841,75.6,sell,False,2022-09-09T15:22:04.157098+00:00
793,4912851313,2.841,68.3,sell,False,2022-09-09T15:22:02.641407+00:00
794,4912851022,2.841,70.8,sell,False,2022-09-09T15:22:01.147859+00:00
795,4912850857,2.841,73.5,sell,False,2022-09-09T15:21:59.650395+00:00
796,4912850674,2.841,63.3,sell,False,2022-09-09T15:21:58.149312+00:00
797,4912850419,2.841,72.8,sell,False,2022-09-09T15:21:56.643589+00:00
798,4912850288,2.841,73.8,sell,False,2022-09-09T15:21:54.854110+00:00
799,4912850177,2.841,66.5,sell,False,2022-09-09T15:21:53.645704+00:00
800,4912850057,2.841,75.7,sell,False,2022-09-09T15:21:51.882540+00:00
801,4912849754,2.841,70.4,sell,False,2022-09-09T15:21:48.427898+00:00
802,4912849599,2.841,73.1,sell,False,2022-09-09T15:21:47.885354+00:00
803,4912849550,2.841,44.1,sell,False,2022-09-09T15:21:47.343173+00:00
804,4912849549,2.842,27.7,sell,False,2022-09-09T15:21:47.343173+00:00
805,4912849423,2.841,66.0,sell,False,2022-09-09T15:21:45.836838+00:00
806,4912849310,2.841,73.1,sell,False,2022-09-09T15:21:44.363715+00:00
807,4912849085,2.841,70.5,sell,False,2022-09-09T15:21:42.852021+00:00
808,4912848691,2.841,75.9,sell,False,2022-09-09T15:21:41.043094+00:00
809,4912848517,2.841,69.5,sell,False,2022-09-09T15:21:40.514197+00:00
810,4912848472,2.841,65.5,sell,False,2022-09-09T15:21:39.962215+00:00
811,4912848442,2.841,78.4,sell,False,2022-09-09T15:21:39.338940+00:00
812,4912848410,2.841,64.4,sell,False,2022-09-09T15:21:38.762523+00:00
813,4912848361,2.841,73.5,sell,False,2022-09-09T15:21:38.218731+00:00
814,4912848319,2.841,66.2,sell,False,2022-09-09T15:21:37.666330+00:00
815,4912848255,2.841,68.3,sell,False,2022-09-09T15:21:37.016099+00:00
816,4912848226,2.841,72.5,sell,False,2022-09-09T15:21:36.460077+00:00
817,4912848185,2.841,73.6,sell,False,2022-09-09T15:21:35.909637+00:00
818,4912848130,2.841,73.6,sell,False,2022-09-09T15:21:35.384349+00:00
819,4912848098,2.841,72.2,sell,False,2022-09-09T15:21:34.830365+00:00
820,4912449421,2.857,1.7,sell,False,2022-09-09T14:22:08.687747+00:00
821,4912443964,2.862,1.7,buy,False,2022-09-09T14:21:36.539276+00:00
822,4912138166,2.853,30.7,buy,False,2022-09-09T13:42:07.273766+00:00
823,4903621935,2.635,4.6,sell,False,2022-09-08T13:40:38.818183+00:00
824,4903621934,2.635,4.6,sell,False,2022-09-08T13:40:38.818183+00:00
825,4903621933,2.635,4.6,sell,False,2022-09-08T13:40:38.818183+00:00
826,4903568296,2.68,11.5,sell,False,2022-09-08T13:34:57.400436+00:00
827,4903568295,2.68,75.6,sell,False,2022-09-08T13:34:57.400436+00:00
828,4897418765,2.683,29.4,buy,False,2022-09-07T17:02:09.161384+00:00
829,4897354854,2.65,0.7,sell,False,2022-09-07T16:47:27.274758+00:00
830,4897202851,2.653,5.0,sell,False,2022-09-07T16:20:33.262380+00:00
831,4897201063,2.668,211.5,sell,False,2022-09-07T16:20:13.781707+00:00
832,4897200838,2.668,182.7,sell,False,2022-09-07T16:20:10.248187+00:00
833,4897200708,2.668,193.2,sell,False,2022-09-07T16:20:06.282584+00:00
834,4897200494,2.668,180.2,sell,False,2022-09-07T16:20:02.411813+00:00
835,4897200168,2.668,211.9,sell,False,2022-09-07T16:19:58.245794+00:00
836,4897199967,2.668,217.4,sell,False,2022-09-07T16:19:54.087650+00:00
837,4897199838,2.668,200.3,sell,False,2022-09-07T16:19:49.779718+00:00
838,4897199666,2.668,193.4,sell,False,2022-09-07T16:19:45.868101+00:00
839,4897199521,2.668,198.9,sell,False,2022-09-07T16:19:41.979952+00:00
840,4897199364,2.668,220.9,sell,False,2022-09-07T16:19:37.525402+00:00
841,4897199170,2.668,208.7,sell,False,2022-09-07T16:19:33.367235+00:00
842,4897198973,2.668,202.9,sell,False,2022-09-07T16:19:29.392782+00:00
843,4897198806,2.668,223.3,sell,False,2022-09-07T16:19:24.899872+00:00
844,4897198664,2.668,229.2,sell,False,2022-09-07T16:19:19.806729+00:00
845,4897198663,2.669,29.4,sell,False,2022-09-07T16:19:19.806729+00:00
846,4897198427,2.668,198.9,sell,False,2022-09-07T16:19:15.616130+00:00
847,4897198401,2.668,208.1,sell,False,2022-09-07T16:19:14.978764+00:00
848,4897198373,2.668,237.4,sell,False,2022-09-07T16:19:14.425418+00:00
849,4897198359,2.668,229.2,sell,False,2022-09-07T16:19:13.892686+00:00
850,4896194667,2.66,5.0,sell,False,2022-09-07T13:30:08.146590+00:00
851,4896194666,2.66,5.0,sell,False,2022-09-07T13:30:08.146590+00:00
852,4891088032,2.669,0.8,sell,False,2022-09-06T19:21:11.568994+00:00
853,4891087988,2.669,3.6,sell,False,2022-09-06T19:21:11.020518+00:00
854,4891087987,2.669,4.4,sell,False,2022-09-06T19:21:11.020518+00:00
855,4891087986,2.669,4.4,sell,False,2022-09-06T19:21:11.020518+00:00
856,4891087930,2.672,3.8,sell,False,2022-09-06T19:21:10.459802+00:00
857,4888221922,2.692,4.8,sell,False,2022-09-06T14:02:29.057002+00:00
858,4888201942,2.699,4.7,sell,False,2022-09-06T14:01:14.000050+00:00
859,4888201941,2.699,4.7,sell,False,2022-09-06T14:01:14.000050+00:00
860,4888201940,2.702,4.2,sell,False,2022-09-06T14:01:14.000050+00:00
861,4888201939,2.702,4.2,sell,False,2022-09-06T14:01:14.000050+00:00
862,4888201938,2.702,4.2,sell,False,2022-09-06T14:01:14.000050+00:00
863,4888012740,2.73,4.6,sell,False,2022-09-06T13:39:57.325604+00:00
864,4888012739,2.734,4.0,sell,False,2022-09-06T13:39:57.325604+00:00
865,4888012738,2.734,4.0,sell,False,2022-09-06T13:39:57.325604+00:00
866,4888012737,2.734,4.0,sell,False,2022-09-06T13:39:57.325604+00:00
867,4888003861,2.738,4.5,sell,False,2022-09-06T13:38:42.006706+00:00
868,4888003860,2.738,4.5,sell,False,2022-09-06T13:38:42.006706+00:00
869,4887943033,2.761,1.1,sell,False,2022-09-06T13:32:10.601380+00:00
870,4887942987,2.766,3.9,sell,False,2022-09-06T13:32:09.800493+00:00
871,4887942986,2.766,3.9,sell,False,2022-09-06T13:32:09.800493+00:00
872,4887942985,2.766,3.9,sell,False,2022-09-06T13:32:09.800493+00:00
873,4887942984,2.767,4.4,sell,False,2022-09-06T13:32:09.800493+00:00
874,4887942745,2.775,4.4,sell,False,2022-09-06T13:32:06.898255+00:00
875,4887942744,2.775,4.4,sell,False,2022-09-06T13:32:06.898255+00:00
876,4887938196,2.796,3.7,sell,False,2022-09-06T13:31:29.085088+00:00
877,4887938195,2.796,3.7,sell,False,2022-09-06T13:31:29.085088+00:00
878,4887938194,2.796,3.7,sell,False,2022-09-06T13:31:29.085088+00:00
879,4887938193,2.803,4.2,sell,False,2022-09-06T13:31:29.085088+00:00
880,4887937234,2.81,4.2,sell,False,2022-09-06T13:31:24.662515+00:00
881,4887937233,2.81,4.2,sell,False,2022-09-06T13:31:24.662515+00:00
882,4887835107,2.901,0.5,buy,False,2022-09-06T13:09:19.336016+00:00
883,4869006248,2.825,3.6,sell,False,2022-09-02T19:59:33.098248+00:00
884,4869006247,2.825,3.6,sell,False,2022-09-02T19:59:33.098248+00:00
885,4869006246,2.825,3.6,sell,False,2022-09-02T19:59:33.098248+00:00
886,4869001764,2.839,67.9,sell,False,2022-09-02T19:58:20.454809+00:00
887,4869001758,2.839,10.4,sell,False,2022-09-02T19:58:20.283958+00:00
888,4869000596,2.838,4.0,sell,False,2022-09-02T19:58:03.320071+00:00
889,4869000595,2.845,4.0,sell,False,2022-09-02T19:58:03.320071+00:00
890,4869000594,2.845,4.0,sell,False,2022-09-02T19:58:03.320071+00:00
891,4868941461,2.853,3.6,buy,False,2022-09-02T19:46:08.569678+00:00
892,4868941460,2.853,3.6,buy,False,2022-09-02T19:46:08.569376+00:00
893,4868939028,2.853,3.5,buy,False,2022-09-02T19:45:37.047860+00:00
894,4868857255,2.871,3.9,sell,False,2022-09-02T19:33:04.536679+00:00
895,4868857254,2.875,3.5,sell,False,2022-09-02T19:33:04.536679+00:00
896,4868847461,2.879,3.8,sell,False,2022-09-02T19:32:22.715175+00:00
897,4868847460,2.879,3.8,sell,False,2022-09-02T19:32:22.715175+00:00
898,4868425653,2.904,3.7,sell,False,2022-09-02T18:17:53.140709+00:00
899,4868425607,2.912,3.7,sell,False,2022-09-02T18:17:52.560018+00:00
900,4868425606,2.912,3.7,sell,False,2022-09-02T18:17:52.560018+00:00
901,4868334432,2.936,3.6,sell,False,2022-09-02T18:06:48.374996+00:00
902,4868257068,2.944,3.5,sell,False,2022-09-02T17:55:18.456650+00:00
903,4868257067,2.944,3.5,sell,False,2022-09-02T17:55:18.456650+00:00
904,4866733704,2.969,9.7,sell,False,2022-09-02T13:43:33.361457+00:00
905,4866713761,2.984,10.4,buy,False,2022-09-02T13:40:52.043878+00:00
906,4866713593,2.991,68.0,sell,False,2022-09-02T13:40:50.813605+00:00
907,4861906324,3.022,6.7,buy,False,2022-09-01T18:30:45.857409+00:00
908,4861156264,2.968,6.7,sell,False,2022-09-01T16:09:16.734612+00:00
909,4860906573,2.967,3.4,sell,False,2022-09-01T15:22:44.491182+00:00
910,4860775598,2.975,3.4,sell,False,2022-09-01T15:03:32.010199+00:00
911,4860775597,2.975,3.4,sell,False,2022-09-01T15:03:32.010199+00:00
912,4860775596,2.975,3.4,sell,False,2022-09-01T15:03:32.010199+00:00
913,4860677884,3.004,3.4,buy,False,2022-09-01T14:52:43.143503+00:00
914,4860672969,3.004,3.4,buy,False,2022-09-01T14:52:09.692211+00:00
915,4860672957,3.004,3.4,buy,False,2022-09-01T14:52:09.583729+00:00
916,4860653018,2.996,3.4,buy,False,2022-09-01T14:50:39.813350+00:00
917,4860553914,3.004,0.6,sell,False,2022-09-01T14:45:32.545764+00:00
918,4855614739,3.202,25.4,buy,False,2022-08-31T19:54:52.631197+00:00
919,4854967348,3.156,3.4,buy,False,2022-08-31T17:45:50.763241+00:00
920,4854094829,3.109,11.3,sell,False,2022-08-31T15:08:36.005452+00:00
921,4853367888,3.189,14.2,buy,False,2022-08-31T13:29:09.095848+00:00
922,4841463033,3.296,0.9,buy,False,2022-08-29T21:14:19.161224+00:00
923,4840390006,3.282,0.6,buy,False,2022-08-29T16:29:50.300486+00:00
924,4839127993,3.258,8.2,buy,False,2022-08-29T13:36:05.107320+00:00
925,4839120710,3.233,16.0,buy,False,2022-08-29T13:35:16.250483+00:00
926,4837991237,3.086,24.2,sell,False,2022-08-29T09:31:53.808236+00:00
927,4837990446,3.134,23.8,buy,False,2022-08-29T09:31:39.131201+00:00
928,4837981154,3.111,9.5,sell,False,2022-08-29T09:29:51.299372+00:00
929,4837981106,3.111,14.3,sell,False,2022-08-29T09:29:50.687022+00:00
930,4827805679,3.137,8.2,sell,False,2022-08-27T12:32:15.965342+00:00
931,4827805678,3.141,92.8,sell,False,2022-08-27T12:32:15.965342+00:00
932,4823734097,3.207,0.4,sell,False,2022-08-26T19:48:15.060212+00:00
933,4818774153,3.399,12.0,buy,False,2022-08-26T09:47:04.215571+00:00
934,4814863769,3.374,0.3,buy,False,2022-08-25T16:05:12.248062+00:00
935,4814863151,3.347,2.2,buy,False,2022-08-25T16:05:05.895842+00:00
936,4814783730,3.285,26.7,buy,False,2022-08-25T15:49:51.139205+00:00
937,4814781047,3.272,9.2,buy,False,2022-08-25T15:49:12.824627+00:00
938,4814781029,3.272,17.6,buy,False,2022-08-25T15:49:12.273877+00:00
939,4814780229,3.241,27.1,buy,False,2022-08-25T15:48:59.717984+00:00
940,4814030476,3.224,7.4,buy,False,2022-08-25T13:36:02.895427+00:00
941,4814030441,3.224,12.5,buy,False,2022-08-25T13:36:02.355084+00:00
942,4813897352,3.206,4.6,buy,False,2022-08-25T13:08:18.053258+00:00
943,4807512938,3.044,23.7,buy,False,2022-08-24T11:49:00.289968+00:00
944,4806766965,3.223,0.6,buy,False,2022-08-24T08:26:16.354895+00:00
945,4802162434,3.08,6.5,buy,False,2022-08-23T14:10:38.279006+00:00
946,4801558470,3.08,0.6,buy,False,2022-08-23T12:45:35.547640+00:00
947,4801536946,3.08,0.3,buy,False,2022-08-23T12:41:22.563424+00:00
948,4799947034,3.0,24.3,sell,False,2022-08-23T08:00:02.217025+00:00
949,4796020277,2.959,3.9,sell,False,2022-08-22T19:32:40.538848+00:00
950,4796020276,2.959,1.0,sell,False,2022-08-22T19:32:40.538848+00:00
951,4793780162,2.978,4.1,sell,False,2022-08-22T13:36:07.581261+00:00
952,4793763609,2.993,4.0,sell,False,2022-08-22T13:35:02.068556+00:00
953,4793763608,2.994,3.7,sell,False,2022-08-22T13:35:02.068556+00:00
954,4793763607,2.994,4.0,sell,False,2022-08-22T13:35:02.068556+00:00
955,4793745545,3.016,3.9,sell,False,2022-08-22T13:33:28.853006+00:00
956,4793744265,3.028,3.6,sell,False,2022-08-22T13:33:25.720609+00:00
957,4793741562,3.032,3.9,sell,False,2022-08-22T13:33:12.964383+00:00
958,4793741561,3.033,3.9,sell,False,2022-08-22T13:33:12.964383+00:00
959,4793738806,3.044,3.3,sell,False,2022-08-22T13:32:58.950849+00:00
960,4792566855,3.053,3.7,sell,False,2022-08-22T09:52:38.047447+00:00
961,4792566854,3.061,3.4,sell,False,2022-08-22T09:52:38.047447+00:00
962,4791798257,3.07,3.7,sell,False,2022-08-22T08:07:39.976529+00:00
963,4791798256,3.071,3.7,sell,False,2022-08-22T08:07:39.976529+00:00
964,4791691333,3.09,3.6,sell,False,2022-08-22T08:00:47.552393+00:00
965,4791691209,3.093,3.3,sell,False,2022-08-22T08:00:46.996770+00:00
966,4785348174,3.095,16.0,sell,False,2022-08-21T08:49:47.010451+00:00
967,4785340740,3.099,16.0,sell,False,2022-08-21T08:48:22.918782+00:00
968,4785241922,3.123,32.0,buy,False,2022-08-21T08:28:10.975114+00:00
969,4778582414,3.124,3.3,buy,False,2022-08-20T08:58:38.588999+00:00
970,4775513377,3.102,29.0,sell,False,2022-08-19T23:14:34.676156+00:00
971,4775513376,3.106,3.6,sell,False,2022-08-19T23:14:34.676156+00:00
972,4775513375,3.107,3.6,sell,False,2022-08-19T23:14:34.676156+00:00
973,4773970900,3.125,3.4,sell,False,2022-08-19T19:49:42.345494+00:00
974,4773839774,3.141,3.4,sell,False,2022-08-19T19:25:40.495436+00:00
975,4773839773,3.142,3.4,sell,False,2022-08-19T19:25:40.495436+00:00
976,4773200779,3.175,1.5,sell,False,2022-08-19T17:41:32.621463+00:00
977,4772237701,3.176,3.3,sell,False,2022-08-19T15:18:10.352022+00:00
978,4772237700,3.177,3.3,sell,False,2022-08-19T15:18:10.352022+00:00
979,4771683570,3.209,3.2,sell,False,2022-08-19T13:50:01.760388+00:00
980,4771683569,3.21,3.2,sell,False,2022-08-19T13:50:01.760388+00:00
981,4769602030,3.241,3.1,buy,False,2022-08-19T09:30:42.796128+00:00
982,4769601344,3.242,3.1,buy,False,2022-08-19T09:30:36.255997+00:00
983,4769582194,3.183,22.9,buy,False,2022-08-19T09:27:24.930926+00:00
984,4769558304,3.159,3.3,sell,False,2022-08-19T09:24:03.213341+00:00
985,4769555556,3.185,3.2,sell,False,2022-08-19T09:23:31.358314+00:00
986,4769555555,3.192,3.2,sell,False,2022-08-19T09:23:31.358314+00:00
987,4769549322,3.209,5.7,sell,False,2022-08-19T09:22:43.324801+00:00
988,4769536256,3.22,0.6,sell,False,2022-08-19T09:20:55.058040+00:00
989,4769370807,3.224,3.2,buy,False,2022-08-19T08:56:07.981151+00:00
990,4769339056,3.268,22.9,sell,False,2022-08-19T08:50:28.524881+00:00
991,4769300679,3.301,22.7,buy,False,2022-08-19T08:44:52.219859+00:00
992,4769249120,3.267,22.7,sell,False,2022-08-19T08:38:32.435583+00:00
993,4769241743,3.276,22.6,buy,False,2022-08-19T08:37:39.921006+00:00
994,4769234230,3.276,22.6,sell,False,2022-08-19T08:36:59.828976+00:00
995,4769094026,3.273,5.5,sell,False,2022-08-19T08:23:54.182995+00:00
996,4769080869,3.304,22.4,buy,False,2022-08-19T08:22:11.246306+00:00
997,4769079718,3.289,22.4,sell,False,2022-08-19T08:21:56.731273+00:00
998,4769035649,3.303,22.3,buy,False,2022-08-19T08:15:36.166051+00:00
999,4769035013,3.292,22.3,sell,False,2022-08-19T08:15:29.195053+00:00
1000,4762122315,3.394,9.0,buy,False,2022-08-18T15:31:57.222900+00:00
1001,4761788272,3.303,3.1,sell,False,2022-08-18T14:33:07.125633+00:00
1002,4761665915,3.322,5.5,sell,False,2022-08-18T14:13:17.885139+00:00
1003,4761665914,3.324,3.1,sell,False,2022-08-18T14:13:17.885139+00:00
1004,4761508118,3.359,3.0,sell,False,2022-08-18T13:43:45.238058+00:00
1005,4761503290,3.392,3.0,buy,False,2022-08-18T13:42:36.822306+00:00
1006,4761452669,3.36,5.4,sell,False,2022-08-18T13:35:02.290702+00:00
1007,4761449005,3.388,5.4,sell,False,2022-08-18T13:34:34.854724+00:00
1008,4761435772,3.411,5.3,sell,False,2022-08-18T13:33:08.893966+00:00
1009,4761431446,3.426,3.5,buy,False,2022-08-18T13:32:27.116247+00:00
1010,4761416060,3.401,3.0,sell,False,2022-08-18T13:30:17.142774+00:00
1011,4760721793,3.488,0.5,buy,False,2022-08-18T11:11:15.900125+00:00
1012,4760212121,3.475,21.1,buy,False,2022-08-18T09:07:20.990968+00:00
1013,4757776982,3.45,21.1,sell,False,2022-08-17T23:30:16.814148+00:00
1014,4756526182,3.437,0.3,sell,False,2022-08-17T19:39:05.270652+00:00
1015,4756338911,3.482,2.9,sell,False,2022-08-17T19:12:10.100562+00:00
1016,4755019408,3.55,2.9,sell,False,2022-08-17T15:40:27.014103+00:00
1017,4754779097,3.607,2.8,sell,False,2022-08-17T15:03:38.719194+00:00
1018,4754719654,3.654,2.8,sell,False,2022-08-17T14:56:14.889698+00:00
1019,4754660516,3.694,2.8,sell,False,2022-08-17T14:48:36.691944+00:00
1020,4754527295,3.726,2.7,sell,False,2022-08-17T14:32:12.817653+00:00
1021,4754488765,3.754,2.7,sell,False,2022-08-17T14:26:09.705569+00:00
1022,4754487401,3.777,2.7,sell,False,2022-08-17T14:25:54.712054+00:00
1023,4754483758,3.796,2.7,sell,False,2022-08-17T14:25:18.784607+00:00
1024,4754471357,3.735,11.1,sell,False,2022-08-17T14:23:08.431649+00:00
1025,4754414194,3.645,2.8,sell,False,2022-08-17T14:15:00.727152+00:00
1026,4754396170,3.672,2.8,sell,False,2022-08-17T14:12:40.894943+00:00
1027,4754388648,3.694,2.8,sell,False,2022-08-17T14:12:00.021459+00:00
1028,4754380333,3.711,2.7,buy,False,2022-08-17T14:11:02.777898+00:00
1029,4754368275,3.651,22.5,sell,False,2022-08-17T14:09:26.098126+00:00
1030,4754368102,3.669,1.0,buy,False,2022-08-17T14:09:24.846684+00:00
1031,4753875943,3.482,2.9,sell,False,2022-08-17T13:31:52.446814+00:00
1032,4747553259,3.537,2.9,sell,False,2022-08-16T18:39:23.701496+00:00
1033,4747506558,3.583,2.8,sell,False,2022-08-16T18:36:02.867105+00:00
1034,4747472585,3.622,2.8,sell,False,2022-08-16T18:31:19.757501+00:00
1035,4747380674,3.654,2.8,sell,False,2022-08-16T18:15:24.613078+00:00
1036,4747259622,3.681,2.8,sell,False,2022-08-16T17:53:50.779120+00:00
1037,4747258190,3.695,2.8,buy,False,2022-08-16T17:53:26.200183+00:00
1038,4747258050,3.72,2.7,buy,False,2022-08-16T17:53:23.300870+00:00
1039,4747257391,3.718,5.6,sell,False,2022-08-16T17:53:10.254374+00:00
1040,4746910131,3.628,2.8,sell,False,2022-08-16T16:43:43.496482+00:00
1041,4746880897,3.644,2.8,buy,False,2022-08-16T16:39:18.950177+00:00
1042,4746879564,3.643,19.8,sell,False,2022-08-16T16:39:05.620321+00:00
1043,4745773573,3.548,20.6,buy,False,2022-08-16T13:45:40.986146+00:00
1044,4745722183,3.504,2.9,sell,False,2022-08-16T13:38:47.268005+00:00
1045,4745712376,3.55,2.9,sell,False,2022-08-16T13:37:43.426637+00:00
1046,4745662539,3.588,2.8,sell,False,2022-08-16T13:31:09.129075+00:00
1047,4745653856,3.603,8.1,sell,False,2022-08-16T13:30:06.786849+00:00
1048,4745653805,3.603,12.5,sell,False,2022-08-16T13:30:06.248686+00:00
1049,4745614050,3.62,2.8,sell,False,2022-08-16T13:20:41.444144+00:00
1050,4745558134,3.646,2.8,sell,False,2022-08-16T13:08:56.613432+00:00
1051,4745554019,3.668,2.8,sell,False,2022-08-16T13:08:03.845127+00:00
1052,4745285268,3.685,2.8,buy,False,2022-08-16T12:21:25.988292+00:00
1053,4745283670,3.67,5.6,sell,False,2022-08-16T12:21:04.847978+00:00
1054,4745218504,3.644,2.8,sell,False,2022-08-16T12:04:40.123633+00:00
1055,4745184227,3.66,2.8,buy,False,2022-08-16T11:57:57.772308+00:00
1056,4745182429,3.644,14.0,sell,False,2022-08-16T11:57:48.981766+00:00
1057,4739805434,3.578,2.8,sell,False,2022-08-15T16:21:07.080997+00:00
1058,4739728021,3.61,2.8,sell,False,2022-08-15T16:06:11.479941+00:00
1059,4739513198,3.636,2.8,sell,False,2022-08-15T15:24:45.184874+00:00
1060,4739494043,3.658,2.8,sell,False,2022-08-15T15:20:45.093809+00:00
1061,4739489785,3.677,2.8,sell,False,2022-08-15T15:19:47.216168+00:00
1062,4739484462,3.661,8.4,sell,False,2022-08-15T15:18:26.531275+00:00
1063,4739448256,3.621,2.8,sell,False,2022-08-15T15:10:03.436950+00:00
1064,4739440661,3.643,2.8,sell,False,2022-08-15T15:08:54.018730+00:00
1065,4739440040,3.659,2.8,buy,False,2022-08-15T15:08:39.608365+00:00
1066,4739439863,3.652,8.4,sell,False,2022-08-15T15:08:35.670433+00:00
1067,4739415056,3.614,2.8,sell,False,2022-08-15T15:02:26.586008+00:00
1068,4739404658,3.636,2.8,sell,False,2022-08-15T15:00:24.297549+00:00
1069,4739395225,3.652,2.8,buy,False,2022-08-15T14:58:16.647495+00:00
1070,4739395105,3.644,2.8,sell,False,2022-08-15T14:58:13.743018+00:00
1071,4739379613,3.616,2.8,buy,False,2022-08-15T14:54:28.054510+00:00
1072,4739376772,3.61,5.7,sell,False,2022-08-15T14:53:22.744948+00:00
1073,4739371499,3.616,0.3,buy,False,2022-08-15T14:51:51.471857+00:00
1074,4739371144,3.601,1.2,buy,False,2022-08-15T14:51:46.510733+00:00
1075,4739356329,3.558,2.9,sell,False,2022-08-15T14:48:38.881774+00:00
1076,4739341691,3.574,2.8,buy,False,2022-08-15T14:44:26.345808+00:00
1077,4739337233,3.568,5.8,sell,False,2022-08-15T14:43:28.800529+00:00
1078,4739312481,3.535,2.9,sell,False,2022-08-15T14:37:04.620814+00:00
1079,4739303339,3.551,2.9,buy,False,2022-08-15T14:35:23.823368+00:00
1080,4739303135,3.543,14.5,sell,False,2022-08-15T14:35:18.965870+00:00
1081,4739242170,3.462,2.9,sell,False,2022-08-15T14:22:49.176827+00:00
1082,4739186484,3.493,2.9,sell,False,2022-08-15T14:12:02.306754+00:00
1083,4739128341,3.518,2.9,sell,False,2022-08-15T14:02:40.193414+00:00
1084,4739111529,3.54,2.9,sell,False,2022-08-15T14:00:19.602231+00:00
1085,4739063370,3.558,2.9,sell,False,2022-08-15T13:56:20.340700+00:00
1086,4739059464,3.548,2.9,sell,False,2022-08-15T13:55:48.972286+00:00
1087,4739033482,3.516,2.9,buy,False,2022-08-15T13:52:59.220054+00:00
1088,4739032124,3.506,14.6,sell,False,2022-08-15T13:52:43.154816+00:00
1089,4738963890,3.421,3.0,sell,False,2022-08-15T13:42:39.076181+00:00
1090,4738946849,3.452,2.9,sell,False,2022-08-15T13:40:38.407009+00:00
1091,4738944928,3.477,2.9,sell,False,2022-08-15T13:40:15.326598+00:00
1092,4738942362,3.498,2.9,sell,False,2022-08-15T13:39:56.327802+00:00
1093,4738942137,3.516,2.9,sell,False,2022-08-15T13:39:52.326422+00:00
1094,4738934781,3.511,26.5,sell,False,2022-08-15T13:38:49.400516+00:00
1095,4738896492,3.415,5.9,buy,False,2022-08-15T13:33:04.687096+00:00
1096,4718667717,3.382,5.9,buy,False,2022-08-12T14:51:06.191155+00:00
1097,4718206967,3.234,3.1,sell,False,2022-08-12T13:35:00.921380+00:00
1098,4718206966,3.234,3.1,sell,False,2022-08-12T13:35:00.921380+00:00
1099,4717361364,3.289,22.5,buy,False,2022-08-12T11:00:02.844862+00:00
1100,4717331309,3.28,22.5,sell,False,2022-08-12T10:57:04.306888+00:00
1101,4713089171,3.266,3.1,buy,False,2022-08-11T18:59:36.600767+00:00
1102,4713090254,3.266,3.1,buy,False,2022-08-11T18:59:36.576338+00:00
1103,4713039251,3.275,3.1,sell,False,2022-08-11T18:50:31.267621+00:00
1104,4712054988,3.339,3.0,sell,False,2022-08-11T15:51:29.198195+00:00
1105,4711693184,3.393,3.0,sell,False,2022-08-11T15:07:42.890252+00:00
1106,4711491025,3.437,3.0,sell,False,2022-08-11T14:42:24.977849+00:00
1107,4711341704,3.474,2.9,sell,False,2022-08-11T14:27:44.738066+00:00
1108,4711326073,3.505,2.9,sell,False,2022-08-11T14:25:18.930974+00:00
1109,4711213919,3.531,2.9,sell,False,2022-08-11T14:11:34.078880+00:00
1110,4711181504,3.552,2.9,sell,False,2022-08-11T14:08:25.292294+00:00
1111,4711174820,3.568,2.8,buy,False,2022-08-11T14:07:37.784421+00:00
1112,4711176007,3.56,5.7,sell,False,2022-08-11T14:07:32.805772+00:00
1113,4711090470,3.535,2.9,sell,False,2022-08-11T13:56:53.053651+00:00
1114,4711087450,3.551,2.8,buy,False,2022-08-11T13:56:30.202893+00:00
1115,4711081361,3.552,2.9,sell,False,2022-08-11T13:55:31.534935+00:00
1116,4711057615,3.517,2.9,buy,False,2022-08-11T13:51:09.440879+00:00
1117,4711048970,3.503,11.6,sell,False,2022-08-11T13:49:56.946674+00:00
1118,4711018655,3.471,2.9,sell,False,2022-08-11T13:45:43.093394+00:00
1119,4710896043,3.497,2.9,sell,False,2022-08-11T13:31:09.005433+00:00
1120,4710802824,3.518,2.9,sell,False,2022-08-11T13:18:09.338480+00:00
1121,4710709842,3.534,2.9,buy,False,2022-08-11T13:07:24.776504+00:00
1122,4710694330,3.537,31.6,sell,False,2022-08-11T13:05:23.177172+00:00
1123,4701763403,3.371,22.4,buy,False,2022-08-10T12:59:48.757633+00:00
1124,4695899960,3.227,3.6,sell,False,2022-08-09T17:38:08.045986+00:00
1125,4695889418,3.239,3.1,sell,False,2022-08-09T17:35:48.286816+00:00
1126,4695341196,3.267,3.5,sell,False,2022-08-09T15:51:18.653425+00:00
1127,4695341713,3.27,0.6,sell,False,2022-08-09T15:51:18.102024+00:00
1128,4694879803,3.306,3.4,sell,False,2022-08-09T14:31:32.964318+00:00
1129,4694671828,3.335,3.0,sell,False,2022-08-09T14:10:02.164242+00:00
1130,4694600167,3.344,3.2,sell,False,2022-08-09T14:07:55.377646+00:00
1131,4694458630,3.38,3.1,sell,False,2022-08-09T14:00:27.525752+00:00
1132,4694354209,3.416,3.0,sell,False,2022-08-09T13:55:48.314687+00:00
1133,4694281015,3.451,2.9,sell,False,2022-08-09T13:46:10.278403+00:00
1134,4694241742,3.415,3.0,sell,False,2022-08-09T13:38:56.516154+00:00
1135,4694191362,3.482,2.9,sell,False,2022-08-09T13:31:35.248369+00:00
1136,4693566955,3.537,2.9,sell,False,2022-08-09T11:46:46.991207+00:00
1137,4693461952,3.583,2.8,sell,False,2022-08-09T11:33:10.223571+00:00
1138,4692095182,3.622,2.8,sell,False,2022-08-09T08:14:49.721409+00:00
1139,4692038357,3.648,19.6,buy,False,2022-08-09T08:07:02.240800+00:00
1140,4689953090,3.654,2.8,sell,False,2022-08-08T23:59:14.873193+00:00
1141,4689918232,3.681,2.8,sell,False,2022-08-08T23:49:45.146616+00:00
1142,4689907034,3.703,2.8,sell,False,2022-08-08T23:46:06.753637+00:00
1143,4689877485,3.72,2.7,buy,False,2022-08-08T23:37:38.028997+00:00
1144,4689876561,3.702,8.4,sell,False,2022-08-08T23:37:35.456559+00:00
1145,4689711167,3.647,2.8,sell,False,2022-08-08T23:05:11.399946+00:00
1146,4689709553,3.669,2.8,sell,False,2022-08-08T23:04:37.520010+00:00
1147,4689670748,3.686,2.8,buy,False,2022-08-08T22:56:26.115164+00:00
1148,4689671432,3.668,2.8,sell,False,2022-08-08T22:56:23.226373+00:00
1149,4689522503,3.644,2.8,buy,False,2022-08-08T22:29:05.346549+00:00
1150,4689519677,3.617,19.6,sell,False,2022-08-08T22:27:59.455645+00:00
1151,4687993805,3.491,0.3,sell,False,2022-08-08T16:31:58.046950+00:00
1152,4687869419,3.529,2.9,sell,False,2022-08-08T16:13:16.851027+00:00
1153,4687632357,3.576,2.8,sell,False,2022-08-08T15:39:56.332831+00:00
1154,4687523474,3.614,2.8,sell,False,2022-08-08T15:27:20.923864+00:00
1155,4687311775,3.712,1.3,buy,False,2022-08-08T14:56:14.649350+00:00
1156,4687271795,3.646,2.8,sell,False,2022-08-08T14:49:02.458670+00:00
1157,4687254736,3.673,2.8,sell,False,2022-08-08T14:46:31.000860+00:00
1158,4687249903,3.695,2.8,buy,False,2022-08-08T14:45:21.986449+00:00
1159,4687249632,3.712,2.7,buy,False,2022-08-08T14:45:13.814736+00:00
1160,4687244848,3.667,11.2,sell,False,2022-08-08T14:44:28.967539+00:00
1161,4687153492,3.599,2.8,sell,False,2022-08-08T14:27:11.048098+00:00
1162,4687120219,3.626,2.8,sell,False,2022-08-08T14:20:48.337409+00:00
1163,4687109084,3.648,2.8,sell,False,2022-08-08T14:18:38.440333+00:00
1164,4687093069,3.664,2.8,buy,False,2022-08-08T14:14:39.599260+00:00
1165,4687094211,3.665,11.2,sell,False,2022-08-08T14:14:36.786703+00:00
1166,4687073477,3.635,2.8,sell,False,2022-08-08T14:11:14.435435+00:00
1167,4687068018,3.662,2.8,sell,False,2022-08-08T14:10:22.322850+00:00
1168,4687066830,3.684,2.8,sell,False,2022-08-08T14:10:10.639319+00:00
1169,4687054180,3.701,2.8,buy,False,2022-08-08T14:08:17.757023+00:00
1170,4687048520,3.665,5.6,sell,False,2022-08-08T14:07:25.869748+00:00
1171,4686996584,3.623,2.8,sell,False,2022-08-08T13:58:57.862213+00:00
1172,4686992863,3.639,2.8,buy,False,2022-08-08T13:58:28.085063+00:00
1173,4686990773,3.673,0.3,buy,False,2022-08-08T13:57:50.465371+00:00
1174,4686990557,3.657,0.3,buy,False,2022-08-08T13:57:44.231747+00:00
1175,4686988891,3.606,5.8,sell,False,2022-08-08T13:57:31.287160+00:00
1176,4686949140,3.545,2.9,sell,False,2022-08-08T13:50:03.348163+00:00
1177,4686948581,3.563,2.9,sell,False,2022-08-08T13:49:47.115831+00:00
1178,4686946901,3.552,2.9,sell,False,2022-08-08T13:49:26.720454+00:00
1179,4686914844,3.53,2.9,buy,False,2022-08-08T13:43:05.836634+00:00
1180,4686914614,3.506,2.9,sell,False,2022-08-08T13:43:01.382329+00:00
1181,4686895386,3.503,2.9,buy,False,2022-08-08T13:39:56.722016+00:00
1182,4686893684,3.49,3.0,sell,False,2022-08-08T13:39:47.688844+00:00
1183,4686888117,3.478,0.3,buy,False,2022-08-08T13:38:45.248429+00:00
1184,4686887829,3.448,0.4,buy,False,2022-08-08T13:38:38.632640+00:00
1185,4686881165,3.402,3.0,buy,False,2022-08-08T13:37:20.830760+00:00
1186,4686881014,3.385,24.2,sell,False,2022-08-08T13:37:16.602367+00:00
1187,4673222109,3.279,0.4,buy,False,2022-08-05T21:04:22.446965+00:00
1188,4671050068,3.237,3.1,sell,False,2022-08-05T13:36:13.058996+00:00
1189,4670580064,3.289,3.1,sell,False,2022-08-05T12:44:15.600897+00:00
1190,4669995802,3.332,3.1,sell,False,2022-08-05T11:44:36.997822+00:00
1191,4665898277,3.368,3.0,sell,False,2022-08-04T19:58:53.022972+00:00
1192,4665809185,3.398,3.0,sell,False,2022-08-04T19:38:57.468507+00:00
1193,4665763145,3.408,3.6,buy,False,2022-08-04T19:31:08.993274+00:00
1194,4665742233,3.423,3.0,sell,False,2022-08-04T19:25:28.329287+00:00
1195,4665720180,3.443,3.0,sell,False,2022-08-04T19:20:38.335241+00:00
1196,4665715434,3.459,2.9,buy,False,2022-08-04T19:18:59.462971+00:00
1197,4665714213,3.45,3.0,sell,False,2022-08-04T19:18:50.928827+00:00
1198,4665695840,3.417,3.0,buy,False,2022-08-04T19:14:43.939474+00:00
1199,4665695774,3.408,6.0,sell,False,2022-08-04T19:14:40.954731+00:00
1200,4665498010,3.368,3.0,sell,False,2022-08-04T18:36:45.330249+00:00
1201,4665480582,3.383,3.0,buy,False,2022-08-04T18:33:55.600489+00:00
1202,4665481343,3.375,3.0,sell,False,2022-08-04T18:33:53.023974+00:00
1203,4665267964,3.341,3.0,buy,False,2022-08-04T18:05:22.074569+00:00
1204,4665266583,3.333,3.1,sell,False,2022-08-04T18:04:42.932904+00:00
1205,4665137261,3.308,3.1,buy,False,2022-08-04T17:31:33.014259+00:00
1206,4665137220,3.299,18.7,sell,False,2022-08-04T17:31:30.795418+00:00
1207,4664003562,3.211,3.2,sell,False,2022-08-04T14:39:09.155855+00:00
1208,4663941232,3.245,3.1,sell,False,2022-08-04T14:33:22.052655+00:00
1209,4663787764,3.274,3.1,sell,False,2022-08-04T14:16:57.451798+00:00
1210,4663595738,3.298,3.1,sell,False,2022-08-04T13:52:50.058401+00:00
1211,4663590675,3.318,3.1,sell,False,2022-08-04T13:52:31.979388+00:00
1212,4663566475,3.333,3.1,buy,False,2022-08-04T13:50:00.184174+00:00
1213,4663562727,3.325,6.2,sell,False,2022-08-04T13:49:45.847197+00:00
1214,4663516763,3.291,3.1,buy,False,2022-08-04T13:45:23.773166+00:00
1215,4663510776,3.316,3.1,buy,False,2022-08-04T13:45:03.132377+00:00
1216,4663489720,3.3,18.6,sell,False,2022-08-04T13:43:20.372094+00:00
1217,4663367830,3.219,3.2,sell,False,2022-08-04T13:30:06.537986+00:00
1218,4658217149,3.254,3.1,sell,False,2022-08-03T19:17:42.057049+00:00
1219,4657836955,3.274,1.7,sell,False,2022-08-03T17:44:08.007911+00:00
1220,4657832171,3.283,3.1,sell,False,2022-08-03T17:42:53.231465+00:00
1221,4657726049,3.307,3.1,sell,False,2022-08-03T17:21:39.256269+00:00
1222,4657330809,3.325,4.8,buy,False,2022-08-03T16:14:20.651403+00:00
1223,4657206844,3.327,3.1,sell,False,2022-08-03T15:52:25.030293+00:00
1224,4657159887,3.342,3.0,buy,False,2022-08-03T15:43:48.218054+00:00
1225,4657158583,3.333,15.4,sell,False,2022-08-03T15:43:37.012002+00:00
1226,4656707169,3.254,3.1,sell,False,2022-08-03T14:18:55.228734+00:00
1227,4656696252,3.283,3.1,sell,False,2022-08-03T14:17:25.338795+00:00
1228,4656669645,3.307,3.1,sell,False,2022-08-03T14:12:31.430064+00:00
1229,4656654392,3.327,3.1,sell,False,2022-08-03T14:09:50.060213+00:00
1230,4656630378,3.342,3.0,buy,False,2022-08-03T14:06:05.794667+00:00
1231,4656629303,3.333,6.2,sell,False,2022-08-03T14:05:54.982907+00:00
1232,4656534963,3.309,3.1,sell,False,2022-08-03T13:51:51.159859+00:00
1233,4656522712,3.324,3.1,buy,False,2022-08-03T13:50:05.152481+00:00
1234,4656522240,3.317,12.4,sell,False,2022-08-03T13:49:51.420615+00:00
1235,4656454805,3.255,3.1,sell,False,2022-08-03T13:40:07.250435+00:00
1236,4656449635,3.279,3.1,sell,False,2022-08-03T13:38:56.262899+00:00
1237,4656440443,3.299,3.1,sell,False,2022-08-03T13:37:54.186122+00:00
1238,4656438340,3.314,3.1,buy,False,2022-08-03T13:37:28.902967+00:00
1239,4656437880,3.3,18.4,sell,False,2022-08-03T13:37:25.256803+00:00
1240,4656424269,3.23,3.1,sell,False,2022-08-03T13:35:00.678213+00:00
1241,4656413980,3.265,3.1,sell,False,2022-08-03T13:33:36.143519+00:00
1242,4656403390,3.294,3.1,sell,False,2022-08-03T13:32:12.136318+00:00
1243,4656384028,3.318,3.1,sell,False,2022-08-03T13:30:20.831558+00:00
1244,4655492102,3.338,3.0,sell,False,2022-08-03T11:09:40.202882+00:00
1245,4655483988,3.353,3.0,buy,False,2022-08-03T11:08:46.892352+00:00
1246,4655483823,3.331,9.2,sell,False,2022-08-03T11:08:42.952810+00:00
1247,4655277384,3.297,3.1,sell,False,2022-08-03T10:27:03.719938+00:00
1248,4655276318,3.317,3.1,sell,False,2022-08-03T10:27:01.740846+00:00
1249,4655274888,3.332,3.0,buy,False,2022-08-03T10:26:46.241104+00:00
1250,4655275485,3.318,3.1,sell,False,2022-08-03T10:26:42.835695+00:00
1251,4655192021,3.294,3.1,sell,False,2022-08-03T10:06:29.620749+00:00
1252,4655189457,3.278,15.6,sell,False,2022-08-03T10:05:34.954053+00:00
1253,4650148997,3.22,3.2,sell,False,2022-08-02T17:35:39.733677+00:00
1254,4650123860,3.248,3.1,sell,False,2022-08-02T17:32:33.888135+00:00
1255,4650103997,3.272,3.1,sell,False,2022-08-02T17:30:15.542767+00:00
1256,4649784860,3.292,3.1,sell,False,2022-08-02T16:42:38.863512+00:00
1257,4649743541,3.307,3.1,buy,False,2022-08-02T16:39:19.017531+00:00
1258,4649740543,3.3,9.3,sell,False,2022-08-02T16:39:09.361109+00:00
1259,4649635819,3.245,3.1,sell,False,2022-08-02T16:28:49.793252+00:00
1260,4649558110,3.265,3.1,sell,False,2022-08-02T16:22:38.506836+00:00
1261,4649547153,3.282,3.1,sell,False,2022-08-02T16:21:37.629366+00:00
1262,4649524011,3.275,6.2,sell,False,2022-08-02T16:20:19.250923+00:00
1263,4649384761,3.242,3.1,sell,False,2022-08-02T16:04:35.620608+00:00
1264,4649383549,3.257,3.1,buy,False,2022-08-02T16:04:18.060023+00:00
1265,4649379019,3.25,24.8,sell,False,2022-08-02T16:04:01.316846+00:00
1266,4649253765,3.19,10.0,buy,False,2022-08-02T15:47:30.232626+00:00
1267,4614555128,3.016,18.1,buy,False,2022-07-29T10:35:05.923199+00:00
1268,4614552426,2.998,18.1,sell,False,2022-07-29T10:34:13.169295+00:00
1269,4614413396,3.016,24.2,buy,False,2022-07-29T10:09:32.062987+00:00
1270,4614408856,3.008,24.2,sell,False,2022-07-29T10:09:10.286307+00:00
1271,4604531441,2.69,27.1,buy,False,2022-07-28T12:17:43.565821+00:00
1272,4604325753,2.702,27.1,sell,False,2022-07-28T11:44:45.644255+00:00
1273,4604269901,2.698,27.1,buy,False,2022-07-28T11:37:06.692013+00:00
1274,4604233850,2.701,27.1,sell,False,2022-07-28T11:29:36.384925+00:00
1275,4604211115,2.715,27.0,buy,False,2022-07-28T11:23:49.494935+00:00
1276,4604159986,2.793,27.0,sell,False,2022-07-28T11:11:01.246459+00:00
1277,4604141958,2.793,27.0,buy,False,2022-07-28T11:06:17.605008+00:00
1278,4603403301,2.832,27.0,sell,False,2022-07-28T08:44:02.402236+00:00
1279,4603401799,2.811,27.2,buy,False,2022-07-28T08:43:42.597955+00:00
1280,4603329233,2.832,27.2,sell,False,2022-07-28T08:29:13.399400+00:00
1281,4603325747,2.785,27.6,buy,False,2022-07-28T08:27:54.544556+00:00
1282,4603313847,2.807,27.6,sell,False,2022-07-28T08:25:38.067058+00:00
1283,4603296024,2.785,27.8,buy,False,2022-07-28T08:21:13.716077+00:00
1284,4603250089,2.806,27.8,sell,False,2022-07-28T08:12:44.421866+00:00
1285,4603248668,2.768,28.2,buy,False,2022-07-28T08:12:30.595547+00:00
1286,4603189913,2.826,28.2,sell,False,2022-07-28T08:00:35.488457+00:00
1287,4600671548,2.82,28.3,buy,False,2022-07-27T23:53:58.492746+00:00
1288,4596077171,2.789,2.2,sell,False,2022-07-27T13:59:10.473634+00:00
1289,4595922185,2.816,12.8,sell,False,2022-07-27T13:36:54.754412+00:00
1290,4595341868,2.882,12.5,buy,False,2022-07-27T11:30:31.636887+00:00
1291,4595229548,2.901,28.0,sell,False,2022-07-27T10:48:02.188747+00:00
1292,4595226859,2.899,28.0,buy,False,2022-07-27T10:46:50.388613+00:00
1293,4595174089,2.902,28.0,sell,False,2022-07-27T10:29:12.222388+00:00
1294,4594921324,2.876,28.3,buy,False,2022-07-27T09:07:46.480010+00:00
1295,4594670267,2.873,28.3,sell,False,2022-07-27T08:00:04.229212+00:00
1296,4590632814,2.918,27.8,buy,False,2022-07-26T15:26:11.115877+00:00
1297,4589616188,2.978,27.8,sell,False,2022-07-26T12:05:02.733523+00:00
1298,4589213979,3.017,27.5,buy,False,2022-07-26T10:04:52.647177+00:00
1299,4589115817,3.003,27.5,sell,False,2022-07-26T09:28:33.895673+00:00
1300,4589098922,2.99,27.6,buy,False,2022-07-26T09:22:43.807207+00:00
1301,4589083862,2.992,27.6,sell,False,2022-07-26T09:17:10.652790+00:00
1302,4589055998,2.981,27.7,buy,False,2022-07-26T09:07:59.100280+00:00
1303,4588988927,2.969,27.2,sell,False,2022-07-26T08:45:56.783113+00:00
1304,4584281625,2.923,2.7,buy,False,2022-07-25T15:16:19.704141+00:00
1305,4584279042,2.915,12.5,buy,False,2022-07-25T15:16:03.448642+00:00
1306,4584279000,2.915,12.5,buy,False,2022-07-25T15:16:02.836311+00:00
1307,4584145207,2.904,3.2,sell,False,2022-07-25T14:47:27.638545+00:00
1308,4584145201,2.904,12.5,sell,False,2022-07-25T14:47:27.089759+00:00
1309,4584143639,2.904,12.5,sell,False,2022-07-25T14:47:26.540419+00:00
1310,4583907988,2.906,2.0,buy,False,2022-07-25T14:11:49.361088+00:00
1311,4583904026,2.898,13.1,buy,False,2022-07-25T14:10:45.701054+00:00
1312,4583904004,2.898,13.1,buy,False,2022-07-25T14:10:45.170106+00:00
1313,4583863614,2.887,3.2,sell,False,2022-07-25T14:03:42.892676+00:00
1314,4583863594,2.887,12.5,sell,False,2022-07-25T14:03:42.334853+00:00
1315,4583862997,2.887,12.5,sell,False,2022-07-25T14:03:41.736366+00:00
1316,4583037414,2.97,1.4,buy,False,2022-07-25T10:50:16.812299+00:00
1317,4582970589,2.955,13.1,buy,False,2022-07-25T10:28:58.070121+00:00
1318,4582969955,2.955,13.1,buy,False,2022-07-25T10:28:57.521087+00:00
1319,4582940040,2.943,27.6,sell,False,2022-07-25T10:18:50.636967+00:00
1320,4582866436,2.945,2.5,buy,False,2022-07-25T09:57:51.488628+00:00
1321,4582866425,2.945,25.1,buy,False,2022-07-25T09:57:50.929868+00:00
1322,4582856297,2.949,27.6,sell,False,2022-07-25T09:54:10.059222+00:00
1323,4582764257,2.937,27.7,buy,False,2022-07-25T09:20:23.663167+00:00
1324,4582711349,2.961,27.7,sell,False,2022-07-25T09:05:28.426817+00:00
1325,4566343616,2.927,28.0,buy,False,2022-07-22T16:47:37.258443+00:00
1326,4566105610,2.919,2.1,sell,False,2022-07-22T16:10:40.972747+00:00
1327,4565364427,3.026,2.0,sell,False,2022-07-22T14:28:10.060797+00:00
1328,4565263391,3.087,28.0,sell,False,2022-07-22T14:12:41.283504+00:00
1329,4564989386,3.12,27.7,buy,False,2022-07-22T13:48:00.147093+00:00
1330,4564941049,3.101,27.7,sell,False,2022-07-22T13:40:40.957098+00:00
1331,4564236509,3.154,27.2,buy,False,2022-07-22T11:25:33.019579+00:00
1332,4563189682,3.165,27.2,sell,False,2022-07-22T08:01:53.624542+00:00
1333,4560613417,3.116,2.0,sell,False,2022-07-21T22:02:34.833402+00:00
1334,4559728403,3.272,0.4,buy,False,2022-07-21T18:38:43.791810+00:00
1335,4559728402,3.272,17.9,buy,False,2022-07-21T18:38:43.791122+00:00
1336,4559728386,3.272,17.9,buy,False,2022-07-21T18:38:43.201682+00:00
1337,4559729684,3.272,17.9,buy,False,2022-07-21T18:38:42.672084+00:00
1338,4559431094,3.151,7.2,sell,False,2022-07-21T17:35:45.433085+00:00
1339,4559431865,3.151,24.9,sell,False,2022-07-21T17:35:44.883680+00:00
1340,4558080052,3.189,11.9,buy,False,2022-07-21T14:26:32.649153+00:00
1341,4558079930,3.189,15.1,buy,False,2022-07-21T14:26:32.119744+00:00
1342,4558065499,3.184,5.7,sell,False,2022-07-21T14:25:54.736062+00:00
1343,4558065391,3.184,21.3,sell,False,2022-07-21T14:25:54.192085+00:00
1344,4558039350,3.243,11.5,sell,False,2022-07-21T14:21:19.477891+00:00
1345,4558035997,3.316,0.2,buy,False,2022-07-21T14:21:02.450312+00:00
1346,4558033899,3.324,10.4,buy,False,2022-07-21T14:20:47.892145+00:00
1347,4558027682,3.33,25.8,buy,False,2022-07-21T14:20:15.313059+00:00
1348,4558026574,3.292,12.6,sell,False,2022-07-21T14:20:08.652633+00:00
1349,4558026562,3.292,13.2,sell,False,2022-07-21T14:20:08.110298+00:00
1350,4558026051,3.267,11.0,buy,False,2022-07-21T14:19:58.978815+00:00
1351,4557925676,3.162,26.9,buy,False,2022-07-21T14:04:49.301401+00:00
1352,4557925390,3.157,0.1,sell,False,2022-07-21T14:04:41.979142+00:00
1353,4557925361,3.157,13.4,sell,False,2022-07-21T14:04:41.496002+00:00
1354,4557925237,3.157,13.4,sell,False,2022-07-21T14:04:41.375388+00:00
1355,4557918934,3.191,1.9,sell,False,2022-07-21T14:03:42.856713+00:00
1356,4557913058,3.198,11.0,buy,False,2022-07-21T14:02:39.456698+00:00
1357,4557848781,3.229,26.3,buy,False,2022-07-21T13:51:15.746944+00:00
1358,4557835299,3.216,12.6,sell,False,2022-07-21T13:49:08.745365+00:00
1359,4557834257,3.216,13.7,sell,False,2022-07-21T13:49:08.177967+00:00
1360,4557816734,3.221,26.3,buy,False,2022-07-21T13:46:14.677460+00:00
1361,4557784798,3.316,26.3,sell,False,2022-07-21T13:41:46.682407+00:00
1362,4557770420,3.238,26.9,buy,False,2022-07-21T13:39:39.602205+00:00
1363,4557766899,3.227,1.9,sell,False,2022-07-21T13:39:08.328136+00:00
1364,4557754773,3.253,1.9,sell,False,2022-07-21T13:37:37.680885+00:00
1365,4557749344,3.266,12.5,sell,False,2022-07-21T13:37:08.051879+00:00
1366,4557749299,3.266,12.5,sell,False,2022-07-21T13:37:07.544312+00:00
1367,4557741759,3.305,26.6,buy,False,2022-07-21T13:36:32.163612+00:00
1368,4557733381,3.305,1.9,sell,False,2022-07-21T13:35:41.114653+00:00
1369,4557730769,3.327,11.4,sell,False,2022-07-21T13:35:25.121512+00:00
1370,4557730385,3.348,1.8,sell,False,2022-07-21T13:35:19.102853+00:00
1371,4557697102,3.384,1.8,sell,False,2022-07-21T13:32:20.297403+00:00
1372,4557695374,3.393,15.2,sell,False,2022-07-21T13:32:05.588481+00:00
1373,4557696312,3.414,1.8,sell,False,2022-07-21T13:32:05.042372+00:00
1374,4557633538,3.433,26.0,buy,False,2022-07-21T13:21:09.896645+00:00
1375,4557604607,3.439,1.8,sell,False,2022-07-21T13:16:36.586679+00:00
1376,4557592953,3.46,1.8,sell,False,2022-07-21T13:14:36.131174+00:00
1377,4557588294,3.476,1.8,buy,False,2022-07-21T13:13:31.541554+00:00
1378,4557587537,3.462,3.6,sell,False,2022-07-21T13:13:19.928411+00:00
1379,4557551716,3.417,1.8,buy,False,2022-07-21T13:06:23.117763+00:00
1380,4557551393,3.41,26.0,sell,False,2022-07-21T13:06:14.841094+00:00
1381,4557548511,3.45,1.8,buy,False,2022-07-21T13:06:05.793521+00:00
1382,4557549377,3.453,1.8,sell,False,2022-07-21T13:05:58.224933+00:00
1383,4557542023,3.434,1.8,buy,False,2022-07-21T13:04:24.580160+00:00
1384,4557537165,3.412,1.8,sell,False,2022-07-21T13:03:43.060066+00:00
1385,4557506258,3.375,1.8,buy,False,2022-07-21T12:57:19.235984+00:00
1386,4557506197,3.361,7.4,sell,False,2022-07-21T12:57:16.252897+00:00
1387,4557190792,3.307,1.9,sell,False,2022-07-21T12:05:04.754557+00:00
1388,4557133523,3.332,1.9,sell,False,2022-07-21T11:52:31.001033+00:00
1389,4557110871,3.352,1.8,sell,False,2022-07-21T11:47:29.885260+00:00
1390,4556926323,3.367,1.8,buy,False,2022-07-21T11:20:55.802798+00:00
1391,4556924542,3.353,5.5,sell,False,2022-07-21T11:20:37.433052+00:00
1392,4556900925,3.323,26.7,buy,False,2022-07-21T11:17:00.469414+00:00
1393,4556892538,3.315,1.9,buy,False,2022-07-21T11:16:06.412018+00:00
1394,4556892281,3.335,1.8,sell,False,2022-07-21T11:16:04.662808+00:00
1395,4556892280,3.338,26.7,sell,False,2022-07-21T11:16:04.662808+00:00
1396,4556806485,3.35,1.8,buy,False,2022-07-21T11:03:16.249537+00:00
1397,4556802347,3.336,13.0,sell,False,2022-07-21T11:02:51.096080+00:00
1398,4556299691,3.279,6.2,sell,True,2022-07-21T09:04:55.425121+00:00
1399,4552204634,3.224,1.9,sell,False,2022-07-20T20:21:04.711663+00:00
1400,4550798433,3.28,27.2,buy,False,2022-07-20T16:58:57.645286+00:00
1401,4550765668,3.249,2.2,sell,False,2022-07-20T16:53:29.970214+00:00
1402,4550764459,3.249,12.5,sell,False,2022-07-20T16:53:29.410136+00:00
1403,4550765517,3.249,12.5,sell,False,2022-07-20T16:53:28.882282+00:00
1404,4550690675,3.266,1.9,sell,False,2022-07-20T16:46:16.248952+00:00
1405,4550554416,3.302,1.9,sell,False,2022-07-20T16:36:59.618112+00:00
1406,4550474013,3.331,1.9,sell,False,2022-07-20T16:30:00.953263+00:00
1407,4550228325,3.355,1.8,sell,False,2022-07-20T15:59:25.499524+00:00
1408,4550226744,3.376,1.8,sell,False,2022-07-20T15:59:10.645938+00:00
1409,4550172419,3.391,1.8,buy,False,2022-07-20T15:47:54.129786+00:00
1410,4550171727,3.376,9.1,sell,False,2022-07-20T15:47:51.203423+00:00
1411,4550133006,3.373,26.2,buy,False,2022-07-20T15:39:25.105594+00:00
1412,4550126865,3.366,26.2,sell,False,2022-07-20T15:37:50.984787+00:00
1413,4550032752,3.339,0.6,buy,False,2022-07-20T15:22:01.910410+00:00
1414,4550033358,3.339,25.8,buy,False,2022-07-20T15:22:01.358246+00:00
1415,4550013429,3.327,1.9,sell,False,2022-07-20T15:18:09.231946+00:00
1416,4549993629,3.342,0.2,sell,False,2022-07-20T15:15:31.300731+00:00
1417,4549993612,3.342,13.1,sell,False,2022-07-20T15:15:30.784333+00:00
1418,4549993593,3.342,13.1,sell,False,2022-07-20T15:15:30.227286+00:00
1419,4549993502,3.356,1.8,sell,False,2022-07-20T15:15:28.721433+00:00
1420,4549962726,3.381,1.8,sell,False,2022-07-20T15:10:23.809179+00:00
