,id,price,size,side,liquidation,time
0,5400613837,65.51,2.745,sell,False,2022-11-10T08:16:29.816880+00:00
1,5400613836,65.515,0.475,sell,False,2022-11-10T08:16:29.816880+00:00
2,5400607445,65.515,3.0,sell,False,2022-11-10T08:15:41.699533+00:00
3,5400323707,115.0,2.935,buy,False,2022-11-10T07:41:12.404994+00:00
4,5400323706,114.0,0.5,buy,False,2022-11-10T07:41:12.404994+00:00
5,5400313884,100.0,1.315,buy,False,2022-11-10T07:40:01.052298+00:00
6,5400254068,100.0,0.2,buy,False,2022-11-10T07:31:39.253679+00:00
7,5400254067,100.0,4.625,buy,False,2022-11-10T07:31:39.253679+00:00
8,5400233343,115.0,0.865,buy,False,2022-11-10T07:28:23.165717+00:00
9,5400148693,120.0,0.14,buy,False,2022-11-10T07:18:59.727726+00:00
10,5400131792,120.0,65.235,buy,False,2022-11-10T07:17:23.876549+00:00
11,5400131791,119.995,1.7,buy,False,2022-11-10T07:17:23.876549+00:00
12,5400131790,118.8,1.0,buy,False,2022-11-10T07:17:23.876549+00:00
13,5400128287,110.0,0.02,buy,False,2022-11-10T07:16:55.653044+00:00
14,5400116033,95.65,0.185,sell,False,2022-11-10T07:15:54.195045+00:00
15,5400111802,79.71,1.88,buy,False,2022-11-10T07:15:30.716838+00:00
16,5400079849,100.0,0.01,sell,False,2022-11-10T07:12:06.919358+00:00
17,5400079848,105.0,0.155,sell,False,2022-11-10T07:12:06.919358+00:00
18,5399985258,105.0,0.5,sell,False,2022-11-10T07:01:44.365667+00:00
19,5399967179,118.795,0.2,buy,False,2022-11-10T06:59:52.307164+00:00
20,5399949043,105.0,9.98,sell,False,2022-11-10T06:57:37.347170+00:00
21,5399943717,105.0,1.0,sell,False,2022-11-10T06:56:44.893445+00:00
22,5399918601,105.0,1.0,sell,False,2022-11-10T06:53:38.829121+00:00
23,5399873635,84.6,1.0,sell,False,2022-11-10T06:48:13.284734+00:00
24,5399764892,70.0,1.0,sell,False,2022-11-10T06:38:08.219331+00:00
25,5399760403,70.0,16.145,sell,False,2022-11-10T06:37:39.965079+00:00
26,5399689172,58.06,0.34,sell,False,2022-11-10T06:30:03.849104+00:00
27,5399689171,58.8,0.1,sell,False,2022-11-10T06:30:03.849104+00:00
28,5399689170,58.85,1.0,sell,False,2022-11-10T06:30:03.849104+00:00
29,5399689169,58.955,0.165,sell,False,2022-11-10T06:30:03.849104+00:00
30,5399689168,59.0,1.0,sell,False,2022-11-10T06:30:03.849104+00:00
31,5399689167,59.1,1.1,sell,False,2022-11-10T06:30:03.849104+00:00
32,5399689166,59.26,1.0,sell,False,2022-11-10T06:30:03.849104+00:00
33,5399689165,59.56,1.0,sell,False,2022-11-10T06:30:03.849104+00:00
34,5399689164,59.86,1.0,sell,False,2022-11-10T06:30:03.849104+00:00
35,5399689163,60.0,1.665,sell,False,2022-11-10T06:30:03.849104+00:00
36,5399689162,60.1,1.1,sell,False,2022-11-10T06:30:03.849104+00:00
37,5399689161,60.1,0.5,sell,False,2022-11-10T06:30:03.849104+00:00
38,5399689160,60.18,1.0,sell,False,2022-11-10T06:30:03.849104+00:00
39,5399689159,60.18,0.02,sell,False,2022-11-10T06:30:03.849104+00:00
40,5399689158,60.3,1.0,sell,False,2022-11-10T06:30:03.849104+00:00
41,5399689157,60.5,0.7,sell,False,2022-11-10T06:30:03.849104+00:00
42,5399689156,60.51,1.0,sell,False,2022-11-10T06:30:03.849104+00:00
43,5399689155,60.6,2.0,sell,False,2022-11-10T06:30:03.849104+00:00
44,5399689154,60.6,1.6,sell,False,2022-11-10T06:30:03.849104+00:00
45,5399689153,60.6,1.0,sell,False,2022-11-10T06:30:03.849104+00:00
46,5399689152,60.6,1.0,sell,False,2022-11-10T06:30:03.849104+00:00
47,5399689151,66.0,70.015,sell,False,2022-11-10T06:30:03.849104+00:00
48,5399689150,70.0,1.285,sell,False,2022-11-10T06:30:03.849104+00:00
49,5399689149,70.0,28.39,sell,False,2022-11-10T06:30:03.849104+00:00
50,5399689148,70.0,5.745,sell,False,2022-11-10T06:30:03.849104+00:00
51,5399689147,70.06,1.0,sell,False,2022-11-10T06:30:03.849104+00:00
52,5399689146,70.5,62.03,sell,False,2022-11-10T06:30:03.849104+00:00
53,5399506237,70.1,0.825,sell,False,2022-11-10T06:07:11.044001+00:00
54,5399506236,70.105,1.9,sell,False,2022-11-10T06:07:11.044001+00:00
55,5399442514,80.0,2.725,buy,False,2022-11-10T05:56:46.505228+00:00
56,5398963910,100.0,0.01,sell,False,2022-11-10T04:55:40.504706+00:00
57,5398937147,100.0,1.055,sell,False,2022-11-10T04:50:13.517722+00:00
58,5398886051,100.0,7.825,sell,False,2022-11-10T04:39:03.190858+00:00
59,5398836142,100.0,1.0,buy,False,2022-11-10T04:28:40.914155+00:00
60,5398769036,110.0,0.015,buy,False,2022-11-10T04:16:00.960759+00:00
61,5398759802,98.0,0.03,buy,False,2022-11-10T04:14:03.987945+00:00
62,5398739238,88.0,0.02,buy,False,2022-11-10T04:10:12.888272+00:00
63,5398613173,80.98,3.635,buy,False,2022-11-10T03:47:02.996769+00:00
64,5398476570,101.22,199.885,buy,False,2022-11-10T03:30:10.710103+00:00
65,5398149779,176.715,0.005,buy,False,2022-11-10T02:45:17.165601+00:00
66,5398149520,176.9,2.73,buy,False,2022-11-10T02:45:13.911190+00:00
67,5398147766,159.65,1.0,buy,False,2022-11-10T02:44:48.159795+00:00
68,5398147765,159.65,8.345,buy,False,2022-11-10T02:44:48.159795+00:00
69,5398145169,142.2,8.345,buy,False,2022-11-10T02:44:19.791980+00:00
70,5398145168,142.0,6.6,buy,False,2022-11-10T02:44:19.791980+00:00
71,5398145167,138.8,1.0,buy,False,2022-11-10T02:44:19.791980+00:00
72,5398145166,134.0,82.91,buy,False,2022-11-10T02:44:19.791980+00:00
73,5398145165,128.8,1.0,buy,False,2022-11-10T02:44:19.791980+00:00
74,5398145164,126.6,0.575,buy,False,2022-11-10T02:44:19.791980+00:00
75,5398145163,120.0,0.125,buy,False,2022-11-10T02:44:19.791980+00:00
76,5398145162,120.0,3.0,buy,False,2022-11-10T02:44:19.791980+00:00
77,5398145161,120.0,13.695,buy,False,2022-11-10T02:44:19.791980+00:00
78,5398138562,120.0,1.0,buy,False,2022-11-10T02:42:49.413980+00:00
79,5398127180,118.8,0.245,buy,False,2022-11-10T02:40:27.165803+00:00
80,5398126388,118.8,0.755,buy,False,2022-11-10T02:40:15.016758+00:00
81,5398126387,100.0,0.245,buy,False,2022-11-10T02:40:15.016758+00:00
82,5398125516,100.0,2.0,buy,False,2022-11-10T02:40:06.195148+00:00
83,5398123581,100.0,2.0,buy,False,2022-11-10T02:39:47.026732+00:00
84,5398122767,100.0,2.0,buy,False,2022-11-10T02:39:39.452559+00:00
85,5398115487,85.92,0.125,sell,False,2022-11-10T02:38:13.585450+00:00
86,5398114305,100.0,2.0,buy,False,2022-11-10T02:37:57.509841+00:00
87,5398112522,100.0,18.0,buy,False,2022-11-10T02:37:36.597531+00:00
88,5398047314,71.6,1.835,buy,False,2022-11-10T02:27:29.507931+00:00
89,5398046299,71.6,3.015,buy,False,2022-11-10T02:27:14.593654+00:00
90,5398042577,89.495,1.255,buy,False,2022-11-10T02:26:24.604778+00:00
91,5398026503,116.15,0.38,buy,False,2022-11-10T02:23:06.616453+00:00
92,5398026502,100.0,20.0,buy,False,2022-11-10T02:23:06.616453+00:00
93,5398012293,110.0,0.49,buy,False,2022-11-10T02:19:57.112975+00:00
94,5398012292,109.1,6.355,buy,False,2022-11-10T02:19:57.112975+00:00
95,5398012291,103.8,1.0,buy,False,2022-11-10T02:19:57.112975+00:00
96,5398012290,98.8,1.0,buy,False,2022-11-10T02:19:57.112975+00:00
97,5397848048,95.0,1.085,buy,False,2022-11-10T01:56:08.317032+00:00
98,5397848047,93.8,1.0,buy,False,2022-11-10T01:56:08.317032+00:00
99,5397848046,88.0,1.0,buy,False,2022-11-10T01:56:08.317032+00:00
100,5397848045,80.0,1.17,buy,False,2022-11-10T01:56:08.317032+00:00
101,5397594512,93.5,1.0,buy,False,2022-11-10T01:29:05.038155+00:00
102,5397594511,89.5,1.0,buy,False,2022-11-10T01:29:05.038155+00:00
103,5397594510,85.0,1.0,buy,False,2022-11-10T01:29:05.038155+00:00
104,5397593773,80.0,2.735,buy,False,2022-11-10T01:28:56.058432+00:00
105,5397496641,80.0,1.275,buy,False,2022-11-10T01:15:50.661016+00:00
106,5397495232,70.0,288.14,buy,False,2022-11-10T01:15:39.340062+00:00
107,5397494751,70.0,1.57,buy,False,2022-11-10T01:15:35.476047+00:00
108,5397493237,70.0,0.97,buy,False,2022-11-10T01:15:20.735334+00:00
109,5397491191,70.0,1.46,buy,False,2022-11-10T01:15:05.898845+00:00
110,5397488960,70.0,1.275,buy,False,2022-11-10T01:14:50.586370+00:00
111,5397487159,70.0,1.045,buy,False,2022-11-10T01:14:35.723619+00:00
112,5397484883,70.0,1.56,buy,False,2022-11-10T01:14:20.460977+00:00
113,5397483450,70.0,1.125,buy,False,2022-11-10T01:14:05.447530+00:00
114,5397481566,70.0,1.195,buy,False,2022-11-10T01:13:50.587401+00:00
115,5397479469,70.0,1.125,buy,False,2022-11-10T01:13:35.703465+00:00
116,5397479468,69.995,0.185,buy,False,2022-11-10T01:13:35.703465+00:00
117,5397478432,70.0,0.81,buy,False,2022-11-10T01:13:20.805175+00:00
118,5397216847,79.555,0.745,buy,False,2022-11-10T00:43:51.087363+00:00
119,5397216846,79.555,0.77,buy,False,2022-11-10T00:43:51.087363+00:00
120,5397216148,60.6,0.74,sell,False,2022-11-10T00:43:47.130926+00:00
121,5397216147,60.7,0.7,sell,False,2022-11-10T00:43:47.130926+00:00
122,5397216146,60.8,0.6,sell,False,2022-11-10T00:43:47.130926+00:00
123,5397216145,61.1,0.5,sell,False,2022-11-10T00:43:47.130926+00:00
124,5397216144,61.3,0.3,sell,False,2022-11-10T00:43:47.130926+00:00
125,5397216143,61.305,0.93,sell,False,2022-11-10T00:43:47.130926+00:00
126,5397216142,61.5,0.3,sell,False,2022-11-10T00:43:47.130926+00:00
127,5397205135,75.005,0.015,sell,False,2022-11-10T00:42:55.045220+00:00
128,5397204469,79.555,0.715,buy,False,2022-11-10T00:42:50.830962+00:00
129,5397204468,77.005,0.015,buy,False,2022-11-10T00:42:50.830962+00:00
130,5397202994,61.7,0.2,sell,False,2022-11-10T00:42:42.913605+00:00
131,5397202993,61.8,0.1,sell,False,2022-11-10T00:42:42.913605+00:00
132,5397202992,62.605,18.54,sell,False,2022-11-10T00:42:42.913605+00:00
133,5397202991,76.005,0.015,sell,False,2022-11-10T00:42:42.913605+00:00
134,5397159098,77.005,0.14,sell,False,2022-11-10T00:37:44.748001+00:00
135,5397159097,77.005,0.015,sell,False,2022-11-10T00:37:44.748001+00:00
136,5397136737,78.005,0.015,sell,False,2022-11-10T00:35:22.043639+00:00
137,5397037869,78.72,1.27,sell,False,2022-11-10T00:26:37.796784+00:00
138,5397034706,79.0,0.09,sell,False,2022-11-10T00:26:21.336407+00:00
139,5396817380,79.0,0.1,sell,False,2022-11-10T00:05:56.593805+00:00
140,5396687770,79.0,1.77,sell,False,2022-11-09T23:55:18.661708+00:00
141,5396676743,79.0,0.825,sell,False,2022-11-09T23:54:14.216046+00:00
142,5396676742,79.005,0.015,sell,False,2022-11-09T23:54:14.216046+00:00
143,5396676741,79.28,0.16,sell,False,2022-11-09T23:54:14.216046+00:00
144,5396618468,79.28,2.615,sell,False,2022-11-09T23:48:37.261397+00:00
145,5396618467,79.56,2.77,sell,False,2022-11-09T23:48:37.261397+00:00
146,5396618466,79.845,2.76,sell,False,2022-11-09T23:48:37.261397+00:00
147,5396618465,80.005,0.015,sell,False,2022-11-09T23:48:37.261397+00:00
148,5396618464,80.13,2.75,sell,False,2022-11-09T23:48:37.261397+00:00
149,5396618463,80.415,2.74,sell,False,2022-11-09T23:48:37.261397+00:00
150,5396618462,80.7,2.73,sell,False,2022-11-09T23:48:37.261397+00:00
151,5396618461,80.985,2.72,sell,False,2022-11-09T23:48:37.261397+00:00
152,5396618460,81.27,1.635,sell,False,2022-11-09T23:48:37.261397+00:00
153,5396578017,81.27,1.075,sell,False,2022-11-09T23:45:29.043661+00:00
154,5396578016,81.56,2.7,sell,False,2022-11-09T23:45:29.043661+00:00
155,5396578015,81.565,0.555,sell,False,2022-11-09T23:45:29.043661+00:00
156,5396512479,81.565,0.915,sell,False,2022-11-09T23:39:36.677318+00:00
157,5396468851,87.68,25.075,buy,False,2022-11-09T23:35:41.770736+00:00
158,5396468850,81.85,2.7,buy,False,2022-11-09T23:35:41.770736+00:00
159,5396468849,81.56,2.71,buy,False,2022-11-09T23:35:41.770736+00:00
160,5396468848,81.27,2.72,buy,False,2022-11-09T23:35:41.770736+00:00
161,5396468847,81.005,0.015,buy,False,2022-11-09T23:35:41.770736+00:00
162,5396406460,80.985,2.73,buy,False,2022-11-09T23:30:13.059676+00:00
163,5396406459,80.7,2.74,buy,False,2022-11-09T23:30:13.059676+00:00
164,5396406458,80.6,0.02,buy,False,2022-11-09T23:30:13.059676+00:00
165,5396406457,80.415,2.75,buy,False,2022-11-09T23:30:13.059676+00:00
166,5396406456,80.13,2.76,buy,False,2022-11-09T23:30:13.059676+00:00
167,5396406455,80.005,0.015,buy,False,2022-11-09T23:30:13.059676+00:00
168,5396308147,79.005,0.015,buy,False,2022-11-09T23:22:08.573771+00:00
169,5396305133,79.845,2.77,buy,False,2022-11-09T23:22:00.585797+00:00
170,5396305132,79.56,1.92,buy,False,2022-11-09T23:22:00.585797+00:00
171,5396305131,78.005,0.015,buy,False,2022-11-09T23:22:00.585797+00:00
172,5396301531,79.56,0.855,buy,False,2022-11-09T23:21:47.448860+00:00
173,5396301530,79.28,2.785,buy,False,2022-11-09T23:21:47.448860+00:00
174,5396301529,79.0,2.795,buy,False,2022-11-09T23:21:47.448860+00:00
175,5396301528,78.72,2.805,buy,False,2022-11-09T23:21:47.448860+00:00
176,5396301527,78.44,2.815,buy,False,2022-11-09T23:21:47.448860+00:00
177,5396301526,78.16,2.825,buy,False,2022-11-09T23:21:47.448860+00:00
178,5396301525,77.885,2.835,buy,False,2022-11-09T23:21:47.448860+00:00
179,5396301524,77.61,2.845,buy,False,2022-11-09T23:21:47.448860+00:00
180,5396301523,77.335,2.855,buy,False,2022-11-09T23:21:47.448860+00:00
181,5396301522,77.06,1.57,buy,False,2022-11-09T23:21:47.448860+00:00
182,5396301521,77.005,0.015,buy,False,2022-11-09T23:21:47.448860+00:00
183,5396291825,76.005,0.015,buy,False,2022-11-09T23:21:06.782207+00:00
184,5396289493,77.06,1.3,buy,False,2022-11-09T23:20:54.987013+00:00
185,5396289492,76.785,2.88,buy,False,2022-11-09T23:20:54.987013+00:00
186,5396289491,76.515,2.89,buy,False,2022-11-09T23:20:54.987013+00:00
187,5396289490,76.245,2.9,buy,False,2022-11-09T23:20:54.987013+00:00
188,5396289489,75.975,2.91,buy,False,2022-11-09T23:20:54.987013+00:00
189,5396289488,75.705,2.92,buy,False,2022-11-09T23:20:54.987013+00:00
190,5396289487,75.435,2.93,buy,False,2022-11-09T23:20:54.987013+00:00
191,5396289486,75.165,2.94,buy,False,2022-11-09T23:20:54.987013+00:00
192,5396289485,75.005,0.015,buy,False,2022-11-09T23:20:54.987013+00:00
193,5396285497,75.0,21.685,buy,False,2022-11-09T23:20:37.031400+00:00
194,5396284622,75.0,98.125,buy,False,2022-11-09T23:20:31.807339+00:00
195,5396284621,74.9,2.95,buy,False,2022-11-09T23:20:31.807339+00:00
196,5396284620,74.635,2.96,buy,False,2022-11-09T23:20:31.807339+00:00
197,5396284619,74.37,2.97,buy,False,2022-11-09T23:20:31.807339+00:00
198,5396284618,74.105,2.98,buy,False,2022-11-09T23:20:31.807339+00:00
199,5396284617,74.005,0.015,buy,False,2022-11-09T23:20:31.807339+00:00
200,5396284616,73.84,2.14,buy,False,2022-11-09T23:20:31.807339+00:00
201,5396284615,73.58,3.005,buy,False,2022-11-09T23:20:31.807339+00:00
202,5396284614,73.32,3.015,buy,False,2022-11-09T23:20:31.807339+00:00
203,5396284613,73.315,1.65,buy,False,2022-11-09T23:20:31.807339+00:00
204,5396238214,72.8,2.34,sell,False,2022-11-09T23:16:51.951130+00:00
205,5396234873,73.06,3.015,sell,False,2022-11-09T23:16:38.493825+00:00
206,5396234872,73.065,1.635,sell,False,2022-11-09T23:16:38.493825+00:00
207,5396234871,73.32,3.005,sell,False,2022-11-09T23:16:38.493825+00:00
208,5396081536,73.84,0.85,buy,False,2022-11-09T23:07:43.474931+00:00
209,5396081535,73.58,0.15,buy,False,2022-11-09T23:07:43.474931+00:00
210,5396023031,73.58,2.855,buy,False,2022-11-09T23:03:36.741575+00:00
211,5396023030,73.32,2.58,buy,False,2022-11-09T23:03:36.741575+00:00
212,5396017399,73.32,0.435,buy,False,2022-11-09T23:03:06.566763+00:00
213,5396017398,73.06,3.025,buy,False,2022-11-09T23:03:06.566763+00:00
214,5396017397,73.005,0.015,buy,False,2022-11-09T23:03:06.566763+00:00
215,5396017396,72.8,1.965,buy,False,2022-11-09T23:03:06.566763+00:00
216,5396004615,72.8,1.07,buy,False,2022-11-09T23:02:12.509385+00:00
217,5396004614,72.54,0.295,buy,False,2022-11-09T23:02:12.509385+00:00
218,5396001133,72.54,1.375,buy,False,2022-11-09T23:02:01.191909+00:00
219,5395982400,72.54,1.375,buy,False,2022-11-09T23:00:31.004357+00:00
220,5395971923,72.28,0.63,buy,False,2022-11-09T22:59:39.230700+00:00
221,5395964896,72.28,1.045,buy,False,2022-11-09T22:59:03.496609+00:00
222,5395961140,71.775,0.155,buy,False,2022-11-09T22:58:48.382128+00:00
223,5395961139,71.775,0.865,buy,False,2022-11-09T22:58:48.382128+00:00
224,5395957869,71.775,0.785,buy,False,2022-11-09T22:58:33.465660+00:00
225,5395957660,71.775,13.93,buy,False,2022-11-09T22:58:32.598807+00:00
226,5395954351,71.775,0.73,buy,False,2022-11-09T22:58:18.415503+00:00
227,5395951748,71.775,1.075,buy,False,2022-11-09T22:58:03.503522+00:00
228,5395949345,71.775,1.065,buy,False,2022-11-09T22:57:48.324252+00:00
229,5395948471,71.775,2.785,buy,False,2022-11-09T22:57:40.017777+00:00
230,5395947622,71.775,4.175,buy,False,2022-11-09T22:57:34.431185+00:00
231,5395947373,71.775,0.58,buy,False,2022-11-09T22:57:33.337073+00:00
232,5395945233,71.775,0.665,buy,False,2022-11-09T22:57:18.564288+00:00
233,5395943802,71.775,0.99,buy,False,2022-11-09T22:57:03.390255+00:00
234,5395941880,71.775,0.98,buy,False,2022-11-09T22:56:48.488466+00:00
235,5395939384,71.775,0.81,buy,False,2022-11-09T22:56:33.489608+00:00
236,5395936976,71.775,1.125,buy,False,2022-11-09T22:56:18.826448+00:00
237,5395935445,71.775,0.615,buy,False,2022-11-09T22:56:03.437450+00:00
238,5395933837,71.775,0.685,buy,False,2022-11-09T22:55:48.339891+00:00
239,5395932444,71.775,1.08,buy,False,2022-11-09T22:55:33.368713+00:00
240,5395930813,71.775,0.455,buy,False,2022-11-09T22:55:18.366778+00:00
241,5395928953,71.775,0.485,buy,False,2022-11-09T22:55:03.394244+00:00
242,5395927569,71.775,0.655,buy,False,2022-11-09T22:54:48.362513+00:00
243,5395926028,71.775,0.655,buy,False,2022-11-09T22:54:33.498997+00:00
244,5395924071,71.775,0.955,buy,False,2022-11-09T22:54:18.389986+00:00
245,5395921990,71.775,0.93,buy,False,2022-11-09T22:54:03.346216+00:00
246,5395920266,71.775,0.6,buy,False,2022-11-09T22:53:48.353469+00:00
247,5395918345,71.775,0.66,buy,False,2022-11-09T22:53:33.350382+00:00
248,5395915671,71.775,1.115,buy,False,2022-11-09T22:53:18.386804+00:00
249,5395913305,71.775,1.105,buy,False,2022-11-09T22:53:03.416286+00:00
250,5395910883,71.775,0.805,buy,False,2022-11-09T22:52:48.451173+00:00
251,5395908742,71.775,1.005,buy,False,2022-11-09T22:52:33.332429+00:00
252,5395906378,71.775,0.645,buy,False,2022-11-09T22:52:18.401172+00:00
253,5395904248,71.775,0.675,buy,False,2022-11-09T22:52:03.404143+00:00
254,5395902124,71.775,0.815,buy,False,2022-11-09T22:51:48.467461+00:00
255,5395900161,71.775,1.06,buy,False,2022-11-09T22:51:33.498212+00:00
256,5395897482,71.775,1.09,buy,False,2022-11-09T22:51:18.456234+00:00
257,5395895225,71.775,0.715,buy,False,2022-11-09T22:51:03.467487+00:00
258,5395892848,71.775,0.9,buy,False,2022-11-09T22:50:48.513165+00:00
259,5395890804,71.775,0.875,buy,False,2022-11-09T22:50:33.526633+00:00
260,5395651262,72.28,1.38,buy,False,2022-11-09T22:30:06.271254+00:00
261,5395645499,72.025,2.255,buy,False,2022-11-09T22:29:34.252234+00:00
262,5395592396,72.025,0.675,buy,False,2022-11-09T22:24:48.554188+00:00
263,5395590398,71.515,0.275,sell,False,2022-11-09T22:24:36.881747+00:00
264,5395531206,72.025,0.14,buy,False,2022-11-09T22:19:18.472836+00:00
265,5395531205,72.005,0.015,buy,False,2022-11-09T22:19:18.472836+00:00
266,5395531204,71.77,0.665,buy,False,2022-11-09T22:19:18.472836+00:00
267,5395527897,71.77,0.35,buy,False,2022-11-09T22:19:03.402805+00:00
268,5395525212,71.77,0.46,buy,False,2022-11-09T22:18:48.350184+00:00
269,5395523159,71.77,0.885,buy,False,2022-11-09T22:18:33.363042+00:00
270,5395520860,71.77,0.53,buy,False,2022-11-09T22:18:18.558830+00:00
271,5395517887,71.77,0.19,buy,False,2022-11-09T22:18:03.609394+00:00
272,5395517886,71.515,0.775,buy,False,2022-11-09T22:18:03.609394+00:00
273,5395514179,71.515,0.865,buy,False,2022-11-09T22:17:48.336522+00:00
274,5395511657,71.515,0.685,buy,False,2022-11-09T22:17:33.599273+00:00
275,5395509016,71.515,0.525,buy,False,2022-11-09T22:17:18.470922+00:00
276,5395506752,71.515,0.24,buy,False,2022-11-09T22:17:03.606100+00:00
277,5395506751,71.26,0.705,buy,False,2022-11-09T22:17:03.606100+00:00
278,5395503822,71.26,0.365,buy,False,2022-11-09T22:16:48.475202+00:00
279,5395499759,71.26,0.825,buy,False,2022-11-09T22:16:33.378328+00:00
280,5395497210,71.26,1.015,buy,False,2022-11-09T22:16:18.560729+00:00
281,5395494336,71.26,0.19,buy,False,2022-11-09T22:16:03.581947+00:00
282,5395494335,71.005,0.015,buy,False,2022-11-09T22:16:03.581947+00:00
283,5395494334,71.005,0.705,buy,False,2022-11-09T22:16:03.581947+00:00
284,5395491638,71.005,0.645,buy,False,2022-11-09T22:15:48.460874+00:00
285,5395488682,71.005,0.585,buy,False,2022-11-09T22:15:33.362863+00:00
286,5395485465,71.005,0.5,buy,False,2022-11-09T22:15:18.463818+00:00
287,5395482566,71.005,0.65,buy,False,2022-11-09T22:15:03.581008+00:00
288,5395479677,71.005,0.025,buy,False,2022-11-09T22:14:48.432794+00:00
289,5395479676,70.75,0.825,buy,False,2022-11-09T22:14:48.432794+00:00
290,5395476584,70.75,0.5,buy,False,2022-11-09T22:14:33.342707+00:00
291,5395473344,70.75,0.425,buy,False,2022-11-09T22:14:18.485593+00:00
292,5395467869,70.75,0.6,buy,False,2022-11-09T22:14:03.357287+00:00
293,5395464912,70.75,0.605,buy,False,2022-11-09T22:13:48.506845+00:00
294,5395460985,70.75,0.17,buy,False,2022-11-09T22:13:33.337670+00:00
295,5395460984,70.5,0.575,buy,False,2022-11-09T22:13:33.337670+00:00
296,5395457472,70.5,0.86,buy,False,2022-11-09T22:13:18.354125+00:00
297,5395452917,70.5,0.5,buy,False,2022-11-09T22:13:03.453619+00:00
298,5395449401,70.5,0.535,buy,False,2022-11-09T22:12:48.789444+00:00
299,5395446356,70.5,0.395,buy,False,2022-11-09T22:12:33.588640+00:00
300,5395442927,70.5,0.27,buy,False,2022-11-09T22:12:18.755587+00:00
301,5395442926,70.25,0.65,buy,False,2022-11-09T22:12:18.755587+00:00
302,5395439650,70.25,0.975,buy,False,2022-11-09T22:12:03.591617+00:00
303,5395322530,70.25,0.02,buy,False,2022-11-09T22:04:24.733904+00:00
304,5395322529,70.0,0.965,buy,False,2022-11-09T22:04:24.733904+00:00
305,5395318524,70.0,1.085,buy,False,2022-11-09T22:04:09.768985+00:00
306,5395314974,70.0,0.89,buy,False,2022-11-09T22:03:54.633736+00:00
307,5395310963,70.0,0.215,buy,False,2022-11-09T22:03:39.802650+00:00
308,5395310962,69.75,0.82,buy,False,2022-11-09T22:03:39.802650+00:00
309,5395309769,69.75,2.045,sell,False,2022-11-09T22:03:35.639896+00:00
310,5395236601,70.25,0.625,buy,False,2022-11-09T21:58:53.462728+00:00
311,5395235744,69.75,1.11,sell,False,2022-11-09T21:58:50.083039+00:00
312,5395181588,70.25,0.22,buy,False,2022-11-09T21:55:23.509076+00:00
313,5395181587,70.0,0.46,buy,False,2022-11-09T21:55:23.509076+00:00
314,5395177374,70.0,0.42,buy,False,2022-11-09T21:55:08.619978+00:00
315,5395172859,70.0,0.58,buy,False,2022-11-09T21:54:53.435565+00:00
316,5395168437,70.0,0.865,buy,False,2022-11-09T21:54:38.655780+00:00
317,5395164028,70.0,0.83,buy,False,2022-11-09T21:54:23.622833+00:00
318,5395160231,69.75,3.155,sell,False,2022-11-09T21:54:11.831393+00:00
319,5395028618,70.25,0.355,buy,False,2022-11-09T21:46:23.757927+00:00
320,5395028617,70.0,0.035,buy,False,2022-11-09T21:46:23.757927+00:00
321,5395025146,70.0,0.925,buy,False,2022-11-09T21:46:08.465619+00:00
322,5395021601,70.0,0.9,buy,False,2022-11-09T21:45:53.460302+00:00
323,5395017893,70.0,0.555,buy,False,2022-11-09T21:45:38.451677+00:00
324,5395013347,70.0,0.74,buy,False,2022-11-09T21:45:23.610605+00:00
325,5395013346,69.75,0.31,buy,False,2022-11-09T21:45:23.610605+00:00
326,5395011331,69.75,3.155,sell,False,2022-11-09T21:45:17.803943+00:00
327,5394882688,70.25,0.3,buy,False,2022-11-09T21:37:38.437139+00:00
328,5394882687,70.005,0.015,buy,False,2022-11-09T21:37:38.437139+00:00
329,5394882686,70.0,0.235,buy,False,2022-11-09T21:37:38.437139+00:00
330,5394879082,70.0,0.375,buy,False,2022-11-09T21:37:23.633883+00:00
331,5394875061,70.0,0.585,buy,False,2022-11-09T21:37:08.496631+00:00
332,5394871117,70.0,0.945,buy,False,2022-11-09T21:36:53.423829+00:00
333,5394866660,70.0,0.89,buy,False,2022-11-09T21:36:38.642972+00:00
334,5394862487,70.0,0.125,buy,False,2022-11-09T21:36:23.480232+00:00
335,5394862486,69.75,0.3,buy,False,2022-11-09T21:36:23.480232+00:00
336,5394857717,69.75,0.765,buy,False,2022-11-09T21:36:08.584332+00:00
337,5394853117,69.75,0.41,buy,False,2022-11-09T21:35:53.592983+00:00
338,5394848263,69.75,0.64,buy,False,2022-11-09T21:35:38.618524+00:00
339,5394841784,69.75,0.525,buy,False,2022-11-09T21:35:23.500809+00:00
340,5394836095,69.75,0.53,buy,False,2022-11-09T21:35:08.616062+00:00
341,5394836094,69.5,0.02,buy,False,2022-11-09T21:35:08.616062+00:00
342,5394828918,69.5,0.255,buy,False,2022-11-09T21:34:53.716717+00:00
343,5394828917,69.25,0.16,buy,False,2022-11-09T21:34:53.716717+00:00
344,5394828916,69.25,0.145,buy,False,2022-11-09T21:34:53.716717+00:00
345,5394821417,69.25,0.445,buy,False,2022-11-09T21:34:38.575505+00:00
346,5394814711,69.25,0.575,buy,False,2022-11-09T21:34:23.586694+00:00
347,5394809389,69.25,1.025,buy,False,2022-11-09T21:34:08.476113+00:00
348,5394803776,69.25,1.0,buy,False,2022-11-09T21:33:53.706089+00:00
349,5394788241,69.005,0.015,buy,False,2022-11-09T21:32:57.317922+00:00
350,5394784821,69.0,3.2,buy,False,2022-11-09T21:32:40.392541+00:00
351,5394784820,68.75,2.92,buy,False,2022-11-09T21:32:40.392541+00:00
352,5394784527,68.75,0.295,buy,False,2022-11-09T21:32:38.265691+00:00
353,5394784526,68.505,3.225,buy,False,2022-11-09T21:32:38.265691+00:00
354,5394784525,68.26,3.235,buy,False,2022-11-09T21:32:38.265691+00:00
355,5394784524,68.015,3.245,buy,False,2022-11-09T21:32:38.265691+00:00
356,5394304354,67.525,2.835,sell,False,2022-11-09T21:05:45.069418+00:00
357,5394099031,68.015,0.005,buy,False,2022-11-09T20:52:39.807358+00:00
358,5394099030,68.005,0.015,buy,False,2022-11-09T20:52:39.807358+00:00
359,5394098113,67.77,3.26,buy,False,2022-11-09T20:52:36.410222+00:00
360,5394098112,67.525,3.27,buy,False,2022-11-09T20:52:36.410222+00:00
361,5394098111,67.52,1.785,buy,False,2022-11-09T20:52:36.410222+00:00
362,5394098110,67.285,3.285,buy,False,2022-11-09T20:52:36.410222+00:00
363,5394096840,67.04,3.295,buy,False,2022-11-09T20:52:32.532969+00:00
364,5394062728,66.8,3.295,sell,True,2022-11-09T20:50:35.972040+00:00
365,5394062166,67.005,0.015,sell,True,2022-11-09T20:50:33.801285+00:00
366,5394031670,67.04,3.285,sell,True,2022-11-09T20:49:03.759495+00:00
367,5393966769,67.285,3.27,sell,True,2022-11-09T20:45:25.800258+00:00
368,5393965714,67.525,2.305,sell,True,2022-11-09T20:45:22.492362+00:00
369,5393924558,67.525,0.955,sell,False,2022-11-09T20:43:23.902683+00:00
370,5393919072,67.77,0.045,sell,False,2022-11-09T20:43:08.442699+00:00
371,5393856134,67.77,3.205,sell,False,2022-11-09T20:40:17.340934+00:00
372,5393856133,68.005,0.015,sell,False,2022-11-09T20:40:17.340934+00:00
373,5393856132,68.015,3.235,sell,False,2022-11-09T20:40:17.340934+00:00
374,5393856131,68.26,0.345,sell,False,2022-11-09T20:40:17.340934+00:00
375,5393856130,68.265,1.785,sell,False,2022-11-09T20:40:17.340934+00:00
376,5393856129,68.505,3.215,sell,False,2022-11-09T20:40:17.340934+00:00
377,5393856128,68.75,3.2,sell,False,2022-11-09T20:40:17.340934+00:00
378,5393812931,69.0,3.19,sell,False,2022-11-09T20:36:40.531387+00:00
379,5393803353,69.5,2.905,buy,False,2022-11-09T20:36:00.543193+00:00
380,5393803352,69.25,3.19,buy,False,2022-11-09T20:36:00.543193+00:00
381,5393803351,69.0,3.2,buy,False,2022-11-09T20:36:00.543193+00:00
382,5393803350,68.75,3.215,buy,False,2022-11-09T20:36:00.543193+00:00
383,5393803349,68.745,1.775,buy,False,2022-11-09T20:36:00.543193+00:00
384,5393799096,68.26,2.88,sell,False,2022-11-09T20:35:46.315128+00:00
385,5393799095,68.505,3.215,sell,False,2022-11-09T20:35:46.315128+00:00
386,5393799094,68.75,3.2,sell,False,2022-11-09T20:35:46.315128+00:00
387,5393796151,69.0,0.015,buy,False,2022-11-09T20:35:35.816946+00:00
388,5393795863,69.0,3.19,sell,False,2022-11-09T20:35:35.106035+00:00
389,5393795862,69.25,1.99,sell,False,2022-11-09T20:35:35.106035+00:00
390,5393793659,69.25,1.19,sell,False,2022-11-09T20:35:26.962769+00:00
391,5393793658,69.5,3.17,sell,False,2022-11-09T20:35:26.962769+00:00
392,5393793657,69.75,3.155,sell,False,2022-11-09T20:35:26.962769+00:00
393,5393792418,70.0,0.34,buy,False,2022-11-09T20:35:23.571094+00:00
394,5393791303,70.0,0.015,buy,False,2022-11-09T20:35:19.711792+00:00
395,5393789950,70.0,3.145,sell,False,2022-11-09T20:35:14.441097+00:00
396,5393789949,70.25,3.135,sell,False,2022-11-09T20:35:14.441097+00:00
397,5393789948,70.5,0.49,sell,False,2022-11-09T20:35:14.441097+00:00
398,5393786850,70.5,2.635,sell,False,2022-11-09T20:35:05.225911+00:00
399,5393786849,70.75,3.11,sell,False,2022-11-09T20:35:05.225911+00:00
400,5393786848,71.005,0.015,sell,False,2022-11-09T20:35:05.225911+00:00
401,5393786847,71.005,3.1,sell,False,2022-11-09T20:35:05.225911+00:00
402,5393786846,71.26,3.09,sell,False,2022-11-09T20:35:05.225911+00:00
403,5393786845,71.515,2.335,sell,False,2022-11-09T20:35:05.225911+00:00
404,5393770162,71.515,0.745,sell,False,2022-11-09T20:34:01.941181+00:00
405,5393770161,71.77,3.07,sell,False,2022-11-09T20:34:01.941181+00:00
406,5393768373,72.005,0.015,sell,False,2022-11-09T20:33:55.081859+00:00
407,5393768372,72.025,3.055,sell,False,2022-11-09T20:33:55.081859+00:00
408,5393768371,72.28,3.045,sell,False,2022-11-09T20:33:55.081859+00:00
409,5393768370,72.54,3.035,sell,False,2022-11-09T20:33:55.081859+00:00
410,5393768369,72.8,0.92,sell,False,2022-11-09T20:33:55.081859+00:00
411,5393761622,72.8,1.505,sell,False,2022-11-09T20:33:27.467306+00:00
412,5393760099,72.8,0.6,sell,False,2022-11-09T20:33:20.186476+00:00
413,5393758627,73.005,0.015,sell,False,2022-11-09T20:33:13.504862+00:00
414,5393758626,73.06,3.015,sell,False,2022-11-09T20:33:13.504862+00:00
415,5393758625,73.32,3.005,sell,False,2022-11-09T20:33:13.504862+00:00
416,5393758624,73.58,2.99,sell,False,2022-11-09T20:33:13.504862+00:00
417,5393758623,73.84,2.98,sell,False,2022-11-09T20:33:13.504862+00:00
418,5393751932,74.0,0.015,buy,False,2022-11-09T20:32:35.017095+00:00
419,5393751127,74.105,2.97,sell,False,2022-11-09T20:32:31.052745+00:00
420,5393751126,74.37,2.96,sell,False,2022-11-09T20:32:31.052745+00:00
421,5393751125,74.635,2.95,sell,False,2022-11-09T20:32:31.052745+00:00
422,5393751124,74.9,2.94,sell,False,2022-11-09T20:32:31.052745+00:00
423,5393749925,75.005,0.015,sell,False,2022-11-09T20:32:22.523895+00:00
424,5393749924,75.165,0.88,sell,False,2022-11-09T20:32:22.523895+00:00
425,5393735808,75.165,2.05,sell,False,2022-11-09T20:30:39.639056+00:00
426,5393735807,75.435,2.92,sell,False,2022-11-09T20:30:39.639056+00:00
427,5393735806,75.705,2.91,sell,False,2022-11-09T20:30:39.639056+00:00
428,5393735805,75.975,2.9,sell,False,2022-11-09T20:30:39.639056+00:00
429,5393735804,76.005,0.015,sell,False,2022-11-09T20:30:39.639056+00:00
430,5393735803,76.245,2.535,sell,False,2022-11-09T20:30:39.639056+00:00
431,5393732012,76.245,0.355,sell,False,2022-11-09T20:30:16.433900+00:00
432,5393732011,76.515,2.88,sell,False,2022-11-09T20:30:16.433900+00:00
433,5393732010,76.785,2.87,sell,False,2022-11-09T20:30:16.433900+00:00
434,5393730111,77.005,0.015,sell,False,2022-11-09T20:30:04.676384+00:00
435,5393730110,77.06,2.855,sell,False,2022-11-09T20:30:04.676384+00:00
436,5393730109,77.335,2.845,sell,False,2022-11-09T20:30:04.676384+00:00
437,5393730108,77.61,1.165,sell,False,2022-11-09T20:30:04.676384+00:00
438,5393727080,77.61,1.67,sell,False,2022-11-09T20:29:37.272977+00:00
439,5393727079,77.885,2.825,sell,False,2022-11-09T20:29:37.272977+00:00
440,5393725770,78.005,0.015,sell,False,2022-11-09T20:29:24.907649+00:00
441,5393725769,78.16,2.815,sell,False,2022-11-09T20:29:24.907649+00:00
442,5393725768,78.44,2.805,sell,False,2022-11-09T20:29:24.907649+00:00
443,5393725767,78.72,2.69,sell,False,2022-11-09T20:29:24.907649+00:00
444,5393721168,78.72,0.105,sell,False,2022-11-09T20:29:03.552711+00:00
445,5393721167,79.0,2.785,sell,False,2022-11-09T20:29:03.552711+00:00
446,5393721166,79.005,0.015,sell,False,2022-11-09T20:29:03.552711+00:00
447,5393721165,79.28,2.775,sell,False,2022-11-09T20:29:03.552711+00:00
448,5393721164,79.56,0.73,sell,False,2022-11-09T20:29:03.552711+00:00
449,5393717783,79.56,2.04,sell,False,2022-11-09T20:28:42.986360+00:00
450,5393717782,79.845,2.76,sell,False,2022-11-09T20:28:42.986360+00:00
451,5393717781,80.005,0.015,sell,False,2022-11-09T20:28:42.986360+00:00
452,5393717780,80.13,1.595,sell,False,2022-11-09T20:28:42.986360+00:00
453,5393694118,80.13,0.535,sell,False,2022-11-09T20:26:05.692841+00:00
454,5393659235,80.13,0.62,sell,False,2022-11-09T20:22:15.817282+00:00
455,5393659234,80.415,0.22,sell,False,2022-11-09T20:22:15.817282+00:00
456,5393633044,80.415,0.5,sell,False,2022-11-09T20:19:48.588809+00:00
457,5393630095,80.415,2.02,sell,False,2022-11-09T20:19:29.416824+00:00
458,5393628344,80.7,2.73,sell,False,2022-11-09T20:19:17.522648+00:00
459,5393624753,80.985,0.25,sell,False,2022-11-09T20:18:47.996303+00:00
460,5393622086,80.985,2.47,sell,False,2022-11-09T20:18:23.907731+00:00
461,5393616924,81.27,2.53,sell,False,2022-11-09T20:17:51.498900+00:00
462,5393611525,81.56,0.78,sell,False,2022-11-09T20:17:08.428848+00:00
463,5393599652,81.56,0.12,sell,False,2022-11-09T20:15:34.596279+00:00
464,5393586128,81.56,1.8,sell,False,2022-11-09T20:13:54.267006+00:00
465,5393586127,81.565,1.7,sell,False,2022-11-09T20:13:54.267006+00:00
466,5393570721,81.005,0.165,buy,False,2022-11-09T20:12:02.945632+00:00
467,5393570720,81.005,0.015,buy,False,2022-11-09T20:12:02.945632+00:00
468,5393494039,83.365,0.015,sell,False,2022-11-09T20:04:36.023817+00:00
469,5393491565,83.365,0.015,sell,False,2022-11-09T20:04:20.417581+00:00
470,5393488549,83.365,0.015,sell,False,2022-11-09T20:04:04.941272+00:00
471,5393485620,83.365,0.015,sell,False,2022-11-09T20:03:49.542000+00:00
472,5393485264,83.36,6.695,sell,False,2022-11-09T20:03:46.799088+00:00
473,5393485257,83.36,5.565,sell,False,2022-11-09T20:03:46.675802+00:00
474,5393485117,81.0,0.01,buy,False,2022-11-09T20:03:46.238751+00:00
475,5393485116,78.245,0.215,buy,False,2022-11-09T20:03:46.238751+00:00
476,5393485115,78.2,1.17,buy,False,2022-11-09T20:03:46.238751+00:00
477,5393485114,78.195,0.075,buy,False,2022-11-09T20:03:46.238751+00:00
478,5393485113,78.195,0.49,buy,False,2022-11-09T20:03:46.238751+00:00
479,5393485112,76.005,0.015,buy,False,2022-11-09T20:03:46.238751+00:00
480,5393480105,75.785,0.015,sell,False,2022-11-09T20:03:19.961084+00:00
481,5393478413,75.785,0.015,sell,False,2022-11-09T20:03:06.106501+00:00
482,5393475933,75.785,0.015,sell,False,2022-11-09T20:02:49.677490+00:00
483,5393472851,75.785,0.015,sell,False,2022-11-09T20:02:35.341470+00:00
484,5393469427,75.785,0.015,sell,False,2022-11-09T20:02:20.545905+00:00
485,5393465319,75.785,0.015,sell,False,2022-11-09T20:02:05.421513+00:00
486,5393463904,75.785,0.245,sell,False,2022-11-09T20:01:58.119295+00:00
487,5393463827,75.785,0.245,sell,False,2022-11-09T20:01:57.590274+00:00
488,5393461986,75.0,1.5,buy,False,2022-11-09T20:01:49.608322+00:00
489,5393461985,72.335,0.155,buy,False,2022-11-09T20:01:49.608322+00:00
490,5393461984,70.685,2.81,buy,False,2022-11-09T20:01:49.608322+00:00
491,5393461983,70.53,3.035,buy,False,2022-11-09T20:01:49.608322+00:00
492,5393461982,70.0,3.145,buy,False,2022-11-09T20:01:49.608322+00:00
493,5393461981,70.0,0.005,buy,False,2022-11-09T20:01:49.608322+00:00
494,5393461980,69.75,3.155,buy,False,2022-11-09T20:01:49.608322+00:00
495,5393461979,69.695,3.07,buy,False,2022-11-09T20:01:49.608322+00:00
496,5393461978,69.5,3.17,buy,False,2022-11-09T20:01:49.608322+00:00
497,5393461977,69.25,3.18,buy,False,2022-11-09T20:01:49.608322+00:00
498,5393461976,69.055,1.005,buy,False,2022-11-09T20:01:49.608322+00:00
499,5393461975,69.005,0.015,buy,False,2022-11-09T20:01:49.608322+00:00
500,5393461974,69.0,3.19,buy,False,2022-11-09T20:01:49.608322+00:00
501,5393436307,68.89,0.015,sell,False,2022-11-09T20:00:05.258770+00:00
502,5393434831,68.75,3.2,buy,False,2022-11-09T19:59:58.895189+00:00
503,5393434830,68.505,3.215,buy,False,2022-11-09T19:59:58.895189+00:00
504,5393434829,68.26,3.225,buy,False,2022-11-09T19:59:58.895189+00:00
505,5393434828,68.2,1.0,buy,False,2022-11-09T19:59:58.895189+00:00
506,5393434827,68.015,3.235,buy,False,2022-11-09T19:59:58.895189+00:00
507,5393434826,67.89,0.115,buy,False,2022-11-09T19:59:58.895189+00:00
508,5393434825,67.77,3.25,buy,False,2022-11-09T19:59:58.895189+00:00
509,5393434824,67.525,3.26,buy,False,2022-11-09T19:59:58.895189+00:00
510,5393434823,67.285,3.27,buy,False,2022-11-09T19:59:58.895189+00:00
511,5393434822,67.04,3.285,buy,False,2022-11-09T19:59:58.895189+00:00
512,5393434821,67.005,0.015,buy,False,2022-11-09T19:59:58.895189+00:00
513,5393434820,66.8,8.0,buy,False,2022-11-09T19:59:58.895189+00:00
514,5393434819,66.8,3.295,buy,False,2022-11-09T19:59:58.895189+00:00
515,5393434818,66.56,3.31,buy,False,2022-11-09T19:59:58.895189+00:00
516,5393434817,66.32,3.32,buy,False,2022-11-09T19:59:58.895189+00:00
517,5393434816,66.085,3.345,buy,False,2022-11-09T19:59:58.895189+00:00
518,5393434815,66.02,3.0,buy,False,2022-11-09T19:59:58.895189+00:00
519,5393434814,66.01,3.0,buy,False,2022-11-09T19:59:58.895189+00:00
520,5393434813,66.01,3.0,buy,False,2022-11-09T19:59:58.895189+00:00
521,5393434812,66.0,3.13,buy,False,2022-11-09T19:59:58.895189+00:00
522,5393434811,66.0,3.0,buy,False,2022-11-09T19:59:58.895189+00:00
523,5393434810,66.0,4.965,buy,False,2022-11-09T19:59:58.895189+00:00
524,5393434809,65.9,3.0,buy,False,2022-11-09T19:59:58.895189+00:00
525,5393434808,65.9,3.0,buy,False,2022-11-09T19:59:58.895189+00:00
526,5391902388,66.0,1.0,buy,True,2022-11-09T18:08:27.497379+00:00
527,5391898918,65.61,0.045,sell,False,2022-11-09T18:08:15.719993+00:00
528,5391737125,65.61,1.205,sell,False,2022-11-09T17:59:04.135956+00:00
529,5391140665,65.61,0.16,sell,False,2022-11-09T17:15:11.887660+00:00
530,5390972195,66.0,2.035,buy,False,2022-11-09T17:00:45.043790+00:00
531,5390972194,65.845,3.355,buy,False,2022-11-09T17:00:45.043790+00:00
532,5390874883,65.61,5.08,buy,False,2022-11-09T16:51:07.948256+00:00
533,5390873839,65.61,1.47,buy,False,2022-11-09T16:51:01.107048+00:00
534,5390873838,65.61,3.37,buy,False,2022-11-09T16:51:01.107048+00:00
535,5390869349,65.57,0.54,buy,False,2022-11-09T16:50:36.724320+00:00
536,5390376892,65.445,0.19,buy,False,2022-11-09T16:19:38.499007+00:00
537,5390372763,65.445,5.2,buy,False,2022-11-09T16:19:21.652805+00:00
538,5390372135,65.445,5.385,buy,False,2022-11-09T16:19:18.812077+00:00
539,5390371776,65.445,5.1,buy,False,2022-11-09T16:19:17.756349+00:00
540,5390371628,65.445,5.04,buy,False,2022-11-09T16:19:17.218839+00:00
541,5390371392,65.445,4.755,buy,False,2022-11-09T16:19:16.681061+00:00
542,5390371267,65.445,4.6,buy,False,2022-11-09T16:19:16.146141+00:00
543,5390371056,65.445,4.99,buy,False,2022-11-09T16:19:15.609068+00:00
544,5390370041,65.445,4.73,sell,False,2022-11-09T16:19:11.868243+00:00
545,5390171891,65.325,2.64,sell,False,2022-11-09T16:06:41.890824+00:00
546,5390167008,65.365,4.46,sell,False,2022-11-09T16:06:23.180214+00:00
547,5390115601,65.45,1.19,buy,False,2022-11-09T16:03:23.400814+00:00
548,5390115192,65.45,4.81,buy,False,2022-11-09T16:03:22.867209+00:00
549,5389941389,65.145,12.0,buy,False,2022-11-09T15:55:17.278487+00:00
550,5389565768,65.315,4.575,sell,False,2022-11-09T15:38:10.398084+00:00
551,5389468819,65.25,2.335,sell,False,2022-11-09T15:35:09.155209+00:00
552,5389468818,65.375,3.37,sell,False,2022-11-09T15:35:09.155209+00:00
553,5389397035,65.61,3.355,sell,False,2022-11-09T15:32:10.293225+00:00
554,5389330256,65.71,4.48,sell,False,2022-11-09T15:25:22.902695+00:00
555,5389282758,65.745,4.315,sell,False,2022-11-09T15:20:37.391904+00:00
556,5389251507,65.65,4.655,buy,False,2022-11-09T15:17:27.039907+00:00
557,5389251420,65.65,5.1,buy,False,2022-11-09T15:17:26.508559+00:00
558,5389251383,65.655,4.645,sell,False,2022-11-09T15:17:26.345517+00:00
559,5389249106,65.64,0.01,buy,False,2022-11-09T15:17:11.509069+00:00
560,5389248936,65.65,0.01,buy,False,2022-11-09T15:17:10.972192+00:00
561,5389247358,65.66,0.01,buy,False,2022-11-09T15:17:03.864578+00:00
562,5389246807,65.66,0.01,buy,False,2022-11-09T15:17:01.709774+00:00
563,5389244858,65.64,0.01,buy,False,2022-11-09T15:16:48.648124+00:00
564,5389208007,65.715,4.88,sell,False,2022-11-09T15:13:04.060684+00:00
565,5389204358,65.735,4.5,sell,False,2022-11-09T15:12:43.700668+00:00
566,5389201969,65.77,4.435,sell,False,2022-11-09T15:12:30.045194+00:00
567,5389111535,65.725,4.865,buy,False,2022-11-09T15:03:43.724748+00:00
568,5389103656,65.685,4.345,buy,False,2022-11-09T15:03:14.066992+00:00
569,5389009279,65.845,3.355,buy,False,2022-11-09T14:55:08.806944+00:00
570,5388681169,65.61,2.355,sell,False,2022-11-09T14:33:59.680924+00:00
571,5387981596,65.61,1.0,sell,False,2022-11-09T13:28:54.471638+00:00
572,5387230099,65.755,5.34,buy,False,2022-11-09T12:45:25.459377+00:00
573,5387229443,65.755,5.18,buy,False,2022-11-09T12:45:22.731784+00:00
574,5387229090,65.755,4.975,buy,False,2022-11-09T12:45:22.183057+00:00
575,5387227837,65.755,4.905,buy,False,2022-11-09T12:45:16.734454+00:00
576,5387227295,65.755,4.59,buy,False,2022-11-09T12:45:14.339827+00:00
577,5387226854,65.755,4.725,buy,False,2022-11-09T12:45:11.649322+00:00
578,5387226193,65.755,5.125,buy,False,2022-11-09T12:45:08.925657+00:00
579,5387225661,65.755,5.445,buy,False,2022-11-09T12:45:05.943367+00:00
580,5387225101,65.755,5.255,buy,False,2022-11-09T12:45:03.225779+00:00
581,5387224932,65.755,5.425,buy,False,2022-11-09T12:45:02.424200+00:00
582,5387224806,65.755,4.99,buy,False,2022-11-09T12:45:01.895275+00:00
583,5387224730,65.755,4.775,buy,False,2022-11-09T12:45:01.265435+00:00
584,5387224649,65.755,5.3,buy,False,2022-11-09T12:45:00.723279+00:00
585,5387224563,65.755,5.02,buy,False,2022-11-09T12:45:00.191565+00:00
586,5387216016,65.755,5.46,buy,False,2022-11-09T12:44:20.325065+00:00
587,5387215854,65.755,4.885,buy,False,2022-11-09T12:44:19.487164+00:00
588,5387215688,65.755,5.135,buy,False,2022-11-09T12:44:18.956830+00:00
589,5387215513,65.755,4.8,buy,False,2022-11-09T12:44:18.413962+00:00
590,5387215240,65.755,4.505,buy,False,2022-11-09T12:44:17.879985+00:00
591,5387214841,65.755,5.06,buy,False,2022-11-09T12:44:17.339166+00:00
592,5387213672,65.755,4.255,sell,False,2022-11-09T12:44:12.635443+00:00
593,5385905653,65.845,3.355,buy,False,2022-11-09T11:07:09.088818+00:00
594,5385903633,65.76,11.115,buy,False,2022-11-09T11:06:58.361897+00:00
595,5385700420,65.66,2.63,sell,False,2022-11-09T10:50:24.736068+00:00
596,5385104570,65.555,4.23,sell,True,2022-11-09T10:18:42.197070+00:00
597,5384724346,65.61,3.37,buy,False,2022-11-09T09:59:21.938614+00:00
598,5384724345,65.605,2.185,buy,False,2022-11-09T09:59:21.938614+00:00
599,5384717919,65.23,6.525,sell,False,2022-11-09T09:59:06.311779+00:00
600,5384717918,65.23,26.56,sell,False,2022-11-09T09:59:06.311779+00:00
601,5384717917,65.33,19.105,sell,False,2022-11-09T09:59:06.311779+00:00
602,5384717916,65.365,8.825,sell,False,2022-11-09T09:59:06.311779+00:00
603,5384717915,65.375,3.37,sell,False,2022-11-09T09:59:06.311779+00:00
604,5384717914,65.38,2.185,sell,False,2022-11-09T09:59:06.311779+00:00
605,5384717913,65.56,10.03,sell,False,2022-11-09T09:59:06.311779+00:00
606,5384717912,65.61,3.355,sell,False,2022-11-09T09:59:06.311779+00:00
607,5384717911,65.845,3.345,sell,False,2022-11-09T09:59:06.311779+00:00
608,5384005043,66.0,1.0,buy,False,2022-11-09T09:17:45.051733+00:00
609,5383986433,66.0,5.35,buy,False,2022-11-09T09:16:41.897695+00:00
610,5383985532,66.0,4.87,buy,False,2022-11-09T09:16:38.268327+00:00
611,5383984443,66.0,5.155,buy,False,2022-11-09T09:16:35.256736+00:00
612,5383983346,66.0,5.735,buy,False,2022-11-09T09:16:32.255935+00:00
613,5383982440,66.0,5.525,buy,False,2022-11-09T09:16:29.263088+00:00
614,5383981497,66.0,6.125,buy,False,2022-11-09T09:16:26.022761+00:00
615,5383980496,66.0,5.805,buy,False,2022-11-09T09:16:22.651386+00:00
616,5383980232,66.0,6.205,buy,False,2022-11-09T09:16:21.817058+00:00
617,5383980081,66.0,5.845,buy,False,2022-11-09T09:16:21.283335+00:00
618,5383979894,66.0,5.04,buy,False,2022-11-09T09:16:20.745804+00:00
619,5383979641,66.0,5.545,buy,False,2022-11-09T09:16:20.208873+00:00
620,5383979612,66.03,4.485,sell,False,2022-11-09T09:16:20.130743+00:00
621,5383916953,66.215,0.605,buy,False,2022-11-09T09:13:18.733853+00:00
622,5383914689,66.09,1.0,buy,False,2022-11-09T09:13:11.284090+00:00
623,5383914591,66.085,0.165,buy,False,2022-11-09T09:13:10.719313+00:00
624,5383914590,66.085,3.33,buy,False,2022-11-09T09:13:10.719313+00:00
625,5383778961,66.005,0.015,buy,False,2022-11-09T09:06:00.762151+00:00
626,5383769398,65.98,0.61,buy,False,2022-11-09T09:05:30.078041+00:00
627,5383709431,65.845,3.345,buy,False,2022-11-09T09:00:24.592793+00:00
628,5383708516,65.74,0.61,buy,False,2022-11-09T09:00:19.328629+00:00
629,5383707713,65.61,3.355,buy,False,2022-11-09T09:00:15.640301+00:00
630,5383707577,65.6,1.0,buy,False,2022-11-09T09:00:15.086704+00:00
631,5383707290,65.5,0.615,buy,False,2022-11-09T09:00:13.286013+00:00
632,5383706950,65.375,3.38,buy,False,2022-11-09T09:00:11.276774+00:00
633,5383706268,65.14,0.2,buy,False,2022-11-09T09:00:08.866641+00:00
634,5383706267,65.14,2.405,buy,False,2022-11-09T09:00:08.866641+00:00
635,5383143760,65.14,0.985,buy,False,2022-11-09T08:17:21.452183+00:00
636,5383143759,65.005,0.015,buy,False,2022-11-09T08:17:21.452183+00:00
637,5382434719,65.0,2.195,buy,False,2022-11-09T07:25:07.083872+00:00
638,5382426461,65.0,23.805,buy,False,2022-11-09T07:24:16.252996+00:00
639,5382426460,64.995,2.195,buy,False,2022-11-09T07:24:16.252996+00:00
640,5382307738,64.67,0.295,sell,False,2022-11-09T07:13:59.819799+00:00
641,5382233384,64.67,0.105,sell,False,2022-11-09T07:07:28.056734+00:00
642,5382229580,64.905,3.405,buy,False,2022-11-09T07:07:04.387853+00:00
643,5382141331,64.67,14.19,buy,False,2022-11-09T06:58:34.265089+00:00
644,5382045774,64.67,3.415,buy,False,2022-11-09T06:51:04.239368+00:00
645,5379150436,64.415,0.005,sell,False,2022-11-09T02:44:14.883013+00:00
646,5379112566,64.47,0.4,sell,False,2022-11-09T02:40:47.569757+00:00
647,5378399587,64.305,7.595,buy,False,2022-11-09T01:30:52.895112+00:00
648,5378399579,64.305,9.38,sell,False,2022-11-09T01:30:52.812072+00:00
649,5378399578,64.46,0.2,sell,False,2022-11-09T01:30:52.812072+00:00
650,5377813963,64.44,3.43,buy,False,2022-11-09T00:34:45.071775+00:00
651,5377729032,64.32,1.845,buy,False,2022-11-09T00:27:21.521677+00:00
652,5377728956,64.32,4.96,buy,False,2022-11-09T00:27:20.986196+00:00
653,5377728852,64.32,4.71,buy,False,2022-11-09T00:27:20.450045+00:00
654,5377728847,64.325,4.475,sell,False,2022-11-09T00:27:20.383576+00:00
655,5377641560,64.0,51.035,buy,False,2022-11-09T00:18:30.737129+00:00
656,5377641516,64.07,17.585,sell,False,2022-11-09T00:18:30.651040+00:00
657,5377641515,64.205,11.825,sell,False,2022-11-09T00:18:30.651040+00:00
658,5377641514,64.205,3.43,sell,False,2022-11-09T00:18:30.651040+00:00
659,5377641513,64.265,10.82,sell,False,2022-11-09T00:18:30.651040+00:00
660,5377641512,64.4,4.72,sell,False,2022-11-09T00:18:30.651040+00:00
661,5377415744,64.455,4.66,sell,False,2022-11-09T00:01:39.296765+00:00
662,5377220304,64.44,0.36,buy,False,2022-11-08T23:45:59.055920+00:00
663,5377220214,64.44,3.07,buy,False,2022-11-08T23:45:58.527711+00:00
664,5377220213,64.205,3.44,buy,False,2022-11-08T23:45:58.527711+00:00
665,5377219248,63.815,16.14,sell,False,2022-11-08T23:45:53.931891+00:00
666,5377219247,63.96,23.56,sell,False,2022-11-08T23:45:53.931891+00:00
667,5377219246,63.975,3.44,sell,False,2022-11-08T23:45:53.931891+00:00
668,5377219245,64.205,3.43,sell,False,2022-11-08T23:45:53.931891+00:00
669,5377219244,64.485,4.42,sell,False,2022-11-08T23:45:53.931891+00:00
670,5376696849,64.38,2.0,buy,False,2022-11-08T23:10:35.839291+00:00
671,5376646818,64.35,1.18,sell,False,2022-11-08T23:06:14.134355+00:00
672,5376646817,64.44,3.415,sell,False,2022-11-08T23:06:14.134355+00:00
673,5374226854,64.67,2.115,buy,False,2022-11-08T20:31:31.882982+00:00
674,5374226534,64.67,4.545,buy,False,2022-11-08T20:31:31.353760+00:00
675,5374224836,64.67,5.13,buy,False,2022-11-08T20:31:27.478116+00:00
676,5374224683,64.67,5.35,buy,False,2022-11-08T20:31:26.876301+00:00
677,5374224440,64.67,4.59,buy,False,2022-11-08T20:31:26.316649+00:00
678,5374224245,64.67,1.165,buy,False,2022-11-08T20:31:25.678068+00:00
679,5374224244,64.67,3.415,buy,False,2022-11-08T20:31:25.678068+00:00
680,5374113589,64.36,39.99,sell,False,2022-11-08T20:26:14.857994+00:00
681,5374113588,64.43,5.01,sell,False,2022-11-08T20:26:14.857994+00:00
682,5373420116,64.44,3.43,buy,False,2022-11-08T20:01:40.117170+00:00
683,5372806989,64.205,1.115,buy,False,2022-11-08T19:41:51.781344+00:00
684,5372805477,64.205,4.52,buy,False,2022-11-08T19:41:49.377714+00:00
685,5372803865,64.205,5.445,buy,False,2022-11-08T19:41:46.743392+00:00
686,5372803295,64.205,5.265,buy,False,2022-11-08T19:41:45.845392+00:00
687,5372803015,64.205,4.85,buy,False,2022-11-08T19:41:45.317762+00:00
688,5372802656,64.205,5.06,buy,False,2022-11-08T19:41:44.773169+00:00
689,5372802280,64.205,4.99,buy,False,2022-11-08T19:41:44.236579+00:00
690,5372801832,64.205,5.03,buy,False,2022-11-08T19:41:43.229033+00:00
691,5372798159,64.205,5.295,buy,False,2022-11-08T19:41:37.163766+00:00
692,5372168299,64.205,3.43,sell,False,2022-11-08T19:30:38.130983+00:00
693,5371546163,64.39,0.255,sell,False,2022-11-08T19:17:26.352714+00:00
694,5371381251,64.26,1.135,sell,False,2022-11-08T19:12:21.582174+00:00
695,5371315532,64.315,19.46,sell,False,2022-11-08T19:10:38.493824+00:00
696,5371253631,64.395,8.34,sell,False,2022-11-08T19:08:30.874369+00:00
697,5371253630,64.4,2.195,sell,False,2022-11-08T19:08:30.874369+00:00
698,5371253629,64.44,4.615,sell,False,2022-11-08T19:08:30.874369+00:00
699,5371164567,64.44,3.43,buy,False,2022-11-08T19:05:04.967352+00:00
700,5371164293,64.205,3.44,buy,False,2022-11-08T19:05:04.428801+00:00
701,5371164292,63.975,3.455,buy,False,2022-11-08T19:05:04.428801+00:00
702,5371164291,63.745,3.465,buy,False,2022-11-08T19:05:04.428801+00:00
703,5371154084,63.515,3.48,buy,False,2022-11-08T19:04:38.967273+00:00
704,5371154083,63.51,2.23,buy,False,2022-11-08T19:04:38.967273+00:00
705,5371119316,63.06,2.0,sell,False,2022-11-08T19:03:13.431579+00:00
706,5371011479,63.29,3.48,sell,True,2022-11-08T19:00:02.336758+00:00
707,5371003435,63.515,3.465,sell,True,2022-11-08T18:59:47.498971+00:00
708,5370260543,63.695,27.46,sell,False,2022-11-08T18:35:36.392812+00:00
709,5370260542,63.7,2.2,sell,False,2022-11-08T18:35:36.392812+00:00
710,5370260541,63.745,3.455,sell,False,2022-11-08T18:35:36.392812+00:00
711,5370260540,63.975,3.44,sell,False,2022-11-08T18:35:36.392812+00:00
712,5370260539,64.005,0.015,sell,False,2022-11-08T18:35:36.392812+00:00
713,5370110055,64.205,3.43,sell,False,2022-11-08T18:31:50.217735+00:00
714,5369599406,64.44,3.415,sell,True,2022-11-08T18:20:28.711892+00:00
715,5369593338,64.67,3.405,sell,True,2022-11-08T18:20:22.677116+00:00
716,5369550206,64.905,3.39,sell,True,2022-11-08T18:19:49.306337+00:00
717,5369140071,65.14,1.84,sell,True,2022-11-08T18:10:08.626941+00:00
718,5369086245,65.14,0.075,sell,False,2022-11-08T18:09:24.764541+00:00
719,5368114152,65.315,1.0,sell,False,2022-11-08T17:46:24.637873+00:00
720,5367470923,65.14,1.465,sell,False,2022-11-08T17:21:35.263731+00:00
721,5367470922,65.165,4.375,sell,False,2022-11-08T17:21:35.263731+00:00
722,5367444248,65.155,0.645,sell,False,2022-11-08T17:21:01.400598+00:00
723,5366180226,65.375,3.37,buy,False,2022-11-08T16:33:00.092165+00:00
724,5365182047,65.265,0.615,buy,False,2022-11-08T16:09:00.570878+00:00
725,5364582922,65.14,1.775,buy,False,2022-11-08T15:49:16.281090+00:00
726,5364553371,65.14,1.605,buy,False,2022-11-08T15:47:20.497054+00:00
727,5364518170,65.025,0.62,buy,False,2022-11-08T15:44:30.496236+00:00
728,5364514460,65.005,0.015,buy,False,2022-11-08T15:44:15.153873+00:00
729,5364514459,65.0,4.945,buy,False,2022-11-08T15:44:15.153873+00:00
730,5364514402,65.0,4.965,buy,False,2022-11-08T15:44:14.624117+00:00
731,5364514344,65.0,4.805,buy,False,2022-11-08T15:44:14.065554+00:00
732,5364514292,65.0,5.285,buy,False,2022-11-08T15:44:13.527757+00:00
733,5364391321,64.905,3.39,buy,False,2022-11-08T15:34:51.215908+00:00
734,5364290166,64.785,0.62,buy,False,2022-11-08T15:29:03.902392+00:00
735,5364170103,64.67,3.405,buy,False,2022-11-08T15:21:07.202059+00:00
736,5363858088,64.55,0.62,buy,False,2022-11-08T15:00:52.812126+00:00
737,5363858087,64.55,0.085,buy,False,2022-11-08T15:00:52.812126+00:00
738,5363784601,64.5,3.995,buy,False,2022-11-08T14:55:58.308639+00:00
739,5363731128,64.44,3.415,buy,False,2022-11-08T14:53:11.500009+00:00
740,5363312689,64.015,0.03,sell,True,2022-11-08T14:34:50.597338+00:00
741,5362943349,64.31,0.625,buy,False,2022-11-08T14:09:54.014115+00:00
742,5362823217,64.205,3.605,buy,False,2022-11-08T14:02:13.862854+00:00
743,5362687054,64.205,1.39,buy,False,2022-11-08T13:55:29.903984+00:00
744,5362687053,64.205,0.17,buy,False,2022-11-08T13:55:29.903984+00:00
745,5362687052,64.205,3.27,buy,False,2022-11-08T13:55:29.903984+00:00
746,5362451083,64.205,0.16,buy,False,2022-11-08T13:29:02.282305+00:00
747,5361621986,64.07,0.625,buy,False,2022-11-08T11:41:11.450642+00:00
748,5361621905,64.005,0.015,buy,False,2022-11-08T11:41:10.882841+00:00
749,5361621904,63.975,3.44,buy,False,2022-11-08T11:41:10.882841+00:00
750,5361614982,63.835,0.63,buy,False,2022-11-08T11:40:10.829394+00:00
751,5361489835,63.745,3.455,buy,False,2022-11-08T11:26:41.480809+00:00
752,5360977870,63.595,0.63,buy,False,2022-11-08T10:33:54.087664+00:00
753,5360977843,63.515,3.465,buy,False,2022-11-08T10:33:53.558419+00:00
754,5360799061,63.46,4.0,buy,False,2022-11-08T10:14:06.192645+00:00
755,5360401828,63.36,0.635,buy,False,2022-11-08T09:31:40.059821+00:00
756,5360303815,63.29,3.48,buy,False,2022-11-08T09:21:35.550611+00:00
757,5360138809,63.12,0.635,buy,False,2022-11-08T09:05:00.478085+00:00
758,5360107861,63.06,3.505,buy,False,2022-11-08T09:02:02.438024+00:00
759,5360089425,63.005,0.015,buy,False,2022-11-08T09:00:13.892339+00:00
760,5360088273,62.88,0.64,buy,False,2022-11-08T09:00:07.570036+00:00
761,5360087755,62.835,0.11,buy,False,2022-11-08T09:00:05.729114+00:00
762,5360087754,62.835,3.515,buy,False,2022-11-08T09:00:05.729114+00:00
763,5360079816,62.77,0.16,sell,False,2022-11-08T08:58:59.669767+00:00
764,5359897866,62.61,3.53,buy,False,2022-11-08T08:39:45.301678+00:00
765,5359885143,62.6,4.04,buy,False,2022-11-08T08:38:39.579645+00:00
766,5359884592,62.6,5.05,buy,False,2022-11-08T08:38:36.874839+00:00
767,5359883768,62.6,5.0,buy,False,2022-11-08T08:38:34.178712+00:00
768,5359883179,62.6,5.215,buy,False,2022-11-08T08:38:31.185497+00:00
769,5359882870,62.6,5.195,buy,False,2022-11-08T08:38:29.740773+00:00
770,5359882674,62.6,4.725,buy,False,2022-11-08T08:38:29.206168+00:00
771,5359882452,62.6,4.54,buy,False,2022-11-08T08:38:28.670835+00:00
772,5359882385,62.6,5.33,buy,False,2022-11-08T08:38:28.134740+00:00
773,5359882272,62.6,5.25,buy,False,2022-11-08T08:38:27.587894+00:00
774,5359881826,62.6,5.285,buy,False,2022-11-08T08:38:26.733033+00:00
775,5359601053,62.6,5.37,buy,False,2022-11-08T08:14:58.571698+00:00
776,5359601052,62.595,2.27,buy,False,2022-11-08T08:14:58.571698+00:00
777,5358429115,62.345,2.565,sell,False,2022-11-08T06:41:29.705200+00:00
778,5357818103,62.29,0.505,sell,False,2022-11-08T06:01:11.728147+00:00
779,5357695655,62.275,0.22,buy,False,2022-11-08T05:53:23.110453+00:00
780,5357671166,62.275,4.78,sell,False,2022-11-08T05:51:26.094594+00:00
781,5357567940,62.275,0.33,sell,False,2022-11-08T05:45:20.501765+00:00
782,5357506011,62.245,0.01,sell,False,2022-11-08T05:42:12.860346+00:00
783,5355830638,62.3,9.925,buy,False,2022-11-08T04:26:25.350228+00:00
784,5355830613,62.3,12.18,sell,False,2022-11-08T04:26:25.240902+00:00
785,5355830612,62.305,8.4,sell,False,2022-11-08T04:26:25.240902+00:00
786,5355830611,62.31,2.27,sell,False,2022-11-08T04:26:25.240902+00:00
787,5355830610,62.37,4.86,sell,False,2022-11-08T04:26:25.240902+00:00
788,5355830609,62.385,3.53,sell,False,2022-11-08T04:26:25.240902+00:00
789,5351612318,62.42,4.185,sell,False,2022-11-07T23:34:43.731959+00:00
790,5349717180,62.605,0.93,sell,False,2022-11-07T20:30:13.061021+00:00
791,5349572547,62.61,3.53,buy,False,2022-11-07T20:09:58.377743+00:00
792,5349395798,62.565,0.535,sell,False,2022-11-07T19:47:51.767816+00:00
793,5346794712,62.385,3.53,sell,False,2022-11-07T14:45:22.121759+00:00
794,5345602525,62.47,0.025,sell,False,2022-11-07T12:23:49.644471+00:00
795,5345182170,62.595,2.46,sell,False,2022-11-07T11:26:05.714760+00:00
796,5345110495,62.65,2.87,sell,False,2022-11-07T11:13:17.953568+00:00
797,5345057446,62.645,0.64,buy,False,2022-11-07T11:03:58.847127+00:00
798,5345056272,62.61,0.67,buy,False,2022-11-07T11:03:47.496519+00:00
799,5345038825,62.6,1.0,buy,False,2022-11-07T11:01:07.951356+00:00
800,5343905893,62.385,0.645,buy,False,2022-11-07T08:32:55.205572+00:00
801,5343905736,62.385,1.9,buy,False,2022-11-07T08:32:54.669352+00:00
802,5343905735,62.385,3.54,buy,False,2022-11-07T08:32:54.669352+00:00
803,5341032492,62.1,4.81,buy,False,2022-11-07T02:35:19.146109+00:00
804,5341032406,62.1,5.27,buy,False,2022-11-07T02:35:18.600214+00:00
805,5341031238,62.1,5.37,buy,False,2022-11-07T02:35:06.853650+00:00
806,5341030987,62.1,4.93,buy,False,2022-11-07T02:35:06.231047+00:00
807,5341030844,62.1,5.345,buy,False,2022-11-07T02:35:05.694052+00:00
808,5341025488,62.1,4.61,buy,False,2022-11-07T02:34:11.027016+00:00
809,5341025332,62.1,4.735,buy,False,2022-11-07T02:34:08.497780+00:00
810,5341025007,62.1,5.11,buy,False,2022-11-07T02:34:05.631133+00:00
811,5341024774,62.1,5.235,buy,False,2022-11-07T02:34:03.031603+00:00
812,5341024018,62.1,5.325,buy,False,2022-11-07T02:33:59.929742+00:00
813,5341023853,62.1,4.525,buy,False,2022-11-07T02:33:57.523097+00:00
814,5341023632,62.1,4.72,buy,False,2022-11-07T02:33:55.136677+00:00
815,5341023574,62.1,4.995,buy,False,2022-11-07T02:33:54.606368+00:00
816,5341023535,62.1,5.24,buy,False,2022-11-07T02:33:54.069382+00:00
817,5341023498,62.1,5.16,buy,False,2022-11-07T02:33:53.418588+00:00
818,5341023476,62.1,4.76,buy,False,2022-11-07T02:33:52.885229+00:00
819,5341023180,62.1,4.995,buy,False,2022-11-07T02:33:49.247243+00:00
820,5341022924,62.1,4.52,buy,False,2022-11-07T02:33:47.883385+00:00
821,5340975310,62.1,9.195,sell,False,2022-11-07T02:26:57.561041+00:00
822,5340760491,62.1,0.805,sell,False,2022-11-07T02:03:35.034595+00:00
823,5340719108,62.11,5.4,buy,False,2022-11-07T01:57:56.030376+00:00
824,5340718949,62.11,5.09,buy,False,2022-11-07T01:57:53.323604+00:00
825,5340718795,62.11,5.35,buy,False,2022-11-07T01:57:50.635229+00:00
826,5340718538,62.11,5.18,buy,False,2022-11-07T01:57:48.369500+00:00
827,5340718482,62.11,4.595,buy,False,2022-11-07T01:57:47.675311+00:00
828,5340718329,62.11,5.325,buy,False,2022-11-07T01:57:46.924943+00:00
829,5340718273,62.11,5.39,buy,False,2022-11-07T01:57:46.386019+00:00
830,5340718244,62.11,5.11,buy,False,2022-11-07T01:57:45.849261+00:00
831,5340718187,62.11,5.025,buy,False,2022-11-07T01:57:44.753978+00:00
832,5340717744,62.105,2.265,buy,False,2022-11-07T01:57:40.386740+00:00
833,5340090509,62.11,0.475,buy,False,2022-11-07T00:47:06.777939+00:00
834,5340090469,62.11,4.65,buy,False,2022-11-07T00:47:06.154001+00:00
835,5340090424,62.11,4.87,buy,False,2022-11-07T00:47:05.624386+00:00
836,5340065867,61.96,0.755,sell,False,2022-11-07T00:44:01.381276+00:00
837,5340065866,62.0,3.225,sell,False,2022-11-07T00:44:01.381276+00:00
838,5340065865,62.07,0.02,sell,False,2022-11-07T00:44:01.381276+00:00
839,5334884232,62.135,3.955,sell,False,2022-11-06T14:09:38.461975+00:00
840,5334884231,62.16,0.505,sell,False,2022-11-06T14:09:38.461975+00:00
841,5334843106,62.16,3.0,sell,False,2022-11-06T14:02:37.666919+00:00
842,5333368197,62.61,0.19,buy,False,2022-11-06T09:38:36.393956+00:00
843,5332797091,62.61,0.01,buy,False,2022-11-06T08:00:53.863012+00:00
844,5332078367,62.61,0.755,buy,False,2022-11-06T05:33:29.463009+00:00
845,5328337589,62.16,0.005,sell,False,2022-11-05T19:01:39.792901+00:00
846,5328336107,62.16,0.005,sell,False,2022-11-05T19:01:26.157218+00:00
847,5328334908,62.16,0.005,sell,False,2022-11-05T19:01:09.619151+00:00
848,5328333524,62.16,0.005,sell,False,2022-11-05T19:00:55.436333+00:00
849,5328331521,62.16,0.005,sell,False,2022-11-05T19:00:41.018914+00:00
850,5328329414,62.16,0.005,sell,False,2022-11-05T19:00:24.972787+00:00
851,5328327611,62.16,0.005,sell,False,2022-11-05T19:00:10.104635+00:00
852,5327722925,62.61,0.13,buy,False,2022-11-05T17:34:16.956516+00:00
853,5324732999,62.61,1.605,buy,False,2022-11-05T10:56:28.841653+00:00
854,5323582918,62.61,0.01,buy,False,2022-11-05T07:56:49.220256+00:00
855,5323541489,62.61,0.16,buy,False,2022-11-05T07:47:19.313285+00:00
856,5318690582,62.405,0.645,buy,False,2022-11-04T19:59:49.956038+00:00
857,5318689725,62.385,1.67,buy,False,2022-11-04T19:59:47.220617+00:00
858,5318632377,62.385,1.87,buy,False,2022-11-04T19:51:44.592116+00:00
859,5318352208,62.165,0.375,buy,False,2022-11-04T19:15:07.787650+00:00
860,5318351635,62.16,3.555,buy,False,2022-11-04T19:15:04.324665+00:00
861,5316487960,61.895,3.445,sell,False,2022-11-04T15:50:46.042061+00:00
862,5316487794,61.895,4.63,sell,False,2022-11-04T15:50:44.804564+00:00
863,5316453169,61.935,3.555,sell,False,2022-11-04T15:47:31.106775+00:00
864,5316353572,61.985,3.22,buy,False,2022-11-04T15:40:54.561191+00:00
865,5315853915,62.165,0.27,buy,False,2022-11-04T14:58:01.301319+00:00
866,5315853914,62.16,0.175,buy,False,2022-11-04T14:58:01.301319+00:00
867,5315853913,62.16,3.555,buy,False,2022-11-04T14:58:01.301319+00:00
868,5315273539,62.0,2.68,buy,False,2022-11-04T14:22:45.958011+00:00
869,5315273261,62.0,5.28,buy,False,2022-11-04T14:22:45.413071+00:00
870,5315263704,61.935,3.565,buy,False,2022-11-04T14:22:15.499898+00:00
871,5315263703,61.93,0.65,buy,False,2022-11-04T14:22:15.499898+00:00
872,5315060923,61.715,3.58,buy,False,2022-11-04T14:12:43.983699+00:00
873,5315057628,61.69,0.65,buy,False,2022-11-04T14:12:35.756606+00:00
874,5314923802,61.495,3.595,buy,False,2022-11-04T13:59:01.859254+00:00
875,5314907219,61.45,0.72,buy,False,2022-11-04T13:56:50.171484+00:00
876,5314905175,61.45,5.0,buy,False,2022-11-04T13:56:38.393195+00:00
877,5314904524,61.45,4.28,buy,False,2022-11-04T13:56:36.956593+00:00
878,5314904523,61.45,0.655,buy,False,2022-11-04T13:56:36.956593+00:00
879,5314492402,61.27,3.605,buy,False,2022-11-04T13:21:26.314708+00:00
880,5314364947,61.215,0.655,buy,False,2022-11-04T13:11:38.722542+00:00
881,5314188421,61.05,1.88,buy,False,2022-11-04T13:00:11.455970+00:00
882,5313580911,60.975,1.825,sell,False,2022-11-04T12:30:22.857333+00:00
883,5313296831,60.975,0.24,sell,False,2022-11-04T12:06:09.160002+00:00
884,5313000611,61.05,1.73,buy,False,2022-11-04T11:29:19.576742+00:00
885,5312999876,60.975,0.335,buy,False,2022-11-04T11:29:13.691329+00:00
886,5312114969,60.975,0.325,buy,False,2022-11-04T09:34:06.940695+00:00
887,5311395485,60.83,3.63,buy,False,2022-11-04T08:10:30.920365+00:00
888,5311394705,60.74,0.655,buy,False,2022-11-04T08:10:25.128601+00:00
889,5311358540,60.615,3.595,buy,False,2022-11-04T08:06:27.488339+00:00
890,5311174622,60.295,1.0,sell,False,2022-11-04T07:43:22.317342+00:00
891,5310937671,60.615,0.01,buy,False,2022-11-04T07:11:20.224251+00:00
892,5309772261,60.615,0.02,buy,False,2022-11-04T04:57:44.745390+00:00
893,5309536620,60.615,0.02,buy,False,2022-11-04T04:24:50.440137+00:00
894,5307689063,60.52,0.02,buy,False,2022-11-04T00:28:08.910409+00:00
895,5307636117,60.54,0.02,buy,False,2022-11-04T00:23:00.976563+00:00
896,5307249759,60.395,0.165,sell,False,2022-11-03T23:34:03.544746+00:00
897,5307249758,60.395,3.645,sell,False,2022-11-03T23:34:03.544746+00:00
898,5306559839,60.4,1.0,sell,False,2022-11-03T22:14:15.979338+00:00
899,5306559838,60.4,0.1,sell,False,2022-11-03T22:14:15.979338+00:00
900,5306352593,60.655,0.01,buy,False,2022-11-03T21:33:29.168401+00:00
901,5306284523,60.645,1.0,buy,False,2022-11-03T21:16:54.474264+00:00
902,5305561783,60.74,0.005,buy,False,2022-11-03T19:02:52.317646+00:00
903,5303969462,60.615,3.645,buy,False,2022-11-03T15:03:06.334379+00:00
904,5303840632,60.5,0.665,buy,False,2022-11-03T14:47:44.078418+00:00
905,5303825914,60.44,3.495,buy,False,2022-11-03T14:45:53.034903+00:00
906,5303825363,60.44,4.665,buy,False,2022-11-03T14:45:49.178063+00:00
907,5303823782,60.395,3.66,buy,False,2022-11-03T14:45:39.608888+00:00
908,5303811094,60.26,0.665,buy,False,2022-11-03T14:44:13.133815+00:00
909,5303787002,60.18,3.67,buy,False,2022-11-03T14:41:28.615523+00:00
910,5303685027,60.025,0.67,buy,False,2022-11-03T14:28:43.041393+00:00
911,5303677577,59.965,3.685,buy,False,2022-11-03T14:27:43.651561+00:00
912,5303560174,59.785,0.67,buy,False,2022-11-03T14:16:13.440895+00:00
913,5303411162,59.565,0.675,sell,False,2022-11-03T14:02:04.552009+00:00
914,5303399819,59.67,3.53,sell,False,2022-11-03T14:01:12.329717+00:00
915,5303399670,59.67,4.63,sell,False,2022-11-03T14:01:11.737018+00:00
916,5303397747,59.7,0.1,sell,False,2022-11-03T14:01:03.794744+00:00
917,5303391477,59.745,3.685,sell,False,2022-11-03T14:00:44.337918+00:00
918,5303390492,59.775,0.67,sell,False,2022-11-03T14:00:42.491554+00:00
919,5303388361,59.8,0.1,sell,False,2022-11-03T14:00:35.396265+00:00
920,5303236874,59.965,3.67,sell,False,2022-11-03T13:45:03.669554+00:00
921,5303236873,60.0,0.33,sell,False,2022-11-03T13:45:03.669554+00:00
922,5303163007,60.0,0.67,sell,False,2022-11-03T13:37:00.832642+00:00
923,5303161188,60.09,0.665,sell,False,2022-11-03T13:36:43.344340+00:00
924,5303157985,60.18,3.005,sell,False,2022-11-03T13:36:21.480519+00:00
925,5303157490,60.2,0.5,sell,False,2022-11-03T13:36:18.428404+00:00
926,5303146078,60.3,1.655,sell,False,2022-11-03T13:35:08.480381+00:00
927,5302895281,60.3,0.5,sell,False,2022-11-03T13:02:25.459039+00:00
928,5302777667,60.315,1.41,sell,False,2022-11-03T12:49:29.940575+00:00
929,5302690507,60.315,0.665,sell,False,2022-11-03T12:37:32.040769+00:00
930,5302684910,60.39,0.66,sell,False,2022-11-03T12:36:52.364402+00:00
931,5302228040,60.395,3.645,sell,False,2022-11-03T11:47:20.714641+00:00
932,5302219667,60.4,1.0,sell,False,2022-11-03T11:46:48.052066+00:00
933,5302219666,60.4,0.02,sell,False,2022-11-03T11:46:48.052066+00:00
934,5302014865,60.5,0.02,sell,False,2022-11-03T11:28:29.711205+00:00
935,5301653682,60.6,2.0,sell,False,2022-11-03T10:44:10.170439+00:00
936,5301653681,60.6,0.1,sell,False,2022-11-03T10:44:10.170439+00:00
937,5301652262,60.61,0.5,sell,False,2022-11-03T10:44:02.766650+00:00
938,5301652261,60.61,0.1,sell,False,2022-11-03T10:44:02.766650+00:00
939,5301652260,60.61,0.03,sell,False,2022-11-03T10:44:02.766650+00:00
940,5301574423,60.615,2.97,sell,False,2022-11-03T10:31:39.847678+00:00
941,5301340013,60.615,0.66,sell,False,2022-11-03T09:58:28.692991+00:00
942,5301335619,60.7,1.0,sell,False,2022-11-03T09:57:34.699389+00:00
943,5301335618,60.7,1.32,sell,False,2022-11-03T09:57:34.699389+00:00
944,5300451843,61.03,1.4,sell,False,2022-11-03T07:23:13.467467+00:00
945,5300448515,61.04,0.01,buy,False,2022-11-03T07:22:42.275373+00:00
946,5300070004,61.05,0.01,buy,False,2022-11-03T06:14:56.569382+00:00
947,5298243176,61.03,0.66,buy,False,2022-11-03T01:18:12.674848+00:00
948,5296678068,61.01,2.0,buy,False,2022-11-02T20:49:35.958015+00:00
949,5296628910,61.01,0.01,buy,False,2022-11-02T20:42:57.651178+00:00
950,5296217467,60.94,1.0,buy,False,2022-11-02T20:13:04.109683+00:00
951,5296128451,60.875,0.07,buy,False,2022-11-02T20:05:26.142296+00:00
952,5296118308,60.865,3.0,buy,False,2022-11-02T20:04:06.001567+00:00
953,5296057251,61.02,0.5,buy,False,2022-11-02T19:59:37.826993+00:00
954,5295985749,60.97,0.01,sell,False,2022-11-02T19:51:41.959619+00:00
955,5295964545,61.02,1.145,buy,False,2022-11-02T19:49:43.258924+00:00
956,5295883713,60.64,0.15,sell,False,2022-11-02T19:41:25.056760+00:00
957,5295876810,60.8,0.02,sell,False,2022-11-02T19:40:44.731536+00:00
958,5295867460,60.83,0.4,sell,False,2022-11-02T19:40:04.959253+00:00
959,5295860719,60.9,0.03,sell,False,2022-11-02T19:39:25.030893+00:00
960,5295855691,61.0,0.02,sell,False,2022-11-02T19:38:52.816202+00:00
961,5295855690,61.0,0.02,sell,False,2022-11-02T19:38:52.816202+00:00
962,5295855689,61.0,0.02,sell,False,2022-11-02T19:38:52.816202+00:00
963,5295680988,61.05,3.605,sell,False,2022-11-02T19:28:50.053329+00:00
964,5295644832,61.115,0.655,sell,False,2022-11-02T19:28:01.017149+00:00
965,5295616697,61.21,3.31,sell,False,2022-11-02T19:26:56.393334+00:00
966,5295616017,61.21,4.65,sell,False,2022-11-02T19:26:55.677968+00:00
967,5295583564,61.26,0.02,sell,False,2022-11-02T19:26:08.635589+00:00
968,5295583563,61.26,0.02,sell,False,2022-11-02T19:26:08.635589+00:00
969,5295583562,61.26,0.02,sell,False,2022-11-02T19:26:08.635589+00:00
970,5295583561,61.26,0.02,sell,False,2022-11-02T19:26:08.635589+00:00
971,5295579638,61.27,0.175,sell,False,2022-11-02T19:26:01.923909+00:00
972,5295579637,61.27,3.15,sell,False,2022-11-02T19:26:01.923909+00:00
973,5295507366,61.27,0.445,sell,False,2022-11-02T19:22:27.631842+00:00
974,5295496237,61.45,0.01,sell,False,2022-11-02T19:21:35.927897+00:00
975,5295496236,61.45,0.02,sell,False,2022-11-02T19:21:35.927897+00:00
976,5295487741,61.495,3.58,sell,False,2022-11-02T19:21:14.759784+00:00
977,5295473401,61.5,0.02,sell,False,2022-11-02T19:20:41.757469+00:00
978,5295473400,61.5,0.02,sell,False,2022-11-02T19:20:41.757469+00:00
979,5295473399,61.5,0.02,sell,False,2022-11-02T19:20:41.757469+00:00
980,5295473398,61.5,0.02,sell,False,2022-11-02T19:20:41.757469+00:00
981,5295473397,61.5,0.1,sell,False,2022-11-02T19:20:41.757469+00:00
982,5295467384,61.58,3.9,sell,False,2022-11-02T19:20:22.683303+00:00
983,5294931117,61.7,0.02,sell,False,2022-11-02T18:51:41.011954+00:00
984,5294931116,61.7,0.02,sell,False,2022-11-02T18:51:41.011954+00:00
985,5294929492,61.715,3.565,sell,False,2022-11-02T18:51:39.209385+00:00
986,5294893676,61.935,3.555,sell,False,2022-11-02T18:51:01.298555+00:00
987,5294672103,62.16,3.555,buy,False,2022-11-02T18:42:10.136554+00:00
988,5294563770,61.935,3.555,sell,False,2022-11-02T18:39:05.723024+00:00
989,5294470858,62.16,3.54,sell,False,2022-11-02T18:37:41.750413+00:00
990,5294415118,62.385,3.53,sell,False,2022-11-02T18:36:47.315157+00:00
991,5294413916,62.4,0.05,sell,False,2022-11-02T18:36:46.474730+00:00
992,5294373522,62.61,0.015,buy,False,2022-11-02T18:35:48.305692+00:00
993,5294230988,62.385,3.54,buy,False,2022-11-02T18:29:11.475440+00:00
994,5293737530,62.16,3.555,buy,False,2022-11-02T18:06:14.500300+00:00
995,5293543634,61.935,3.565,buy,False,2022-11-02T18:01:46.932365+00:00
996,5293110201,61.79,0.16,buy,False,2022-11-02T17:26:33.230854+00:00
997,5292763812,61.715,3.565,sell,False,2022-11-02T16:36:04.089987+00:00
998,5292407248,61.935,3.555,sell,False,2022-11-02T15:17:43.873862+00:00
999,5292337019,62.16,3.54,sell,False,2022-11-02T15:03:26.960362+00:00
1000,5292150875,62.21,0.02,sell,False,2022-11-02T14:29:03.560300+00:00
1001,5292150874,62.21,0.02,sell,False,2022-11-02T14:29:03.560300+00:00
1002,5291019914,62.61,3.19,buy,False,2022-11-02T10:56:43.676036+00:00
1003,5290552781,62.61,0.315,buy,False,2022-11-02T09:58:32.260211+00:00
1004,5290381260,62.61,0.01,buy,False,2022-11-02T09:35:52.023966+00:00
1005,5289919114,62.405,0.635,buy,False,2022-11-02T08:36:22.292645+00:00
1006,5289805150,62.405,0.01,buy,False,2022-11-02T08:13:20.624395+00:00
1007,5289773842,62.385,0.175,buy,False,2022-11-02T08:06:53.944225+00:00
1008,5289773841,62.385,3.54,buy,False,2022-11-02T08:06:53.944225+00:00
1009,5289741370,62.18,2.96,buy,False,2022-11-02T08:00:42.965731+00:00
1010,5289740646,62.16,0.645,buy,False,2022-11-02T08:00:36.918457+00:00
1011,5289740645,62.16,3.555,buy,False,2022-11-02T08:00:36.918457+00:00
1012,5289739245,62.0,3.225,buy,False,2022-11-02T08:00:22.248223+00:00
1013,5289739163,62.0,4.735,buy,False,2022-11-02T08:00:21.598194+00:00
1014,5289738865,61.935,3.565,buy,False,2022-11-02T08:00:19.839437+00:00
1015,5289738747,61.915,0.65,buy,False,2022-11-02T08:00:19.144794+00:00
1016,5289737203,61.715,3.58,buy,False,2022-11-02T08:00:10.841396+00:00
1017,5289737049,61.67,0.43,buy,False,2022-11-02T08:00:10.193454+00:00
1018,5289691665,61.67,0.01,buy,False,2022-11-02T07:50:46.973757+00:00
1019,5289235041,61.67,0.01,buy,False,2022-11-02T06:57:12.024539+00:00
1020,5288258226,61.67,0.01,buy,False,2022-11-02T04:16:29.471078+00:00
1021,5286763932,61.67,0.01,buy,False,2022-11-02T00:14:22.312885+00:00
1022,5286545432,61.67,0.01,buy,False,2022-11-01T23:49:06.173573+00:00
1023,5286524685,61.67,0.01,buy,False,2022-11-01T23:45:13.963655+00:00
1024,5286105718,61.67,0.16,buy,False,2022-11-01T22:18:31.013191+00:00
1025,5285868375,61.495,3.595,buy,False,2022-11-01T21:24:54.312719+00:00
1026,5285868057,61.425,0.645,buy,False,2022-11-01T21:24:49.391734+00:00
1027,5285800865,61.425,0.01,buy,False,2022-11-01T21:07:48.282624+00:00
1028,5285550377,61.2,0.655,sell,False,2022-11-01T20:12:37.326472+00:00
1029,5285550017,61.27,3.605,buy,False,2022-11-01T20:12:30.017406+00:00
1030,5285549733,61.05,0.14,sell,False,2022-11-01T20:12:25.019373+00:00
1031,5285549732,61.05,3.605,sell,False,2022-11-01T20:12:25.019373+00:00
1032,5285549731,61.055,0.655,sell,False,2022-11-01T20:12:25.019373+00:00
1033,5285549730,61.1,0.03,sell,False,2022-11-01T20:12:25.019373+00:00
1034,5285549729,61.1,0.02,sell,False,2022-11-01T20:12:25.019373+00:00
1035,5285549728,61.1,0.02,sell,False,2022-11-01T20:12:25.019373+00:00
1036,5285549727,61.16,16.68,sell,False,2022-11-01T20:12:25.019373+00:00
1037,5285549726,61.2,11.985,sell,False,2022-11-01T20:12:25.019373+00:00
1038,5285549725,61.2,0.02,sell,False,2022-11-01T20:12:25.019373+00:00
1039,5285549724,61.2,0.02,sell,False,2022-11-01T20:12:25.019373+00:00
1040,5285549723,61.2,0.02,sell,False,2022-11-01T20:12:25.019373+00:00
1041,5285549722,61.21,5.805,sell,False,2022-11-01T20:12:25.019373+00:00
1042,5285549721,61.215,2.275,sell,False,2022-11-01T20:12:25.019373+00:00
1043,5285549720,61.27,0.175,sell,False,2022-11-01T20:12:25.019373+00:00
1044,5285549719,61.27,3.595,sell,False,2022-11-01T20:12:25.019373+00:00
1045,5285549718,61.29,4.56,sell,False,2022-11-01T20:12:25.019373+00:00
1046,5285548922,61.285,0.655,sell,False,2022-11-01T20:12:09.818414+00:00
1047,5285547761,61.31,0.02,sell,False,2022-11-01T20:11:57.327646+00:00
1048,5285547760,61.395,8.465,sell,False,2022-11-01T20:11:57.327646+00:00
1049,5285547759,61.495,3.58,sell,False,2022-11-01T20:11:57.327646+00:00
1050,5285522916,61.71,0.02,sell,False,2022-11-01T20:05:10.707340+00:00
1051,5285522915,61.71,0.02,sell,False,2022-11-01T20:05:10.707340+00:00
1052,5285522914,61.71,0.02,sell,False,2022-11-01T20:05:10.707340+00:00
1053,5285522913,61.715,3.565,sell,False,2022-11-01T20:05:10.707340+00:00
1054,5285522912,61.72,0.1,sell,False,2022-11-01T20:05:10.707340+00:00
1055,5285432829,61.935,3.555,sell,False,2022-11-01T19:46:45.971417+00:00
1056,5285396106,62.005,5.0,sell,False,2022-11-01T19:39:34.804268+00:00
1057,5285396105,62.005,0.015,sell,False,2022-11-01T19:39:34.804268+00:00
1058,5284316458,62.18,0.4,buy,False,2022-11-01T16:04:12.945510+00:00
1059,5284206217,62.245,0.295,buy,False,2022-11-01T15:41:10.973125+00:00
1060,5284192077,62.16,3.54,sell,False,2022-11-01T15:39:09.728049+00:00
1061,5284102384,62.24,0.015,buy,False,2022-11-01T15:20:47.680869+00:00
1062,5284096029,62.21,0.01,sell,False,2022-11-01T15:19:56.067393+00:00
1063,5284096028,62.21,0.1,sell,False,2022-11-01T15:19:56.067393+00:00
1064,5283872679,62.385,3.53,sell,False,2022-11-01T14:40:35.429675+00:00
1065,5283622798,62.61,3.515,sell,False,2022-11-01T14:09:37.913469+00:00
1066,5283622797,62.61,0.355,sell,False,2022-11-01T14:09:37.913469+00:00
1067,5283618852,62.61,0.32,sell,False,2022-11-01T14:09:15.277942+00:00
1068,5283569578,62.835,4.11,sell,False,2022-11-01T14:04:36.179548+00:00
1069,5283549372,62.835,0.66,sell,False,2022-11-01T14:02:19.012462+00:00
1070,5283549371,62.835,3.505,sell,False,2022-11-01T14:02:19.012462+00:00
1071,5283434337,63.005,0.17,sell,False,2022-11-01T13:51:21.877427+00:00
1072,5283252590,63.06,0.635,buy,False,2022-11-01T13:40:23.615295+00:00
1073,5283252589,63.06,3.49,buy,False,2022-11-01T13:40:23.615295+00:00
1074,5283215132,62.85,0.32,buy,False,2022-11-01T13:35:01.416857+00:00
1075,5283215131,62.835,3.505,buy,False,2022-11-01T13:35:01.416857+00:00
1076,5283215101,62.82,0.175,buy,False,2022-11-01T13:35:00.840403+00:00
1077,5283215100,62.82,0.64,buy,False,2022-11-01T13:35:00.840403+00:00
1078,5283108616,62.645,0.015,buy,False,2022-11-01T13:18:02.817509+00:00
1079,5282814041,62.61,0.12,buy,False,2022-11-01T12:22:45.615510+00:00
1080,5282632293,62.245,1.605,sell,False,2022-11-01T11:58:36.360835+00:00
1081,5282200656,62.61,1.605,buy,False,2022-11-01T11:01:41.671555+00:00
1082,5282146758,62.395,0.165,sell,False,2022-11-01T10:53:37.032977+00:00
1083,5281605369,62.61,0.625,buy,False,2022-11-01T09:45:20.393894+00:00
1084,5281605368,62.385,3.54,buy,False,2022-11-01T09:45:20.393894+00:00
1085,5281236069,62.16,2.955,buy,False,2022-11-01T08:51:20.105121+00:00
1086,5279841521,62.16,0.6,buy,False,2022-11-01T04:57:25.775397+00:00
1087,5279621526,62.02,0.01,sell,False,2022-11-01T04:27:30.131391+00:00
1088,5279286694,62.015,0.01,buy,False,2022-11-01T03:27:25.366438+00:00
1089,5277881671,61.98,0.01,buy,False,2022-10-31T23:35:43.253621+00:00
1090,5277157580,62.065,0.01,buy,False,2022-10-31T21:33:22.135864+00:00
1091,5274823861,61.935,3.565,buy,False,2022-10-31T15:47:33.756634+00:00
1092,5274725464,61.715,3.58,buy,False,2022-10-31T15:32:32.620272+00:00
1093,5274424442,61.495,3.595,buy,False,2022-10-31T15:00:18.745679+00:00
1094,5274210945,61.24,17.25,sell,False,2022-10-31T14:41:43.205461+00:00
1095,5274179507,61.21,2.155,sell,False,2022-10-31T14:40:24.562402+00:00
1096,5274179506,61.27,3.595,sell,False,2022-10-31T14:40:24.562402+00:00
1097,5273218098,61.4,1.0,buy,False,2022-10-31T13:47:50.728326+00:00
1098,5273217477,61.4,2.0,buy,False,2022-10-31T13:47:44.567429+00:00
1099,5273206414,61.3,0.02,sell,False,2022-10-31T13:46:40.342340+00:00
1100,5273206413,61.3,0.02,sell,False,2022-10-31T13:46:40.342340+00:00
1101,5273206412,61.3,0.01,sell,False,2022-10-31T13:46:40.342340+00:00
1102,5273198706,61.38,0.02,sell,False,2022-10-31T13:46:03.620283+00:00
1103,5273193260,61.4,0.01,sell,False,2022-10-31T13:45:33.295769+00:00
1104,5273192879,61.43,0.165,sell,False,2022-10-31T13:45:31.067944+00:00
1105,5273188226,61.495,3.58,sell,False,2022-10-31T13:45:05.778813+00:00
1106,5273188116,61.5,0.02,sell,False,2022-10-31T13:45:05.247455+00:00
1107,5273185704,61.52,0.02,sell,False,2022-10-31T13:44:49.842771+00:00
1108,5273185703,61.52,0.265,sell,False,2022-10-31T13:44:49.842771+00:00
1109,5273176528,61.54,0.02,sell,False,2022-10-31T13:43:53.422687+00:00
1110,5273176526,61.54,0.02,sell,False,2022-10-31T13:43:53.422687+00:00
1111,5273165928,61.645,0.015,sell,False,2022-10-31T13:42:44.603566+00:00
1112,5273141236,61.71,0.02,sell,False,2022-10-31T13:40:29.564618+00:00
1113,5273140906,61.715,3.565,sell,False,2022-10-31T13:40:28.574525+00:00
1114,5273102960,61.72,0.02,sell,False,2022-10-31T13:36:54.450956+00:00
1115,5273102959,61.72,0.1,sell,False,2022-10-31T13:36:54.450956+00:00
1116,5272769295,61.995,0.35,buy,False,2022-10-31T12:58:42.477757+00:00
1117,5272525857,61.995,0.16,buy,False,2022-10-31T12:22:54.664419+00:00
1118,5271705304,62.125,0.165,buy,False,2022-10-31T10:31:49.077209+00:00
1119,5271690820,62.125,0.01,buy,False,2022-10-31T10:29:52.175997+00:00
1120,5271070088,61.74,0.02,sell,False,2022-10-31T09:34:43.387389+00:00
1121,5271070087,61.74,0.02,sell,False,2022-10-31T09:34:43.387389+00:00
1122,5270811250,62.0,0.01,sell,False,2022-10-31T08:49:43.046047+00:00
1123,5270625286,61.97,0.01,buy,False,2022-10-31T08:11:53.656652+00:00
1124,5270610148,61.935,3.555,sell,False,2022-10-31T08:09:43.035292+00:00
1125,5270607575,61.94,0.02,sell,False,2022-10-31T08:09:25.271270+00:00
1126,5270607574,61.94,0.02,sell,False,2022-10-31T08:09:25.271270+00:00
1127,5270607573,61.94,0.02,sell,False,2022-10-31T08:09:25.271270+00:00
1128,5270607572,61.94,0.01,sell,False,2022-10-31T08:09:25.271270+00:00
1129,5270385152,62.17,0.1,sell,False,2022-10-31T07:30:01.819175+00:00
1130,5269709486,62.35,1.055,buy,False,2022-10-31T05:26:28.293961+00:00
1131,5267687176,62.195,0.01,buy,False,2022-10-31T00:02:05.046911+00:00
1132,5267571038,62.235,0.01,buy,False,2022-10-30T23:35:09.801295+00:00
1133,5267509199,62.285,0.01,buy,False,2022-10-30T23:22:25.688781+00:00
1134,5267444872,62.295,0.01,buy,False,2022-10-30T23:08:35.666718+00:00
1135,5267421225,62.275,0.01,buy,False,2022-10-30T23:04:34.952327+00:00
1136,5267009455,62.16,0.02,sell,False,2022-10-30T22:07:49.983233+00:00
1137,5267009454,62.16,0.02,sell,False,2022-10-30T22:07:49.983233+00:00
1138,5267009453,62.16,0.02,sell,False,2022-10-30T22:07:49.983233+00:00
1139,5267009452,62.16,1.68,sell,False,2022-10-30T22:07:49.983233+00:00
1140,5266989675,62.2,0.02,sell,False,2022-10-30T22:05:33.167447+00:00
1141,5266989674,62.2,0.02,sell,False,2022-10-30T22:05:33.167447+00:00
1142,5266989673,62.2,0.02,sell,False,2022-10-30T22:05:33.167447+00:00
1143,5266989672,62.2,0.4,sell,False,2022-10-30T22:05:33.167447+00:00
1144,5266830368,62.61,0.01,buy,False,2022-10-30T21:32:07.510262+00:00
1145,5266624026,62.61,0.01,buy,False,2022-10-30T20:39:24.930706+00:00
1146,5266415642,62.61,0.075,buy,False,2022-10-30T19:53:25.117907+00:00
1147,5263921770,62.61,1.085,buy,False,2022-10-30T13:25:27.075006+00:00
1148,5263036639,62.16,0.065,sell,False,2022-10-30T10:54:28.115650+00:00
1149,5263036573,62.16,0.45,sell,False,2022-10-30T10:54:27.123703+00:00
1150,5263036534,62.16,0.715,sell,False,2022-10-30T10:54:26.567791+00:00
1151,5263036532,62.16,0.625,sell,False,2022-10-30T10:54:26.542545+00:00
1152,5261447556,62.16,0.005,sell,False,2022-10-30T07:43:42.520643+00:00
1153,5261447548,62.38,0.005,sell,False,2022-10-30T07:43:42.480365+00:00
1154,5261447533,62.38,0.005,sell,False,2022-10-30T07:43:42.205348+00:00
1155,5261447529,62.385,0.005,sell,False,2022-10-30T07:43:42.136070+00:00
1156,5261447496,62.385,0.005,sell,False,2022-10-30T07:43:41.526209+00:00
1157,5261447493,62.385,0.005,sell,False,2022-10-30T07:43:41.455217+00:00
1158,5261447460,62.385,0.005,sell,False,2022-10-30T07:43:41.125608+00:00
1159,5261447449,62.385,0.005,sell,False,2022-10-30T07:43:41.070374+00:00
1160,5261447406,62.385,0.005,sell,False,2022-10-30T07:43:40.555322+00:00
1161,5261447394,62.385,0.005,sell,False,2022-10-30T07:43:40.467138+00:00
1162,5261447364,62.385,0.005,sell,False,2022-10-30T07:43:40.126270+00:00
1163,5261447355,62.385,0.01,sell,False,2022-10-30T07:43:40.053106+00:00
1164,5261447330,62.385,0.015,sell,False,2022-10-30T07:43:39.501810+00:00
1165,5261447325,62.385,0.015,sell,False,2022-10-30T07:43:39.443703+00:00
1166,5261447273,62.385,0.02,sell,False,2022-10-30T07:43:39.101540+00:00
1167,5261447269,62.385,0.02,sell,False,2022-10-30T07:43:39.041896+00:00
1168,5261447229,62.385,0.025,sell,False,2022-10-30T07:43:38.510730+00:00
1169,5261447221,62.385,0.035,sell,False,2022-10-30T07:43:38.431855+00:00
1170,5261447168,62.385,0.04,sell,False,2022-10-30T07:43:38.134376+00:00
1171,5261447133,62.385,0.055,sell,False,2022-10-30T07:43:38.025363+00:00
1172,5261447064,62.385,0.09,sell,False,2022-10-30T07:43:37.445756+00:00
1173,5261447060,62.385,0.09,sell,False,2022-10-30T07:43:37.399649+00:00
1174,5261447015,62.385,0.145,sell,False,2022-10-30T07:43:37.029274+00:00
1175,5261447012,62.385,0.145,sell,False,2022-10-30T07:43:37.011083+00:00
1176,5261446977,62.385,0.245,sell,False,2022-10-30T07:43:36.401832+00:00
1177,5261446976,62.385,0.245,sell,False,2022-10-30T07:43:36.396736+00:00
1178,5261446945,62.385,0.41,sell,False,2022-10-30T07:43:36.057019+00:00
1179,5261446930,62.385,0.41,sell,False,2022-10-30T07:43:35.999379+00:00
1180,5261446864,62.385,0.51,sell,False,2022-10-30T07:43:35.669026+00:00
1181,5261446853,62.385,0.64,sell,False,2022-10-30T07:43:35.534646+00:00
1182,5261189843,62.385,0.16,sell,False,2022-10-30T07:14:05.405674+00:00
1183,5261082278,62.645,0.01,buy,False,2022-10-30T06:56:16.154517+00:00
1184,5260936432,62.645,1.595,buy,False,2022-10-30T06:30:42.652428+00:00
1185,5260712898,62.645,0.01,buy,False,2022-10-30T05:59:03.153927+00:00
1186,5258368073,62.645,0.01,buy,False,2022-10-29T22:48:44.815509+00:00
1187,5257241688,62.705,0.005,buy,False,2022-10-29T19:24:55.434055+00:00
1188,5257240730,62.645,0.005,buy,False,2022-10-29T19:24:39.170775+00:00
1189,5257239957,62.645,0.005,buy,False,2022-10-29T19:24:24.275668+00:00
1190,5257239143,62.645,0.005,buy,False,2022-10-29T19:24:10.463417+00:00
1191,5257238207,62.705,0.005,buy,False,2022-10-29T19:23:54.236917+00:00
1192,5257237226,62.645,0.005,buy,False,2022-10-29T19:23:41.303683+00:00
1193,5257236201,62.645,0.005,buy,False,2022-10-29T19:23:25.417480+00:00
1194,5257234756,62.645,0.005,buy,False,2022-10-29T19:23:09.167497+00:00
1195,5257233165,62.705,0.005,buy,False,2022-10-29T19:22:55.776754+00:00
1196,5257232001,62.645,0.005,buy,False,2022-10-29T19:22:40.556729+00:00
1197,5257230068,62.645,0.005,buy,False,2022-10-29T19:22:26.440546+00:00
1198,5257228315,62.645,0.005,buy,False,2022-10-29T19:22:09.742273+00:00
1199,5257226548,62.705,0.005,buy,False,2022-10-29T19:21:55.625158+00:00
1200,5257225371,62.645,0.005,buy,False,2022-10-29T19:21:40.352908+00:00
1201,5257224061,62.645,0.005,buy,False,2022-10-29T19:21:25.555481+00:00
1202,5257220703,62.645,0.005,buy,False,2022-10-29T19:21:09.245456+00:00
1203,5257219561,62.645,0.005,buy,False,2022-10-29T19:20:55.297979+00:00
1204,5257218285,62.645,0.005,buy,False,2022-10-29T19:20:40.936374+00:00
1205,5257216818,62.705,0.005,buy,False,2022-10-29T19:20:26.007361+00:00
1206,5257214679,62.705,0.005,buy,False,2022-10-29T19:20:10.902606+00:00
1207,5257212607,62.705,0.005,buy,False,2022-10-29T19:19:56.152042+00:00
1208,5257209431,62.645,0.005,buy,False,2022-10-29T19:19:39.225509+00:00
1209,5257207472,62.705,0.005,buy,False,2022-10-29T19:19:24.549953+00:00
1210,5257206105,62.645,0.005,buy,False,2022-10-29T19:19:11.023463+00:00
1211,5257203851,62.705,0.005,buy,False,2022-10-29T19:18:55.997405+00:00
1212,5257202362,62.645,0.005,buy,False,2022-10-29T19:18:39.232338+00:00
1213,5257200726,62.705,0.005,buy,False,2022-10-29T19:18:24.248502+00:00
1214,5257198515,62.645,0.005,buy,False,2022-10-29T19:18:10.097938+00:00
1215,5257197462,62.645,0.005,buy,False,2022-10-29T19:17:55.646205+00:00
1216,5257196082,62.645,0.005,buy,False,2022-10-29T19:17:39.151577+00:00
1217,5257193393,62.705,0.005,buy,False,2022-10-29T19:17:24.608376+00:00
1218,5257191658,62.645,0.005,buy,False,2022-10-29T19:17:10.569772+00:00
1219,5257189518,62.645,0.005,buy,False,2022-10-29T19:16:55.224846+00:00
1220,5257188228,62.645,0.005,buy,False,2022-10-29T19:16:39.978646+00:00
1221,5257185123,62.705,0.005,buy,False,2022-10-29T19:16:24.884276+00:00
1222,5257183902,62.645,0.005,buy,False,2022-10-29T19:16:11.018603+00:00
1223,5257182262,62.705,0.005,buy,False,2022-10-29T19:15:54.549931+00:00
1224,5257180998,62.645,0.005,buy,False,2022-10-29T19:15:40.957289+00:00
1225,5257179686,62.645,0.005,buy,False,2022-10-29T19:15:26.425057+00:00
1226,5257176335,62.645,0.005,buy,False,2022-10-29T19:15:09.598703+00:00
1227,5257174870,62.705,0.005,buy,False,2022-10-29T19:14:54.972638+00:00
1228,5257173246,62.645,0.005,buy,False,2022-10-29T19:14:40.854035+00:00
1229,5257171907,62.645,0.005,buy,False,2022-10-29T19:14:24.854709+00:00
1230,5257170919,62.645,0.005,buy,False,2022-10-29T19:14:09.552024+00:00
1231,5257169291,62.705,0.005,buy,False,2022-10-29T19:13:54.637288+00:00
1232,5257168412,62.645,0.005,buy,False,2022-10-29T19:13:40.177758+00:00
1233,5257167644,62.645,0.005,buy,False,2022-10-29T19:13:26.082518+00:00
1234,5257165710,62.645,0.005,buy,False,2022-10-29T19:13:10.444520+00:00
1235,5257164735,62.645,0.005,buy,False,2022-10-29T19:12:54.793333+00:00
1236,5257163525,62.645,0.005,buy,False,2022-10-29T19:12:40.981396+00:00
1237,5257162262,62.735,0.005,buy,False,2022-10-29T19:12:24.115353+00:00
1238,5257160752,62.645,0.005,buy,False,2022-10-29T19:12:09.961788+00:00
1239,5257159391,62.705,0.005,buy,False,2022-10-29T19:11:54.282474+00:00
1240,5257158164,62.645,0.005,buy,False,2022-10-29T19:11:39.278187+00:00
1241,5257157329,62.645,0.005,buy,False,2022-10-29T19:11:24.657890+00:00
1242,5257156392,62.645,0.005,buy,False,2022-10-29T19:11:11.048893+00:00
1243,5257155366,62.645,0.005,buy,False,2022-10-29T19:10:54.335486+00:00
1244,5257154582,62.645,0.005,buy,False,2022-10-29T19:10:40.840244+00:00
1245,5257153688,62.645,0.005,buy,False,2022-10-29T19:10:25.624134+00:00
1246,5257152834,62.645,0.005,buy,False,2022-10-29T19:10:10.614324+00:00
1247,5257151718,62.705,0.005,buy,False,2022-10-29T19:09:54.139203+00:00
1248,5257151030,62.645,0.005,buy,False,2022-10-29T19:09:40.131018+00:00
1249,5257149562,62.705,0.005,buy,False,2022-10-29T19:09:25.869221+00:00
1250,5257148762,62.645,0.005,buy,False,2022-10-29T19:09:10.970383+00:00
1251,5257147542,62.705,0.005,buy,False,2022-10-29T19:08:56.023693+00:00
1252,5257146399,62.645,0.005,buy,False,2022-10-29T19:08:39.131840+00:00
1253,5257145544,62.705,0.005,buy,False,2022-10-29T19:08:24.321260+00:00
1254,5257143501,62.645,0.005,buy,False,2022-10-29T19:08:10.074316+00:00
1255,5257142236,62.645,0.005,buy,False,2022-10-29T19:07:55.387237+00:00
1256,5257140378,62.645,0.005,buy,False,2022-10-29T19:07:40.674224+00:00
1257,5257137385,62.645,0.005,buy,False,2022-10-29T19:07:24.811548+00:00
1258,5257136050,62.645,0.005,buy,False,2022-10-29T19:07:11.422374+00:00
1259,5257134281,62.645,0.005,buy,False,2022-10-29T19:06:55.902069+00:00
1260,5257132022,62.645,0.005,buy,False,2022-10-29T19:06:39.403390+00:00
1261,5257130370,62.705,0.005,buy,False,2022-10-29T19:06:24.924791+00:00
1262,5257129502,62.645,0.005,buy,False,2022-10-29T19:06:09.688729+00:00
1263,5257128083,62.705,0.005,buy,False,2022-10-29T19:05:54.572384+00:00
1264,5257126795,62.645,0.005,buy,False,2022-10-29T19:05:39.844051+00:00
1265,5257125184,62.705,0.005,buy,False,2022-10-29T19:05:24.167935+00:00
1266,5257123192,62.645,0.005,buy,False,2022-10-29T19:05:11.200526+00:00
1267,5257119419,62.645,0.005,buy,False,2022-10-29T19:04:54.201829+00:00
1268,5257118494,62.645,0.005,buy,False,2022-10-29T19:04:39.902126+00:00
1269,5257117348,62.645,0.005,buy,False,2022-10-29T19:04:25.586754+00:00
1270,5257115436,62.645,0.005,buy,False,2022-10-29T19:04:09.363794+00:00
1271,5257113675,62.645,0.005,buy,False,2022-10-29T19:03:54.883341+00:00
1272,5257111362,62.645,0.005,buy,False,2022-10-29T19:03:39.510663+00:00
1273,5257109455,62.645,0.005,buy,False,2022-10-29T19:03:25.320414+00:00
1274,5257106035,62.645,0.005,buy,False,2022-10-29T19:03:09.263430+00:00
1275,5257104402,62.705,0.005,buy,False,2022-10-29T19:02:54.286287+00:00
1276,5257102773,62.645,0.005,buy,False,2022-10-29T19:02:40.634675+00:00
1277,5257101183,62.645,0.005,buy,False,2022-10-29T19:02:25.467872+00:00
1278,5257099083,62.645,0.005,buy,False,2022-10-29T19:02:09.940099+00:00
1279,5257098039,62.705,0.005,buy,False,2022-10-29T19:01:56.020366+00:00
1280,5257095539,62.645,0.005,buy,False,2022-10-29T19:01:41.003227+00:00
1281,5257093890,62.705,0.005,buy,False,2022-10-29T19:01:25.198001+00:00
1282,5257091797,62.645,0.005,buy,False,2022-10-29T19:01:10.274761+00:00
1283,5257090235,62.645,0.005,buy,False,2022-10-29T19:00:54.812508+00:00
1284,5257088615,62.645,0.005,buy,False,2022-10-29T19:00:40.274695+00:00
1285,5257086863,62.705,0.005,buy,False,2022-10-29T19:00:25.809344+00:00
1286,5257083269,62.705,0.005,buy,False,2022-10-29T19:00:09.934419+00:00
1287,5256808856,62.645,0.16,buy,False,2022-10-29T18:26:15.942329+00:00
1288,5256797422,62.645,0.795,buy,False,2022-10-29T18:25:01.627655+00:00
1289,5255305696,62.385,0.165,sell,False,2022-10-29T16:22:04.920280+00:00
1290,5253374519,62.71,4.73,buy,False,2022-10-29T12:40:52.346498+00:00
1291,5253374518,62.7,1.0,buy,False,2022-10-29T12:40:52.346498+00:00
1292,5253374517,62.61,3.515,buy,False,2022-10-29T12:40:52.346498+00:00
1293,5253374516,62.58,0.64,buy,False,2022-10-29T12:40:52.346498+00:00
1294,5253374515,62.385,0.38,buy,False,2022-10-29T12:40:52.346498+00:00
1295,5253374514,62.34,0.645,buy,False,2022-10-29T12:40:52.346498+00:00
1296,5253374513,62.16,3.555,buy,False,2022-10-29T12:40:52.346498+00:00
1297,5253374512,62.1,0.645,buy,False,2022-10-29T12:40:52.346498+00:00
1298,5253374511,62.0,4.89,buy,False,2022-10-29T12:40:52.346498+00:00
1299,5253232480,62.0,0.695,buy,False,2022-10-29T12:12:10.462751+00:00
1300,5253232476,62.0,1.395,buy,False,2022-10-29T12:12:10.425495+00:00
1301,5253232446,62.0,0.795,buy,False,2022-10-29T12:12:10.090518+00:00
1302,5253232445,62.0,0.185,buy,False,2022-10-29T12:12:10.089324+00:00
1303,5253232416,61.935,0.005,buy,False,2022-10-29T12:12:09.708607+00:00
1304,5253232415,61.935,0.005,buy,False,2022-10-29T12:12:09.691703+00:00
1305,5253232377,61.935,0.005,buy,False,2022-10-29T12:12:09.353302+00:00
1306,5253232375,61.935,0.005,buy,False,2022-10-29T12:12:09.338446+00:00
1307,5253232316,61.935,0.005,buy,False,2022-10-29T12:12:08.413256+00:00
1308,5253232313,61.935,0.005,buy,False,2022-10-29T12:12:08.396708+00:00
1309,5253232292,61.935,0.005,buy,False,2022-10-29T12:12:08.105549+00:00
1310,5253232291,61.935,0.005,buy,False,2022-10-29T12:12:08.084385+00:00
1311,5253232272,61.935,0.01,buy,False,2022-10-29T12:12:07.671917+00:00
1312,5253232267,61.935,0.005,buy,False,2022-10-29T12:12:07.592497+00:00
1313,5253232255,61.935,0.01,buy,False,2022-10-29T12:12:07.348419+00:00
1314,5253232248,61.935,0.005,buy,False,2022-10-29T12:12:07.282334+00:00
1315,5253232220,61.935,0.015,buy,False,2022-10-29T12:12:07.022275+00:00
1316,5253232217,61.935,0.005,buy,False,2022-10-29T12:12:06.955378+00:00
1317,5253232206,61.935,0.025,buy,False,2022-10-29T12:12:06.702094+00:00
1318,5253232201,61.935,0.01,buy,False,2022-10-29T12:12:06.645889+00:00
1319,5253232181,61.935,0.015,buy,False,2022-10-29T12:12:06.360928+00:00
1320,5253232174,61.935,0.035,buy,False,2022-10-29T12:12:06.317027+00:00
1321,5253232166,61.935,0.025,buy,False,2022-10-29T12:12:06.063246+00:00
1322,5253232162,61.935,0.05,buy,False,2022-10-29T12:12:06.032045+00:00
1323,5253232110,61.935,0.035,buy,False,2022-10-29T12:12:05.361076+00:00
1324,5253232109,61.935,0.07,buy,False,2022-10-29T12:12:05.355764+00:00
1325,5253232050,61.935,0.045,buy,False,2022-10-29T12:12:04.406707+00:00
1326,5253232043,61.935,0.095,buy,False,2022-10-29T12:12:04.340659+00:00
1327,5253231962,61.935,0.135,buy,False,2022-10-29T12:12:03.338350+00:00
1328,5253231961,61.935,0.065,buy,False,2022-10-29T12:12:03.331901+00:00
1329,5253231887,61.935,0.195,buy,False,2022-10-29T12:12:02.347779+00:00
1330,5253231886,61.935,0.095,buy,False,2022-10-29T12:12:02.327470+00:00
1331,5253231833,61.935,0.14,buy,False,2022-10-29T12:12:01.314947+00:00
1332,5253231832,61.935,0.28,buy,False,2022-10-29T12:12:01.303494+00:00
1333,5253231780,61.935,0.2,buy,False,2022-10-29T12:12:00.569992+00:00
1334,5253231779,61.935,0.4,buy,False,2022-10-29T12:12:00.563309+00:00
1335,5252740985,61.935,0.01,buy,False,2022-10-29T11:01:51.374992+00:00
1336,5252223596,61.935,0.165,buy,False,2022-10-29T10:10:17.419515+00:00
1337,5252219141,61.935,1.385,buy,False,2022-10-29T10:09:28.318273+00:00
1338,5252219140,61.86,1.005,buy,False,2022-10-29T10:09:28.318273+00:00
1339,5252219139,61.86,0.61,buy,False,2022-10-29T10:09:28.318273+00:00
1340,5251875964,61.52,0.035,sell,True,2022-10-29T09:15:48.116657+00:00
1341,5250910022,61.86,0.01,buy,False,2022-10-29T07:34:16.439609+00:00
1342,5249910838,61.86,0.01,buy,False,2022-10-29T04:09:10.779589+00:00
1343,5249788431,61.86,0.01,buy,False,2022-10-29T03:49:25.149413+00:00
1344,5249290022,61.86,0.01,buy,False,2022-10-29T02:41:02.170545+00:00
1345,5248082077,61.83,0.01,buy,False,2022-10-28T21:57:56.140152+00:00
1346,5247515600,61.715,3.58,buy,False,2022-10-28T19:54:40.415032+00:00
1347,5247471810,61.62,0.65,buy,False,2022-10-28T19:45:31.912465+00:00
1348,5247467678,61.495,3.595,buy,False,2022-10-28T19:44:55.574964+00:00
1349,5247467549,61.375,0.655,buy,False,2022-10-28T19:44:55.036609+00:00
1350,5246646101,61.27,3.36,buy,False,2022-10-28T17:14:45.051496+00:00
1351,5246517467,61.27,0.245,buy,False,2022-10-28T17:00:04.552417+00:00
1352,5246158386,61.135,0.02,buy,False,2022-10-28T16:27:46.546738+00:00
1353,5246147212,61.135,0.16,buy,False,2022-10-28T16:26:26.683490+00:00
1354,5246147211,61.135,0.655,buy,False,2022-10-28T16:26:26.683490+00:00
1355,5245903850,60.83,3.22,sell,True,2022-10-28T16:05:24.023391+00:00
1356,5245757301,61.05,3.585,buy,False,2022-10-28T15:45:05.624089+00:00
1357,5245527948,60.895,0.66,buy,False,2022-10-28T15:10:19.619592+00:00
1358,5245521022,60.83,3.62,buy,False,2022-10-28T15:09:10.827062+00:00
1359,5245384012,60.83,0.01,buy,False,2022-10-28T14:49:48.420645+00:00
1360,5245368435,60.655,0.66,buy,False,2022-10-28T14:47:45.064936+00:00
1361,5245364644,60.615,3.64,buy,False,2022-10-28T14:47:33.833494+00:00
1362,5245236638,60.615,0.005,buy,False,2022-10-28T14:27:59.610659+00:00
1363,5245236637,60.415,0.665,buy,False,2022-10-28T14:27:59.610659+00:00
1364,5245122567,60.18,0.485,sell,False,2022-10-28T14:14:04.655773+00:00
1365,5245115047,60.2,0.1,sell,False,2022-10-28T14:13:20.665750+00:00
1366,5245115046,60.2,0.02,sell,False,2022-10-28T14:13:20.665750+00:00
1367,5245105190,60.3,0.02,sell,False,2022-10-28T14:12:33.178438+00:00
1368,5245105189,60.3,0.03,sell,False,2022-10-28T14:12:33.178438+00:00
1369,5245105188,60.3,0.01,sell,False,2022-10-28T14:12:33.178438+00:00
1370,5245097731,60.395,1.725,sell,False,2022-10-28T14:12:09.652384+00:00
1371,5245096921,60.405,0.18,sell,False,2022-10-28T14:12:05.282727+00:00
1372,5245096920,60.405,1.985,sell,False,2022-10-28T14:12:05.282727+00:00
1373,5245058638,60.615,3.63,sell,False,2022-10-28T14:09:04.666751+00:00
1374,5244719694,60.855,0.66,buy,False,2022-10-28T13:36:07.854915+00:00
1375,5244707280,60.83,0.96,buy,False,2022-10-28T13:35:03.561134+00:00
1376,5244606352,60.83,0.69,buy,False,2022-10-28T13:28:35.658819+00:00
1377,5244447511,60.83,0.01,buy,False,2022-10-28T13:15:13.665835+00:00
1378,5243423543,60.83,0.16,buy,False,2022-10-28T10:54:38.054571+00:00
1379,5243025084,60.625,0.01,buy,False,2022-10-28T09:30:17.940770+00:00
1380,5242961951,60.395,0.175,sell,False,2022-10-28T09:20:14.334522+00:00
1381,5242960277,60.395,0.255,sell,False,2022-10-28T09:19:54.001573+00:00
1382,5242957884,60.395,0.14,sell,False,2022-10-28T09:19:23.942165+00:00
1383,5242955623,60.395,0.14,sell,False,2022-10-28T09:19:03.397825+00:00
1384,5242917328,60.715,0.01,buy,False,2022-10-28T09:12:15.133684+00:00
1385,5242877110,60.615,0.16,sell,False,2022-10-28T09:04:26.927300+00:00
1386,5242875598,60.615,0.66,buy,False,2022-10-28T09:04:07.820664+00:00
1387,5242453230,60.395,0.665,sell,False,2022-10-28T08:04:26.442793+00:00
1388,5242445444,60.425,1.985,sell,False,2022-10-28T08:03:30.392627+00:00
1389,5242412921,60.5,0.05,sell,False,2022-10-28T08:00:22.672487+00:00
1390,5242412920,60.5,0.01,sell,False,2022-10-28T08:00:22.672487+00:00
1391,5242412919,60.5,0.02,sell,False,2022-10-28T08:00:22.672487+00:00
1392,5242412918,60.5,0.02,sell,False,2022-10-28T08:00:22.672487+00:00
1393,5242390424,60.83,0.16,buy,False,2022-10-28T07:57:55.352474+00:00
1394,5242370643,60.83,0.01,buy,False,2022-10-28T07:55:27.342316+00:00
1395,5242149566,60.83,1.64,buy,False,2022-10-28T07:31:19.363807+00:00
1396,5242109411,60.64,0.01,sell,False,2022-10-28T07:27:46.012136+00:00
1397,5242099485,60.625,0.01,buy,False,2022-10-28T07:26:01.488254+00:00
1398,5242058831,60.635,0.395,sell,False,2022-10-28T07:21:13.523548+00:00
1399,5241969065,60.615,3.63,sell,False,2022-10-28T07:00:04.764822+00:00
1400,5241904123,60.655,0.18,buy,False,2022-10-28T06:43:25.265342+00:00
1401,5241631432,60.82,0.01,buy,False,2022-10-28T05:31:41.282727+00:00
