,id,price,size,side,liquidation,time
0,5400634461,28.0,0.02,buy,False,2022-11-10T08:18:58.403876+00:00
1,5400513981,28.0,13.0,buy,False,2022-11-10T08:04:16.759183+00:00
2,5400506147,28.0,9.46,buy,False,2022-11-10T08:03:24.550773+00:00
3,5398942168,24.0,7.43,sell,False,2022-11-10T04:51:17.110678+00:00
4,5398942167,24.005,5.25,sell,False,2022-11-10T04:51:17.110678+00:00
5,5395920100,29.82,210.0,buy,False,2022-11-09T22:53:46.872561+00:00
6,5394556275,28.0,25.0,buy,False,2022-11-09T21:21:11.787845+00:00
7,5394556274,27.995,4.5,buy,False,2022-11-09T21:21:11.787845+00:00
8,5392874449,26.2,33.97,buy,False,2022-11-09T19:09:25.261017+00:00
9,5392822122,26.2,16.03,buy,False,2022-11-09T19:05:06.166748+00:00
10,5392299850,26.215,1.0,sell,False,2022-11-09T18:32:23.650589+00:00
11,5392183095,26.66,0.04,buy,False,2022-11-09T18:25:09.397630+00:00
12,5391103262,26.44,13.17,sell,False,2022-11-09T17:11:58.622191+00:00
13,5386536249,26.7,15.43,buy,False,2022-11-09T11:58:09.243049+00:00
14,5384994625,26.225,8.19,sell,True,2022-11-09T10:13:59.176383+00:00
15,5384885613,26.56,127.83,sell,False,2022-11-09T10:08:45.489700+00:00
16,5384883601,26.56,252.55,sell,False,2022-11-09T10:08:37.991854+00:00
17,5384881861,26.56,199.75,sell,False,2022-11-09T10:08:31.701499+00:00
18,5384881518,26.56,219.73,sell,False,2022-11-09T10:08:30.394775+00:00
19,5384881277,26.56,200.14,sell,False,2022-11-09T10:08:29.866703+00:00
20,5382978651,26.53,20.66,sell,False,2022-11-09T08:06:39.464985+00:00
21,5376074439,26.425,11.99,sell,False,2022-11-08T22:19:58.886067+00:00
22,5368180761,26.81,1.39,sell,False,2022-11-08T17:48:51.105321+00:00
23,5366447148,26.82,4.21,sell,False,2022-11-08T16:41:37.226672+00:00
24,5366447147,26.84,31.24,sell,False,2022-11-08T16:41:37.226672+00:00
25,5365643463,26.62,0.18,sell,False,2022-11-08T16:17:15.148994+00:00
26,5364750037,26.7,9.96,buy,False,2022-11-08T15:59:36.247744+00:00
27,5364157605,26.24,0.04,sell,False,2022-11-08T15:20:26.015119+00:00
28,5364141336,26.155,0.43,buy,False,2022-11-08T15:19:30.124380+00:00
29,5364093749,25.93,0.32,buy,False,2022-11-08T15:16:35.642027+00:00
30,5358391075,24.995,8.26,sell,False,2022-11-08T06:38:39.378935+00:00
31,5357414177,24.91,125.49,sell,False,2022-11-08T05:37:43.657809+00:00
32,5357414176,24.94,34.68,sell,False,2022-11-08T05:37:43.657809+00:00
33,5357381088,24.935,33.55,sell,False,2022-11-08T05:36:26.408842+00:00
34,5357333193,24.96,32.52,sell,False,2022-11-08T05:34:01.053975+00:00
35,5357325679,24.965,0.13,sell,False,2022-11-08T05:33:37.411615+00:00
36,5357321202,24.965,0.1,sell,False,2022-11-08T05:33:22.343538+00:00
37,5357316173,24.97,0.06,sell,False,2022-11-08T05:33:07.368637+00:00
38,5357310226,24.97,0.12,sell,False,2022-11-08T05:32:52.607976+00:00
39,5357303631,24.97,0.09,sell,False,2022-11-08T05:32:37.077890+00:00
40,5356592577,24.97,1.0,sell,True,2022-11-08T05:07:11.609657+00:00
41,5355670534,25.04,3.54,sell,False,2022-11-08T04:19:29.937897+00:00
42,5352137791,25.175,9.99,buy,False,2022-11-08T00:32:50.698935+00:00
43,5351163012,25.075,0.85,sell,False,2022-11-07T22:47:45.178628+00:00
44,5347742817,25.01,25.0,sell,False,2022-11-07T16:09:34.153350+00:00
45,5347120553,24.95,1.0,sell,False,2022-11-07T15:16:52.529450+00:00
46,5345287121,25.005,1.0,buy,False,2022-11-07T11:40:56.457822+00:00
47,5344609851,25.015,191.31,buy,False,2022-11-07T10:07:58.055145+00:00
48,5344609850,24.985,54.39,buy,False,2022-11-07T10:07:58.055145+00:00
49,5344602960,24.99,47.0,buy,False,2022-11-07T10:07:23.114873+00:00
50,5344596080,24.99,39.21,buy,False,2022-11-07T10:06:49.137793+00:00
51,5344286383,24.955,336.74,sell,False,2022-11-07T09:19:44.997560+00:00
52,5344286378,24.93,34.15,buy,False,2022-11-07T09:19:44.932708+00:00
53,5344283236,24.925,31.26,buy,False,2022-11-07T09:19:09.013970+00:00
54,5344281962,24.925,47.38,buy,False,2022-11-07T09:18:59.034781+00:00
55,5344280145,24.925,39.32,buy,False,2022-11-07T09:18:49.506620+00:00
56,5344278885,24.92,60.54,buy,False,2022-11-07T09:18:36.876900+00:00
57,5344278430,24.92,32.08,buy,False,2022-11-07T09:18:30.922538+00:00
58,5344277127,24.92,37.25,buy,False,2022-11-07T09:18:16.411739+00:00
59,5344190287,24.92,46.41,buy,False,2022-11-07T09:06:59.071708+00:00
60,5344189447,24.92,32.48,buy,False,2022-11-07T09:06:50.951892+00:00
61,5344155885,24.95,499.54,sell,False,2022-11-07T09:03:28.483959+00:00
62,5344155877,24.95,350.46,buy,False,2022-11-07T09:03:28.427147+00:00
63,5344145223,24.905,523.99,sell,False,2022-11-07T09:02:29.337849+00:00
64,5344145215,24.905,349.11,buy,False,2022-11-07T09:02:29.276785+00:00
65,5344145214,24.88,31.77,buy,False,2022-11-07T09:02:29.276785+00:00
66,5344137424,24.87,52.65,buy,False,2022-11-07T09:01:32.044091+00:00
67,5342086894,24.68,1.0,sell,False,2022-11-07T05:27:05.186301+00:00
68,5341977979,24.68,63.48,sell,False,2022-11-07T05:09:12.285351+00:00
69,5341977978,24.685,4.5,sell,False,2022-11-07T05:09:12.285351+00:00
70,5339793946,25.085,44.4,buy,False,2022-11-07T00:12:26.139599+00:00
71,5339792406,25.09,3.84,sell,False,2022-11-07T00:12:16.350878+00:00
72,5339792389,25.085,38.04,buy,False,2022-11-07T00:12:16.264600+00:00
73,5339790308,25.085,4.43,buy,False,2022-11-07T00:12:03.180954+00:00
74,5337864400,24.805,56.03,buy,False,2022-11-06T20:21:12.612966+00:00
75,5337864397,24.805,43.97,sell,False,2022-11-06T20:21:12.555019+00:00
76,5337864203,24.81,41.16,sell,False,2022-11-06T20:21:08.832503+00:00
77,5337863501,24.81,57.81,sell,False,2022-11-06T20:20:55.716265+00:00
78,5337797803,24.8,383.75,buy,False,2022-11-06T20:07:54.208693+00:00
79,5337797772,24.83,44.23,sell,False,2022-11-06T20:07:54.033609+00:00
80,5337796488,24.8,385.95,sell,False,2022-11-06T20:07:39.644814+00:00
81,5337796487,24.83,42.03,sell,False,2022-11-06T20:07:39.644814+00:00
82,5337756829,24.805,417.31,sell,False,2022-11-06T20:01:05.628259+00:00
83,5337756828,24.81,4.43,sell,False,2022-11-06T20:01:05.628259+00:00
84,5337756827,24.835,20.71,sell,False,2022-11-06T20:01:05.628259+00:00
85,5337743124,24.835,18.98,sell,False,2022-11-06T19:58:36.428034+00:00
86,5337741253,24.835,50.32,sell,False,2022-11-06T19:58:03.612268+00:00
87,5337716813,24.84,50.24,sell,False,2022-11-06T19:53:38.947241+00:00
88,5337698443,24.84,30.88,sell,False,2022-11-06T19:50:24.869330+00:00
89,5337695766,24.84,55.69,sell,False,2022-11-06T19:49:59.373986+00:00
90,5337693640,24.81,301.91,sell,False,2022-11-06T19:49:37.795208+00:00
91,5337693639,24.85,50.91,sell,False,2022-11-06T19:49:37.795208+00:00
92,5337693396,24.85,37.39,sell,False,2022-11-06T19:49:32.658647+00:00
93,5337691396,24.83,429.9,buy,False,2022-11-06T19:49:08.214496+00:00
94,5337690914,24.83,385.48,sell,False,2022-11-06T19:49:02.217040+00:00
95,5337690913,24.865,44.42,sell,False,2022-11-06T19:49:02.217040+00:00
96,5337690603,24.865,56.08,sell,False,2022-11-06T19:48:57.825084+00:00
97,5327936575,25.14,0.32,buy,False,2022-11-05T18:06:18.777831+00:00
98,5326060622,24.865,1.0,sell,False,2022-11-05T14:26:48.865971+00:00
99,5319421170,24.875,186.91,buy,False,2022-11-04T21:51:48.314506+00:00
100,5319421105,24.875,199.23,buy,False,2022-11-04T21:51:47.777335+00:00
101,5319420361,24.875,43.65,sell,False,2022-11-04T21:51:38.322930+00:00
102,5316999780,24.38,224.42,buy,False,2022-11-04T16:23:27.641469+00:00
103,5316999743,24.395,41.53,sell,False,2022-11-04T16:23:27.407331+00:00
104,5316970602,24.46,197.55,buy,False,2022-11-04T16:20:55.499986+00:00
105,5316966106,24.46,36.5,sell,False,2022-11-04T16:20:25.891434+00:00
106,5315327897,24.44,1.25,buy,False,2022-11-04T14:23:42.775306+00:00
107,5315018997,24.145,0.43,sell,False,2022-11-04T14:09:16.931442+00:00
108,5314905010,24.225,1.26,buy,False,2022-11-04T13:56:37.988610+00:00
109,5314792849,24.155,0.41,buy,False,2022-11-04T13:46:23.525193+00:00
110,5314702119,23.965,67.7,sell,False,2022-11-04T13:38:20.102897+00:00
111,5314130912,23.44,32.95,sell,False,2022-11-04T12:57:43.363051+00:00
112,5313872626,23.295,1.31,buy,False,2022-11-04T12:39:11.559924+00:00
113,5311291429,22.765,0.19,buy,False,2022-11-04T08:00:01.518641+00:00
114,5310033820,22.765,1.01,buy,False,2022-11-04T05:37:29.903310+00:00
115,5310033204,22.765,1.01,buy,False,2022-11-04T05:37:21.344879+00:00
116,5305915071,22.765,0.44,buy,False,2022-11-03T20:05:45.703450+00:00
117,5303866286,23.075,0.17,buy,False,2022-11-03T14:50:35.074258+00:00
118,5303237682,22.8,17.06,sell,False,2022-11-03T13:45:05.260305+00:00
119,5303160264,22.81,0.46,sell,False,2022-11-03T13:36:35.049106+00:00
120,5303157960,22.82,0.46,sell,False,2022-11-03T13:36:20.833264+00:00
121,5303147645,22.825,0.46,sell,False,2022-11-03T13:35:15.022286+00:00
122,5300689581,23.05,0.44,sell,False,2022-11-03T08:03:15.701045+00:00
123,5300683869,23.06,0.44,sell,False,2022-11-03T08:03:01.312396+00:00
124,5300681431,23.065,0.44,sell,False,2022-11-03T08:02:51.991992+00:00
125,5300658506,23.195,7.99,sell,False,2022-11-03T08:00:01.751751+00:00
126,5296678376,23.29,0.85,buy,False,2022-11-02T20:49:38.563022+00:00
127,5296193265,23.29,0.43,buy,False,2022-11-02T20:11:13.600025+00:00
128,5296147422,23.285,0.43,buy,False,2022-11-02T20:07:40.522262+00:00
129,5296130278,23.275,0.43,buy,False,2022-11-02T20:05:40.508283+00:00
130,5296104295,23.29,0.43,buy,False,2022-11-02T20:02:36.430284+00:00
131,5295584645,23.585,3.74,sell,False,2022-11-02T19:26:10.569332+00:00
132,5295412120,23.97,1.76,sell,False,2022-11-02T19:16:55.171742+00:00
133,5292185311,24.355,0.83,sell,False,2022-11-02T14:34:49.183726+00:00
134,5292005731,24.595,8.0,sell,False,2022-11-02T14:06:51.573472+00:00
135,5291290391,24.875,8.0,buy,False,2022-11-02T11:53:55.446960+00:00
136,5291244806,24.875,0.08,buy,False,2022-11-02T11:43:34.536180+00:00
137,5290430776,24.9,78.28,sell,False,2022-11-02T09:42:21.604572+00:00
138,5290429406,24.9,40.97,buy,False,2022-11-02T09:42:12.636158+00:00
139,5290180083,24.895,50.0,sell,False,2022-11-02T09:11:44.408687+00:00
140,5289887944,24.885,8.0,sell,False,2022-11-02T08:29:44.160180+00:00
141,5289848720,24.935,8.0,buy,False,2022-11-02T08:21:32.406968+00:00
142,5280676495,24.725,0.58,buy,False,2022-11-01T07:10:26.492358+00:00
143,5280672570,24.715,1.0,buy,False,2022-11-01T07:09:43.601884+00:00
144,5275535978,24.16,10.0,sell,False,2022-10-31T16:56:18.147155+00:00
145,5275147757,24.31,95.04,sell,False,2022-10-31T16:16:17.055010+00:00
146,5275147756,24.325,52.85,sell,False,2022-10-31T16:16:17.055010+00:00
147,5274287490,24.54,1.0,buy,False,2022-10-31T14:46:56.736350+00:00
148,5272999356,24.21,1.0,sell,False,2022-10-31T13:29:40.572387+00:00
149,5272973396,24.2,4.0,sell,False,2022-10-31T13:27:05.072361+00:00
150,5266896186,24.865,1.0,buy,False,2022-10-30T21:51:01.647285+00:00
151,5244708321,24.6,2.0,sell,False,2022-10-28T13:35:05.942863+00:00
152,5237657529,24.935,2.0,buy,False,2022-10-27T19:08:58.696624+00:00
153,5237600005,24.84,2.0,sell,False,2022-10-27T18:59:28.482056+00:00
154,5236533608,25.06,2.0,buy,False,2022-10-27T15:57:10.835211+00:00
155,5236286221,25.215,0.6,buy,False,2022-10-27T15:25:25.395553+00:00
156,5236279071,25.275,11.4,buy,False,2022-10-27T15:24:21.974595+00:00
157,5235324452,25.185,11.92,sell,False,2022-10-27T13:40:19.463619+00:00
158,5233577522,25.045,15.96,sell,False,2022-10-27T09:43:22.264088+00:00
159,5215751416,24.315,0.12,sell,False,2022-10-25T16:50:06.870705+00:00
160,5208929965,23.975,2.0,buy,False,2022-10-24T16:45:34.289702+00:00
161,5207722759,23.83,4.59,buy,False,2022-10-24T13:45:04.557562+00:00
162,5203949348,24.41,10.21,sell,False,2022-10-23T23:31:44.256996+00:00
163,5203946943,24.415,10.08,sell,False,2022-10-23T23:31:14.498936+00:00
164,5203787671,24.6,20.29,buy,False,2022-10-23T23:00:19.194158+00:00
165,5203778255,24.6,3.6,buy,False,2022-10-23T22:58:30.427495+00:00
166,5203074189,24.535,370.2,buy,False,2022-10-23T20:56:31.258568+00:00
167,5203074188,24.505,59.59,buy,False,2022-10-23T20:56:31.258568+00:00
168,5199895964,24.505,13.0,buy,False,2022-10-23T07:21:06.662044+00:00
169,5191789245,24.005,0.42,buy,False,2022-10-21T16:00:31.886551+00:00
170,5191048549,23.915,0.41,buy,False,2022-10-21T14:07:25.353975+00:00
171,5183508520,23.15,8.63,sell,False,2022-10-20T12:34:41.109437+00:00
172,5182495601,22.805,0.08,sell,False,2022-10-20T08:06:56.024008+00:00
173,5141627989,23.165,1.32,buy,False,2022-10-13T15:17:39.581217+00:00
174,5140820443,22.765,0.44,sell,False,2022-10-13T13:49:40.755773+00:00
175,5140749618,22.625,0.45,buy,False,2022-10-13T13:44:38.636979+00:00
176,5140650874,22.69,0.46,sell,False,2022-10-13T13:36:13.944597+00:00
177,5140611639,22.93,0.44,sell,False,2022-10-13T13:33:25.404343+00:00
178,5140531417,23.165,0.44,sell,False,2022-10-13T13:26:10.297877+00:00
179,5140212467,23.09,1.91,buy,False,2022-10-13T12:59:07.479096+00:00
180,5139938215,23.145,21.56,buy,False,2022-10-13T12:43:20.416203+00:00
181,5137575643,24.12,1.0,sell,False,2022-10-13T09:14:57.185208+00:00
182,5132660615,23.955,1.9,buy,False,2022-10-12T13:37:51.203586+00:00
183,5132573695,23.85,10.0,sell,False,2022-10-12T13:23:34.807495+00:00
184,5132387082,23.89,2.0,sell,False,2022-10-12T12:45:17.760081+00:00
185,5132383361,23.88,4.0,sell,False,2022-10-12T12:44:59.903375+00:00
186,5131973841,24.02,1.0,buy,False,2022-10-12T11:39:32.250401+00:00
187,5131939413,23.94,5.0,sell,False,2022-10-12T11:30:10.962995+00:00
188,5121713275,24.11,33.73,sell,False,2022-10-10T18:16:22.412757+00:00
189,5121064877,24.33,1.32,sell,False,2022-10-10T16:10:45.867185+00:00
190,5120497881,24.47,1.24,buy,False,2022-10-10T14:02:39.093560+00:00
191,5120303672,24.0,0.62,sell,False,2022-10-10T13:22:04.754438+00:00
192,5120196900,24.06,2.0,buy,False,2022-10-10T12:52:22.064015+00:00
193,5119194880,23.965,0.43,sell,False,2022-10-10T08:32:43.357589+00:00
194,5118860725,24.22,0.42,sell,False,2022-10-10T08:00:01.909939+00:00
195,5118821569,24.335,2.0,buy,False,2022-10-10T07:46:08.407808+00:00
196,5110913335,24.465,1.0,buy,False,2022-10-07T21:57:21.093685+00:00
197,5110555455,24.455,0.41,buy,False,2022-10-07T19:53:08.236610+00:00
198,5108838407,24.945,1.2,sell,False,2022-10-07T13:52:48.092161+00:00
199,5108594521,25.25,2.0,sell,False,2022-10-07T13:16:31.814080+00:00
200,5102255561,25.445,2.0,buy,False,2022-10-06T12:39:22.347733+00:00
201,5101204931,25.5,29.99,buy,False,2022-10-06T08:00:01.293954+00:00
202,5098852705,25.36,7.89,sell,False,2022-10-05T22:04:34.080334+00:00
203,5098852678,25.36,11.83,sell,False,2022-10-05T22:04:33.071462+00:00
204,5098852634,25.36,11.83,sell,False,2022-10-05T22:04:32.125472+00:00
205,5096431238,24.87,4.59,sell,False,2022-10-05T14:00:53.302954+00:00
206,5090933795,26.04,0.19,buy,False,2022-10-04T15:42:15.257691+00:00
207,5090195692,25.45,9.82,sell,False,2022-10-04T13:37:32.715947+00:00
208,5089630143,25.335,19.71,buy,False,2022-10-04T11:30:47.553834+00:00
209,5089599468,25.355,19.71,buy,False,2022-10-04T11:22:32.659080+00:00
210,5089202770,25.42,19.65,buy,False,2022-10-04T09:27:27.686235+00:00
211,5089089556,25.475,19.62,buy,False,2022-10-04T09:02:54.245794+00:00
212,5089013243,25.415,19.67,sell,False,2022-10-04T08:46:16.112414+00:00
213,5088843165,25.445,19.65,buy,False,2022-10-04T08:18:08.709776+00:00
214,5088762706,25.38,19.7,sell,False,2022-10-04T08:06:52.715381+00:00
215,5088541748,25.535,43.74,buy,False,2022-10-04T07:30:29.141577+00:00
216,5088541747,25.53,4.47,buy,False,2022-10-04T07:30:29.141577+00:00
217,5088541746,25.395,1.79,buy,False,2022-10-04T07:30:29.141577+00:00
218,5087128314,25.21,1.08,buy,False,2022-10-04T00:24:21.859536+00:00
219,5086194388,25.01,1.79,buy,False,2022-10-03T19:47:38.918014+00:00
220,5084928468,24.9,2.0,buy,False,2022-10-03T15:10:19.763010+00:00
221,5084607179,24.895,6.75,buy,False,2022-10-03T14:25:05.391982+00:00
222,5084287000,24.48,2.0,buy,False,2022-10-03T13:38:25.631154+00:00
223,5080211433,24.205,13.42,buy,False,2022-10-02T19:09:12.542855+00:00
224,5075022784,24.205,20.65,buy,False,2022-10-01T12:54:29.932816+00:00
225,5074587962,24.205,0.01,buy,False,2022-10-01T10:01:00.614856+00:00
226,5072171711,24.085,0.25,sell,False,2022-09-30T19:59:58.557634+00:00
227,5072171406,24.085,0.25,sell,False,2022-09-30T19:59:55.621459+00:00
228,5072171256,24.085,0.25,sell,False,2022-09-30T19:59:54.470848+00:00
229,5072171021,24.085,0.25,sell,False,2022-09-30T19:59:51.773637+00:00
230,5072170689,24.12,0.25,sell,False,2022-09-30T19:59:49.798489+00:00
231,5072170509,24.11,0.25,sell,False,2022-09-30T19:59:47.696502+00:00
232,5072170276,24.11,0.25,sell,False,2022-09-30T19:59:46.182962+00:00
233,5072169898,24.11,0.25,sell,False,2022-09-30T19:59:44.340109+00:00
234,5072169654,24.11,0.25,sell,False,2022-09-30T19:59:41.831373+00:00
235,5072169395,24.11,0.25,sell,False,2022-09-30T19:59:39.929118+00:00
236,5072169218,24.11,0.25,sell,False,2022-09-30T19:59:38.159154+00:00
237,5072168941,24.11,0.25,sell,False,2022-09-30T19:59:36.069127+00:00
238,5072168825,24.11,0.25,sell,False,2022-09-30T19:59:34.106312+00:00
239,5072168689,24.11,0.25,sell,False,2022-09-30T19:59:32.193523+00:00
240,5072168366,24.11,0.25,sell,False,2022-09-30T19:59:30.480949+00:00
241,5072168200,24.11,0.25,sell,False,2022-09-30T19:59:28.578044+00:00
242,5072167807,24.11,0.25,sell,False,2022-09-30T19:59:26.216427+00:00
243,5072167616,24.11,0.25,sell,False,2022-09-30T19:59:24.427394+00:00
244,5072167204,24.1,0.25,sell,False,2022-09-30T19:59:22.169201+00:00
245,5072166943,24.1,0.25,sell,False,2022-09-30T19:59:20.562598+00:00
246,5072166574,24.1,0.25,sell,False,2022-09-30T19:59:18.371203+00:00
247,5072166360,24.1,0.25,sell,False,2022-09-30T19:59:16.438529+00:00
248,5072166037,24.1,0.25,sell,False,2022-09-30T19:59:14.146060+00:00
249,5072165764,24.1,0.25,sell,False,2022-09-30T19:59:11.806349+00:00
250,5072165454,24.1,0.25,sell,False,2022-09-30T19:59:09.973154+00:00
251,5072165062,24.1,0.25,sell,False,2022-09-30T19:59:08.131040+00:00
252,5072164873,24.1,0.25,sell,False,2022-09-30T19:59:06.087742+00:00
253,5072164683,24.1,0.25,sell,False,2022-09-30T19:59:03.688059+00:00
254,5072164449,24.07,0.25,sell,False,2022-09-30T19:59:01.985634+00:00
255,5072163804,24.05,0.25,sell,False,2022-09-30T19:58:59.973891+00:00
256,5072163603,24.09,0.25,sell,False,2022-09-30T19:58:57.956704+00:00
257,5072163372,24.09,0.25,sell,False,2022-09-30T19:58:55.583097+00:00
258,5072163190,24.09,0.25,sell,False,2022-09-30T19:58:54.241603+00:00
259,5072162929,24.09,0.25,sell,False,2022-09-30T19:58:51.673981+00:00
260,5072162788,24.09,0.25,sell,False,2022-09-30T19:58:50.092307+00:00
261,5072162526,24.05,0.25,sell,False,2022-09-30T19:58:47.850720+00:00
262,5072162289,24.05,0.25,sell,False,2022-09-30T19:58:46.441203+00:00
263,5072161568,24.085,0.25,sell,False,2022-09-30T19:58:43.686559+00:00
264,5072161349,24.08,0.25,sell,False,2022-09-30T19:58:42.163357+00:00
265,5072161026,24.08,0.25,sell,False,2022-09-30T19:58:39.763668+00:00
266,5072160940,24.08,0.25,sell,False,2022-09-30T19:58:37.836571+00:00
267,5072160535,24.08,0.25,sell,False,2022-09-30T19:58:35.605366+00:00
268,5072160471,24.08,0.25,sell,False,2022-09-30T19:58:34.176414+00:00
269,5072160357,24.08,0.25,sell,False,2022-09-30T19:58:32.306417+00:00
270,5072160173,24.08,0.25,sell,False,2022-09-30T19:58:30.513444+00:00
271,5072159913,24.08,0.25,sell,False,2022-09-30T19:58:28.010582+00:00
272,5072159803,24.08,0.25,sell,False,2022-09-30T19:58:25.973289+00:00
273,5072159736,24.08,0.25,sell,False,2022-09-30T19:58:24.044115+00:00
274,5072159438,24.08,0.25,sell,False,2022-09-30T19:58:21.631937+00:00
275,5072159334,24.08,0.25,sell,False,2022-09-30T19:58:20.466587+00:00
276,5072159004,24.085,0.25,sell,False,2022-09-30T19:58:18.006931+00:00
277,5072158805,24.085,0.25,sell,False,2022-09-30T19:58:16.123661+00:00
278,5072158376,24.085,0.25,sell,False,2022-09-30T19:58:13.949387+00:00
279,5072157863,24.085,0.25,sell,False,2022-09-30T19:58:11.815008+00:00
280,5072157668,24.085,0.25,sell,False,2022-09-30T19:58:10.064567+00:00
281,5072157452,24.085,0.25,sell,False,2022-09-30T19:58:07.848078+00:00
282,5072157387,24.085,0.25,sell,False,2022-09-30T19:58:05.676363+00:00
283,5072157312,24.085,0.25,sell,False,2022-09-30T19:58:04.422966+00:00
284,5072156938,24.05,0.25,sell,False,2022-09-30T19:58:02.105894+00:00
285,5072156704,24.05,0.25,sell,False,2022-09-30T19:58:00.193780+00:00
286,5072156571,24.05,0.25,sell,False,2022-09-30T19:57:58.074278+00:00
287,5072155881,24.09,0.25,sell,False,2022-09-30T19:57:56.053098+00:00
288,5072155687,24.04,0.25,sell,False,2022-09-30T19:57:53.812974+00:00
289,5072155353,24.08,0.25,sell,False,2022-09-30T19:57:52.494136+00:00
290,5072155208,24.08,0.25,sell,False,2022-09-30T19:57:50.377699+00:00
291,5072155103,24.08,0.25,sell,False,2022-09-30T19:57:48.276418+00:00
292,5072154930,24.08,0.25,sell,False,2022-09-30T19:57:46.090762+00:00
293,5072154775,24.08,0.25,sell,False,2022-09-30T19:57:43.957387+00:00
294,5072154446,24.08,0.25,sell,False,2022-09-30T19:57:42.007519+00:00
295,5072154214,24.08,0.25,sell,False,2022-09-30T19:57:40.105207+00:00
296,5072154073,24.08,0.25,sell,False,2022-09-30T19:57:37.599742+00:00
297,5072153848,24.08,0.25,sell,False,2022-09-30T19:57:35.669507+00:00
298,5072153704,24.08,0.25,sell,False,2022-09-30T19:57:34.016783+00:00
299,5072153532,24.08,0.25,sell,False,2022-09-30T19:57:32.206431+00:00
300,5072153209,24.08,0.25,sell,False,2022-09-30T19:57:30.368319+00:00
301,5072153034,24.08,0.25,sell,False,2022-09-30T19:57:27.815154+00:00
302,5072152796,24.04,0.25,sell,False,2022-09-30T19:57:25.669654+00:00
303,5072152516,24.04,0.25,sell,False,2022-09-30T19:57:23.937719+00:00
304,5072151663,24.07,0.25,sell,False,2022-09-30T19:57:21.574706+00:00
305,5072151423,24.07,0.25,sell,False,2022-09-30T19:57:20.295673+00:00
306,5072151255,24.07,0.25,sell,False,2022-09-30T19:57:18.539105+00:00
307,5072151083,24.07,0.25,sell,False,2022-09-30T19:57:15.766006+00:00
308,5072151015,24.07,0.25,sell,False,2022-09-30T19:57:14.222708+00:00
309,5072150735,24.07,0.25,sell,False,2022-09-30T19:57:12.087396+00:00
310,5072150606,24.07,0.25,sell,False,2022-09-30T19:57:10.092100+00:00
311,5072150441,24.07,0.25,sell,False,2022-09-30T19:57:07.778791+00:00
312,5072150218,24.06,0.25,sell,False,2022-09-30T19:57:06.338698+00:00
313,5072149955,24.06,0.25,sell,False,2022-09-30T19:57:04.312920+00:00
314,5072149868,24.06,0.25,sell,False,2022-09-30T19:57:02.272855+00:00
315,5072149680,24.06,0.25,sell,False,2022-09-30T19:56:59.698270+00:00
316,5072149626,24.06,0.25,sell,False,2022-09-30T19:56:58.258784+00:00
317,5072149515,24.06,0.25,sell,False,2022-09-30T19:56:55.817136+00:00
318,5072149439,24.06,0.25,sell,False,2022-09-30T19:56:54.513438+00:00
319,5072149371,24.06,0.25,sell,False,2022-09-30T19:56:52.407971+00:00
320,5072149128,24.06,0.25,sell,False,2022-09-30T19:56:50.285655+00:00
321,5072148963,24.06,0.25,sell,False,2022-09-30T19:56:47.896073+00:00
322,5072148763,24.06,0.25,sell,False,2022-09-30T19:56:46.318507+00:00
323,5072148571,24.06,0.25,sell,False,2022-09-30T19:56:44.116826+00:00
324,5072148409,24.06,0.25,sell,False,2022-09-30T19:56:41.929526+00:00
325,5072148347,24.06,0.25,sell,False,2022-09-30T19:56:40.217577+00:00
326,5072148259,24.06,0.25,sell,False,2022-09-30T19:56:38.481460+00:00
327,5072148078,24.06,0.25,sell,False,2022-09-30T19:56:36.410760+00:00
328,5072147635,24.05,0.25,sell,False,2022-09-30T19:56:33.915879+00:00
329,5072147519,24.05,0.25,sell,False,2022-09-30T19:56:31.778042+00:00
330,5072147385,24.05,0.25,sell,False,2022-09-30T19:56:29.657146+00:00
331,5072147280,24.05,0.25,sell,False,2022-09-30T19:56:28.387439+00:00
332,5072147147,24.05,0.25,sell,False,2022-09-30T19:56:26.261321+00:00
333,5072147029,24.05,0.25,sell,False,2022-09-30T19:56:24.356684+00:00
334,5072146664,24.05,0.25,sell,False,2022-09-30T19:56:21.760513+00:00
335,5072146565,24.05,0.25,sell,False,2022-09-30T19:56:19.887143+00:00
336,5072146446,24.03,0.25,sell,False,2022-09-30T19:56:17.977830+00:00
337,5072146277,24.03,0.25,sell,False,2022-09-30T19:56:16.394363+00:00
338,5072145902,24.065,0.25,sell,False,2022-09-30T19:56:13.929330+00:00
339,5072145816,24.065,0.25,sell,False,2022-09-30T19:56:12.034444+00:00
340,5072145701,24.03,0.25,sell,False,2022-09-30T19:56:10.385777+00:00
341,5072145470,24.03,0.25,sell,False,2022-09-30T19:56:08.074776+00:00
342,5072145139,24.05,0.25,sell,False,2022-09-30T19:56:06.178819+00:00
343,5072145004,24.075,0.25,sell,False,2022-09-30T19:56:03.771512+00:00
344,5072144828,24.075,0.25,sell,False,2022-09-30T19:56:01.580332+00:00
345,5072144655,24.075,0.25,sell,False,2022-09-30T19:55:59.949366+00:00
346,5072144498,24.05,0.25,sell,False,2022-09-30T19:55:57.864136+00:00
347,5072144283,24.05,0.25,sell,False,2022-09-30T19:55:55.791243+00:00
348,5072143915,24.05,0.25,sell,False,2022-09-30T19:55:54.043100+00:00
349,5072143566,24.08,0.25,sell,False,2022-09-30T19:55:52.040006+00:00
350,5072143384,24.05,0.25,sell,False,2022-09-30T19:55:49.762994+00:00
351,5072143235,24.05,0.25,sell,False,2022-09-30T19:55:48.013554+00:00
352,5072142874,24.05,0.25,sell,False,2022-09-30T19:55:46.242024+00:00
353,5072142602,24.05,0.25,sell,False,2022-09-30T19:55:43.679275+00:00
354,5072142478,24.06,0.25,sell,False,2022-09-30T19:55:42.419644+00:00
355,5072142376,24.095,0.25,sell,False,2022-09-30T19:55:40.549740+00:00
356,5072142155,24.06,0.25,sell,False,2022-09-30T19:55:38.295396+00:00
357,5072141892,24.06,0.25,sell,False,2022-09-30T19:55:35.712492+00:00
358,5072141833,24.06,0.25,sell,False,2022-09-30T19:55:34.536991+00:00
359,5072141677,24.08,0.25,sell,False,2022-09-30T19:55:31.750651+00:00
360,5072141487,24.08,0.25,sell,False,2022-09-30T19:55:29.675042+00:00
361,5072141402,24.08,0.25,sell,False,2022-09-30T19:55:27.674872+00:00
362,5072141294,24.08,0.25,sell,False,2022-09-30T19:55:26.144652+00:00
363,5072141095,24.115,0.25,sell,False,2022-09-30T19:55:24.126339+00:00
364,5072140988,24.115,0.25,sell,False,2022-09-30T19:55:22.169042+00:00
365,5072140861,24.115,0.25,sell,False,2022-09-30T19:55:20.631296+00:00
366,5072140601,24.115,0.25,sell,False,2022-09-30T19:55:17.886726+00:00
367,5072140490,24.115,0.25,sell,False,2022-09-30T19:55:16.393417+00:00
368,5072140172,24.115,0.25,sell,False,2022-09-30T19:55:14.384881+00:00
369,5072139866,24.115,0.25,sell,False,2022-09-30T19:55:12.159661+00:00
370,5072139616,24.08,0.25,sell,False,2022-09-30T19:55:10.092813+00:00
371,5072139431,24.08,0.25,sell,False,2022-09-30T19:55:08.113530+00:00
372,5072139000,24.115,0.25,sell,False,2022-09-30T19:55:05.807339+00:00
373,5072138501,24.08,0.25,sell,False,2022-09-30T19:55:03.911309+00:00
374,5072138313,24.09,0.25,sell,False,2022-09-30T19:55:02.394452+00:00
375,5072137867,24.09,0.25,sell,False,2022-09-30T19:55:00.477973+00:00
376,5072137695,24.105,0.25,sell,False,2022-09-30T19:54:58.450381+00:00
377,5072137440,24.135,0.25,sell,False,2022-09-30T19:54:55.747360+00:00
378,5072137359,24.135,0.25,sell,False,2022-09-30T19:54:54.160671+00:00
379,5072137255,24.135,0.25,sell,False,2022-09-30T19:54:51.779872+00:00
380,5072137031,24.135,0.25,sell,False,2022-09-30T19:54:50.017296+00:00
381,5072136825,24.135,0.25,sell,False,2022-09-30T19:54:47.849841+00:00
382,5072136497,24.135,0.25,sell,False,2022-09-30T19:54:46.158092+00:00
383,5072136386,24.135,0.25,sell,False,2022-09-30T19:54:43.797536+00:00
384,5072136278,24.135,0.25,sell,False,2022-09-30T19:54:41.957258+00:00
385,5072135976,24.135,0.25,sell,False,2022-09-30T19:54:40.506362+00:00
386,5072135600,24.14,0.25,sell,False,2022-09-30T19:54:38.552666+00:00
387,5072135452,24.14,0.25,sell,False,2022-09-30T19:54:35.744375+00:00
388,5072135350,24.14,0.25,sell,False,2022-09-30T19:54:34.238547+00:00
389,5072135143,24.14,0.25,sell,False,2022-09-30T19:54:31.742128+00:00
390,5072135099,24.14,0.25,sell,False,2022-09-30T19:54:30.542721+00:00
391,5072134719,24.14,0.25,sell,False,2022-09-30T19:54:28.159469+00:00
392,5072134394,24.14,0.25,sell,False,2022-09-30T19:54:26.429794+00:00
393,5072134289,24.14,0.25,sell,False,2022-09-30T19:54:24.387113+00:00
394,5072134153,24.14,0.25,sell,False,2022-09-30T19:54:22.219624+00:00
395,5072133978,24.14,0.25,sell,False,2022-09-30T19:54:20.357949+00:00
396,5072133584,24.12,0.25,sell,False,2022-09-30T19:54:17.855757+00:00
397,5072133441,24.12,0.25,sell,False,2022-09-30T19:54:16.269654+00:00
398,5072133308,24.12,0.25,sell,False,2022-09-30T19:54:14.100785+00:00
399,5072133177,24.15,0.25,sell,False,2022-09-30T19:54:12.259073+00:00
400,5072132945,24.12,0.25,sell,False,2022-09-30T19:54:10.277178+00:00
401,5072132632,24.12,0.25,sell,False,2022-09-30T19:54:07.959727+00:00
402,5072132342,24.145,0.25,sell,False,2022-09-30T19:54:06.263546+00:00
403,5072132062,24.15,0.25,sell,False,2022-09-30T19:54:04.093769+00:00
404,5072131521,24.15,0.25,sell,False,2022-09-30T19:54:01.658576+00:00
405,5072131305,24.15,0.25,sell,False,2022-09-30T19:53:59.889765+00:00
406,5072131041,24.15,0.25,sell,False,2022-09-30T19:53:57.626343+00:00
407,5072130852,24.15,0.25,sell,False,2022-09-30T19:53:56.444624+00:00
408,5072130590,24.15,0.25,sell,False,2022-09-30T19:53:53.782543+00:00
409,5072130435,24.15,0.25,sell,False,2022-09-30T19:53:52.011251+00:00
410,5072130141,24.15,0.25,sell,False,2022-09-30T19:53:49.772517+00:00
411,5072129964,24.15,0.25,sell,False,2022-09-30T19:53:48.051221+00:00
412,5072129542,24.15,0.25,sell,False,2022-09-30T19:53:45.925060+00:00
413,5072129246,24.15,0.25,sell,False,2022-09-30T19:53:43.665850+00:00
414,5072129115,24.15,0.25,sell,False,2022-09-30T19:53:42.241387+00:00
415,5072129005,24.15,0.25,sell,False,2022-09-30T19:53:40.453040+00:00
416,5072128757,24.15,0.25,sell,False,2022-09-30T19:53:38.319299+00:00
417,5072128367,24.15,0.25,sell,False,2022-09-30T19:53:35.711443+00:00
418,5072128101,24.15,0.25,sell,False,2022-09-30T19:53:33.847403+00:00
419,5072127892,24.15,0.25,sell,False,2022-09-30T19:53:31.818529+00:00
420,5072127527,24.15,0.25,sell,False,2022-09-30T19:53:30.238668+00:00
421,5072127331,24.15,0.25,sell,False,2022-09-30T19:53:28.384672+00:00
422,5072126951,24.15,0.25,sell,False,2022-09-30T19:53:26.195635+00:00
423,5072126479,24.15,0.25,sell,False,2022-09-30T19:53:23.649146+00:00
424,5072126152,24.15,0.25,sell,False,2022-09-30T19:53:21.681694+00:00
425,5072125806,24.15,0.25,sell,False,2022-09-30T19:53:19.595841+00:00
426,5072125298,24.15,0.25,sell,False,2022-09-30T19:53:17.988941+00:00
427,5072125029,24.15,0.25,sell,False,2022-09-30T19:53:16.047755+00:00
428,5072124661,24.15,0.25,sell,False,2022-09-30T19:53:14.111772+00:00
429,5072124373,24.15,0.25,sell,False,2022-09-30T19:53:11.968630+00:00
430,5072124082,24.15,0.25,sell,False,2022-09-30T19:53:09.957974+00:00
431,5072123473,24.15,0.25,sell,False,2022-09-30T19:53:07.631139+00:00
432,5072123221,24.15,0.25,sell,False,2022-09-30T19:53:06.226396+00:00
433,5072122787,24.15,0.25,sell,False,2022-09-30T19:53:03.831396+00:00
434,5072122508,24.15,0.25,sell,False,2022-09-30T19:53:02.190009+00:00
435,5072122069,24.15,0.25,sell,False,2022-09-30T19:53:00.329859+00:00
436,5072121574,24.15,0.25,sell,False,2022-09-30T19:52:58.126145+00:00
437,5072121021,24.15,0.25,sell,False,2022-09-30T19:52:55.791255+00:00
438,5072120609,24.095,0.25,sell,False,2022-09-30T19:52:53.750677+00:00
439,5072120374,24.095,0.25,sell,False,2022-09-30T19:52:52.246059+00:00
440,5072120133,24.095,0.25,sell,False,2022-09-30T19:52:50.386722+00:00
441,5072119318,24.14,0.25,sell,False,2022-09-30T19:52:48.038171+00:00
442,5072119107,24.095,0.25,sell,False,2022-09-30T19:52:46.397082+00:00
443,5072118754,24.095,0.25,sell,False,2022-09-30T19:52:43.594778+00:00
444,5072118322,24.14,0.25,sell,False,2022-09-30T19:52:41.863165+00:00
445,5072118103,24.14,0.25,sell,False,2022-09-30T19:52:40.530309+00:00
446,5072117475,24.14,0.25,sell,False,2022-09-30T19:52:38.026493+00:00
447,5072116813,24.14,0.25,sell,False,2022-09-30T19:52:36.004622+00:00
448,5072116263,24.095,0.25,sell,False,2022-09-30T19:52:34.413132+00:00
449,5072115595,24.135,0.25,sell,False,2022-09-30T19:52:31.621313+00:00
450,5072115268,24.135,0.25,sell,False,2022-09-30T19:52:30.365096+00:00
451,5072114477,24.095,0.25,sell,False,2022-09-30T19:52:27.947829+00:00
452,5072113726,24.11,0.25,sell,False,2022-09-30T19:52:25.808053+00:00
453,5072112970,24.11,0.25,sell,False,2022-09-30T19:52:24.516560+00:00
454,5072111217,24.11,0.25,sell,False,2022-09-30T19:52:21.954957+00:00
455,5072110143,24.11,0.25,sell,False,2022-09-30T19:52:20.553611+00:00
456,5072108513,24.145,0.25,sell,False,2022-09-30T19:52:18.215718+00:00
457,5072107051,24.145,0.25,sell,False,2022-09-30T19:52:15.892037+00:00
458,5072104960,24.155,0.25,sell,False,2022-09-30T19:52:13.773072+00:00
459,5072102834,24.155,0.25,sell,False,2022-09-30T19:52:11.879635+00:00
460,5072099978,24.155,0.25,sell,False,2022-09-30T19:52:10.127696+00:00
461,5072097302,24.155,0.25,sell,False,2022-09-30T19:52:08.196185+00:00
462,5072095496,24.155,0.25,sell,False,2022-09-30T19:52:06.010096+00:00
463,5072094241,24.155,0.25,sell,False,2022-09-30T19:52:03.914869+00:00
464,5072092431,24.155,0.25,sell,False,2022-09-30T19:52:02.142842+00:00
465,5072090907,24.155,0.25,sell,False,2022-09-30T19:52:00.305995+00:00
466,5072089797,24.155,0.25,sell,False,2022-09-30T19:51:57.758944+00:00
467,5072089249,24.155,0.25,sell,False,2022-09-30T19:51:56.422381+00:00
468,5072088649,24.12,0.25,sell,False,2022-09-30T19:51:54.277604+00:00
469,5072088082,24.14,0.25,sell,False,2022-09-30T19:51:52.192334+00:00
470,5072087194,24.14,0.25,sell,False,2022-09-30T19:51:49.771900+00:00
471,5072085807,24.17,0.25,sell,False,2022-09-30T19:51:48.207807+00:00
472,5072085066,24.17,0.25,sell,False,2022-09-30T19:51:46.486329+00:00
473,5072084792,24.17,0.25,sell,False,2022-09-30T19:51:43.841987+00:00
474,5072084398,24.17,0.25,sell,False,2022-09-30T19:51:41.962944+00:00
475,5072084187,24.17,0.25,sell,False,2022-09-30T19:51:39.969077+00:00
476,5072084049,24.17,0.25,sell,False,2022-09-30T19:51:38.269742+00:00
477,5072083881,24.17,0.25,sell,False,2022-09-30T19:51:36.318145+00:00
478,5072083448,24.17,0.25,sell,False,2022-09-30T19:51:34.096472+00:00
479,5072083064,24.17,0.25,sell,False,2022-09-30T19:51:32.318053+00:00
480,5072082319,24.14,0.25,sell,False,2022-09-30T19:51:29.910151+00:00
481,5072082133,24.14,0.25,sell,False,2022-09-30T19:51:28.118878+00:00
482,5072081954,24.14,0.25,sell,False,2022-09-30T19:51:26.206704+00:00
483,5072081768,24.14,0.25,sell,False,2022-09-30T19:51:24.482683+00:00
484,5072081334,24.14,0.25,sell,False,2022-09-30T19:51:21.991739+00:00
485,5072080663,24.165,0.25,sell,False,2022-09-30T19:51:19.662125+00:00
486,5072080519,24.165,0.25,sell,False,2022-09-30T19:51:18.455436+00:00
487,5072080277,24.17,0.25,sell,False,2022-09-30T19:51:15.852381+00:00
488,5072080084,24.17,0.25,sell,False,2022-09-30T19:51:14.344797+00:00
489,5072079584,24.17,0.25,sell,False,2022-09-30T19:51:11.816235+00:00
490,5072079072,24.17,0.25,sell,False,2022-09-30T19:51:10.312295+00:00
491,5072078807,24.17,0.25,sell,False,2022-09-30T19:51:08.160875+00:00
492,5072078380,24.17,0.25,sell,False,2022-09-30T19:51:05.586485+00:00
493,5072078196,24.17,0.25,sell,False,2022-09-30T19:51:03.903393+00:00
494,5072077977,24.17,0.25,sell,False,2022-09-30T19:51:02.393939+00:00
495,5072077738,24.17,0.25,sell,False,2022-09-30T19:50:59.893280+00:00
496,5072077542,24.17,0.25,sell,False,2022-09-30T19:50:58.309529+00:00
497,5072077393,24.17,0.25,sell,False,2022-09-30T19:50:55.631383+00:00
498,5072077330,24.17,0.25,sell,False,2022-09-30T19:50:54.381987+00:00
499,5072077190,24.17,0.25,sell,False,2022-09-30T19:50:52.237278+00:00
500,5072076978,24.17,0.25,sell,False,2022-09-30T19:50:50.108980+00:00
501,5072076874,24.17,0.25,sell,False,2022-09-30T19:50:48.077575+00:00
502,5072076667,24.17,0.25,sell,False,2022-09-30T19:50:45.783026+00:00
503,5072076391,24.17,0.25,sell,False,2022-09-30T19:50:43.926105+00:00
504,5072075946,24.14,0.25,sell,False,2022-09-30T19:50:41.796955+00:00
505,5072075553,24.165,0.25,sell,False,2022-09-30T19:50:40.544861+00:00
506,5072075290,24.165,0.25,sell,False,2022-09-30T19:50:38.426643+00:00
507,5072074803,24.14,0.25,sell,False,2022-09-30T19:50:36.381673+00:00
508,5072073750,24.175,0.25,sell,False,2022-09-30T19:50:34.355438+00:00
509,5072073079,24.175,0.25,sell,False,2022-09-30T19:50:31.847549+00:00
510,5072072839,24.175,0.25,sell,False,2022-09-30T19:50:30.012136+00:00
511,5072072604,24.175,0.25,sell,False,2022-09-30T19:50:28.022663+00:00
512,5072072447,24.175,0.25,sell,False,2022-09-30T19:50:25.920677+00:00
513,5072072293,24.175,0.25,sell,False,2022-09-30T19:50:24.327238+00:00
514,5072072093,24.13,0.25,sell,False,2022-09-30T19:50:22.272964+00:00
515,5072071755,24.13,0.25,sell,False,2022-09-30T19:50:20.268868+00:00
516,5072071343,24.13,0.25,sell,False,2022-09-30T19:50:18.120786+00:00
517,5072070980,24.13,0.25,sell,False,2022-09-30T19:50:16.167324+00:00
518,5072070575,24.18,0.25,sell,False,2022-09-30T19:50:14.544853+00:00
519,5072069256,24.13,0.25,sell,False,2022-09-30T19:50:11.922809+00:00
520,5072068827,24.13,0.25,sell,False,2022-09-30T19:50:09.832812+00:00
521,5072068334,24.19,0.25,sell,False,2022-09-30T19:50:08.247064+00:00
522,5072067902,24.13,0.25,sell,False,2022-09-30T19:50:06.469608+00:00
523,5072067446,24.13,0.25,sell,False,2022-09-30T19:50:04.200548+00:00
524,5072066524,24.17,0.25,sell,False,2022-09-30T19:50:01.678612+00:00
525,5072065487,24.21,0.25,sell,False,2022-09-30T19:50:00.332105+00:00
526,5072065178,24.21,0.25,sell,False,2022-09-30T19:49:58.543807+00:00
527,5072065056,24.21,0.25,sell,False,2022-09-30T19:49:55.969543+00:00
528,5072064744,24.21,0.25,sell,False,2022-09-30T19:49:53.779781+00:00
529,5072064498,24.21,0.25,sell,False,2022-09-30T19:49:52.305126+00:00
530,5072064423,24.21,0.25,sell,False,2022-09-30T19:49:50.366722+00:00
531,5072064377,24.21,0.25,sell,False,2022-09-30T19:49:48.535426+00:00
532,5072064330,24.21,0.25,sell,False,2022-09-30T19:49:46.211089+00:00
533,5072064246,24.21,0.25,sell,False,2022-09-30T19:49:43.701457+00:00
534,5072064207,24.21,0.25,sell,False,2022-09-30T19:49:42.391911+00:00
535,5072064103,24.21,0.25,sell,False,2022-09-30T19:49:40.231833+00:00
536,5072064046,24.21,0.25,sell,False,2022-09-30T19:49:38.528417+00:00
537,5072063948,24.21,0.25,sell,False,2022-09-30T19:49:35.578454+00:00
538,5072063916,24.21,0.25,sell,False,2022-09-30T19:49:33.971704+00:00
539,5072063869,24.21,0.25,sell,False,2022-09-30T19:49:32.334256+00:00
540,5072063828,24.21,0.25,sell,False,2022-09-30T19:49:30.520385+00:00
541,5072063712,24.21,0.25,sell,False,2022-09-30T19:49:27.714646+00:00
542,5072063642,24.21,0.25,sell,False,2022-09-30T19:49:25.884713+00:00
543,5072063549,24.21,0.25,sell,False,2022-09-30T19:49:24.011583+00:00
544,5072063444,24.21,0.25,sell,False,2022-09-30T19:49:21.984849+00:00
545,5072063368,24.21,0.25,sell,False,2022-09-30T19:49:20.415759+00:00
546,5072063281,24.21,0.25,sell,False,2022-09-30T19:49:17.882621+00:00
547,5072063116,24.17,0.25,sell,False,2022-09-30T19:49:15.800008+00:00
548,5072063051,24.17,0.25,sell,False,2022-09-30T19:49:14.111429+00:00
549,5072062894,24.17,0.25,sell,False,2022-09-30T19:49:12.100638+00:00
550,5072062796,24.21,0.25,sell,False,2022-09-30T19:49:10.394843+00:00
551,5072062659,24.21,0.25,sell,False,2022-09-30T19:49:07.661843+00:00
552,5072062588,24.21,0.25,sell,False,2022-09-30T19:49:05.786788+00:00
553,5072062459,24.21,0.25,sell,False,2022-09-30T19:49:04.107090+00:00
554,5072062371,24.17,0.25,sell,False,2022-09-30T19:49:01.671540+00:00
555,5072062307,24.17,0.25,sell,False,2022-09-30T19:48:59.870111+00:00
556,5072062205,24.17,0.25,sell,False,2022-09-30T19:48:58.135098+00:00
557,5072062071,24.205,0.25,sell,False,2022-09-30T19:48:55.567393+00:00
558,5072061906,24.205,0.25,sell,False,2022-09-30T19:48:53.905727+00:00
559,5072061851,24.205,0.25,sell,False,2022-09-30T19:48:52.545507+00:00
560,5072061704,24.205,0.25,sell,False,2022-09-30T19:48:49.890533+00:00
561,5072061659,24.205,0.25,sell,False,2022-09-30T19:48:48.371452+00:00
562,5072061534,24.205,0.25,sell,False,2022-09-30T19:48:46.117713+00:00
563,5072061334,24.205,0.25,sell,False,2022-09-30T19:48:43.640385+00:00
564,5072061307,24.17,0.25,sell,False,2022-09-30T19:48:42.533326+00:00
565,5072061176,24.17,0.25,sell,False,2022-09-30T19:48:40.401968+00:00
566,5072061059,24.17,0.25,sell,False,2022-09-30T19:48:37.707551+00:00
567,5072061021,24.17,0.25,sell,False,2022-09-30T19:48:36.418800+00:00
568,5072060805,24.2,0.25,sell,False,2022-09-30T19:48:33.810081+00:00
569,5072060729,24.2,0.25,sell,False,2022-09-30T19:48:32.264195+00:00
570,5072060649,24.2,0.25,sell,False,2022-09-30T19:48:30.131173+00:00
571,5072060499,24.2,0.25,sell,False,2022-09-30T19:48:28.101946+00:00
572,5072060353,24.2,0.25,sell,False,2022-09-30T19:48:25.624713+00:00
573,5072060296,24.2,0.25,sell,False,2022-09-30T19:48:23.818526+00:00
574,5072060196,24.2,0.25,sell,False,2022-09-30T19:48:21.672136+00:00
575,5072060135,24.17,0.25,sell,False,2022-09-30T19:48:20.397908+00:00
576,5072059908,24.2,0.25,sell,False,2022-09-30T19:48:17.601042+00:00
577,5072059858,24.2,0.25,sell,False,2022-09-30T19:48:16.404906+00:00
578,5072059639,24.2,0.25,sell,False,2022-09-30T19:48:14.402535+00:00
579,5072059201,24.15,0.25,sell,False,2022-09-30T19:48:11.687386+00:00
580,5072059020,24.19,0.25,sell,False,2022-09-30T19:48:10.297362+00:00
581,5072058832,24.19,0.25,sell,False,2022-09-30T19:48:07.768039+00:00
582,5072058739,24.15,0.25,sell,False,2022-09-30T19:48:06.239297+00:00
583,5072058580,24.15,0.25,sell,False,2022-09-30T19:48:03.689218+00:00
584,5072058457,24.13,0.25,sell,False,2022-09-30T19:48:02.396265+00:00
585,5072058053,24.17,0.25,sell,False,2022-09-30T19:48:00.112069+00:00
586,5072057969,24.17,0.25,sell,False,2022-09-30T19:47:58.184060+00:00
587,5072057890,24.17,0.25,sell,False,2022-09-30T19:47:56.104985+00:00
588,5072057761,24.17,0.25,sell,False,2022-09-30T19:47:53.593430+00:00
589,5072057688,24.17,0.25,sell,False,2022-09-30T19:47:52.318606+00:00
590,5072057586,24.17,0.25,sell,False,2022-09-30T19:47:49.968112+00:00
591,5072057451,24.17,0.25,sell,False,2022-09-30T19:47:48.285049+00:00
592,5072057352,24.17,0.25,sell,False,2022-09-30T19:47:45.898362+00:00
593,5072057278,24.17,0.25,sell,False,2022-09-30T19:47:44.472132+00:00
594,5072057219,24.17,0.25,sell,False,2022-09-30T19:47:42.393103+00:00
595,5072057113,24.17,0.25,sell,False,2022-09-30T19:47:40.146454+00:00
596,5072057016,24.17,0.25,sell,False,2022-09-30T19:47:37.938967+00:00
597,5072056963,24.17,0.25,sell,False,2022-09-30T19:47:36.259216+00:00
598,5072056834,24.17,0.25,sell,False,2022-09-30T19:47:34.543844+00:00
599,5072056743,24.17,0.25,sell,False,2022-09-30T19:47:31.932445+00:00
600,5072056664,24.17,0.25,sell,False,2022-09-30T19:47:29.747088+00:00
601,5072056579,24.13,0.25,sell,False,2022-09-30T19:47:28.296917+00:00
602,5072056492,24.13,0.25,sell,False,2022-09-30T19:47:25.812732+00:00
603,5072056442,24.165,0.25,sell,False,2022-09-30T19:47:23.982941+00:00
604,5072056363,24.13,0.25,sell,False,2022-09-30T19:47:22.043666+00:00
605,5072056308,24.13,0.25,sell,False,2022-09-30T19:47:20.473507+00:00
606,5072056099,24.17,0.25,sell,False,2022-09-30T19:47:17.572227+00:00
607,5072056017,24.17,0.25,sell,False,2022-09-30T19:47:16.570277+00:00
608,5072055793,24.16,0.25,sell,False,2022-09-30T19:47:14.090462+00:00
609,5072055450,24.16,0.25,sell,False,2022-09-30T19:47:12.316884+00:00
610,5072055006,24.16,0.25,sell,False,2022-09-30T19:47:10.129300+00:00
611,5072054837,24.155,0.25,sell,False,2022-09-30T19:47:08.541484+00:00
612,5072054779,24.155,0.25,sell,False,2022-09-30T19:47:06.501455+00:00
613,5072054682,24.155,0.25,sell,False,2022-09-30T19:47:04.316571+00:00
614,5072054625,24.155,0.25,sell,False,2022-09-30T19:47:02.565516+00:00
615,5072054518,24.155,0.25,sell,False,2022-09-30T19:46:59.968770+00:00
616,5072054425,24.155,0.25,sell,False,2022-09-30T19:46:58.015273+00:00
617,5072054335,24.155,0.25,sell,False,2022-09-30T19:46:56.487127+00:00
618,5072054254,24.13,0.25,sell,False,2022-09-30T19:46:54.149019+00:00
619,5072054140,24.13,0.25,sell,False,2022-09-30T19:46:52.240725+00:00
620,5072054046,24.15,0.25,sell,False,2022-09-30T19:46:49.749874+00:00
621,5072053927,24.18,0.25,sell,False,2022-09-30T19:46:47.670971+00:00
622,5072053860,24.18,0.25,sell,False,2022-09-30T19:46:45.798033+00:00
623,5072053779,24.18,0.25,sell,False,2022-09-30T19:46:43.885608+00:00
624,5072053675,24.18,0.25,sell,False,2022-09-30T19:46:41.970163+00:00
625,5072053511,24.18,0.25,sell,False,2022-09-30T19:46:39.742793+00:00
626,5072053460,24.18,0.25,sell,False,2022-09-30T19:46:38.296983+00:00
627,5072053255,24.18,0.25,sell,False,2022-09-30T19:46:36.115565+00:00
628,5072053164,24.18,0.25,sell,False,2022-09-30T19:46:33.953210+00:00
629,5072053047,24.18,0.25,sell,False,2022-09-30T19:46:32.206312+00:00
630,5072052944,24.18,0.25,sell,False,2022-09-30T19:46:30.572648+00:00
631,5072052853,24.18,0.25,sell,False,2022-09-30T19:46:28.366093+00:00
632,5072052784,24.18,0.25,sell,False,2022-09-30T19:46:26.092660+00:00
633,5072052699,24.18,0.25,sell,False,2022-09-30T19:46:23.790075+00:00
634,5072052642,24.18,0.25,sell,False,2022-09-30T19:46:21.991009+00:00
635,5072052513,24.18,0.25,sell,False,2022-09-30T19:46:19.584920+00:00
636,5072052462,24.18,0.25,sell,False,2022-09-30T19:46:17.616078+00:00
637,5072052432,24.18,0.25,sell,False,2022-09-30T19:46:16.400551+00:00
638,5072052303,24.18,0.25,sell,False,2022-09-30T19:46:14.383707+00:00
639,5072052150,24.18,0.25,sell,False,2022-09-30T19:46:12.151863+00:00
640,5072051997,24.18,0.25,sell,False,2022-09-30T19:46:10.269449+00:00
641,5072051758,24.18,0.25,sell,False,2022-09-30T19:46:08.033066+00:00
642,5072051592,24.18,0.25,sell,False,2022-09-30T19:46:05.789151+00:00
643,5072051521,24.18,0.25,sell,False,2022-09-30T19:46:03.595455+00:00
644,5072051474,24.18,0.25,sell,False,2022-09-30T19:46:02.460034+00:00
645,5072051336,24.18,0.25,sell,False,2022-09-30T19:46:00.187930+00:00
646,5072051262,24.18,0.25,sell,False,2022-09-30T19:45:58.277803+00:00
647,5072051131,24.18,0.25,sell,False,2022-09-30T19:45:55.870378+00:00
648,5072051073,24.15,0.25,sell,False,2022-09-30T19:45:54.069842+00:00
649,5072050961,24.17,0.25,sell,False,2022-09-30T19:45:51.903282+00:00
650,5072050828,24.17,0.25,sell,False,2022-09-30T19:45:49.610440+00:00
651,5072050719,24.17,0.25,sell,False,2022-09-30T19:45:48.344914+00:00
652,5072050437,24.17,0.25,sell,False,2022-09-30T19:45:46.041645+00:00
653,5072050356,24.17,0.25,sell,False,2022-09-30T19:45:44.463336+00:00
654,5072050261,24.17,0.25,sell,False,2022-09-30T19:45:42.433722+00:00
655,5072050141,24.17,0.25,sell,False,2022-09-30T19:45:39.658229+00:00
656,5072050029,24.17,0.25,sell,False,2022-09-30T19:45:38.042301+00:00
657,5072049944,24.17,0.25,sell,False,2022-09-30T19:45:35.754982+00:00
658,5072049894,24.17,0.25,sell,False,2022-09-30T19:45:34.131526+00:00
659,5072049766,24.17,0.25,sell,False,2022-09-30T19:45:31.802303+00:00
660,5072049634,24.17,0.25,sell,False,2022-09-30T19:45:29.743681+00:00
661,5072049589,24.17,0.25,sell,False,2022-09-30T19:45:28.142929+00:00
662,5072049456,24.17,0.25,sell,False,2022-09-30T19:45:25.581382+00:00
663,5072049402,24.17,0.25,sell,False,2022-09-30T19:45:23.967250+00:00
664,5072049299,24.165,0.25,sell,False,2022-09-30T19:45:21.936220+00:00
665,5072049026,24.165,0.25,sell,False,2022-09-30T19:45:20.287567+00:00
666,5072048827,24.165,0.25,sell,False,2022-09-30T19:45:18.109522+00:00
667,5072048754,24.165,0.25,sell,False,2022-09-30T19:45:15.828612+00:00
668,5072048635,24.165,0.25,sell,False,2022-09-30T19:45:14.222259+00:00
669,5072048543,24.165,0.25,sell,False,2022-09-30T19:45:12.483229+00:00
670,5072048400,24.165,0.25,sell,False,2022-09-30T19:45:10.505367+00:00
671,5072048242,24.165,0.25,sell,False,2022-09-30T19:45:07.598071+00:00
672,5072048166,24.13,0.25,sell,False,2022-09-30T19:45:05.705527+00:00
673,5072047951,24.13,0.25,sell,False,2022-09-30T19:45:04.262319+00:00
674,5072047798,24.12,0.25,sell,False,2022-09-30T19:45:02.259958+00:00
675,5072047512,24.16,0.25,sell,False,2022-09-30T19:44:59.927886+00:00
676,5072047477,24.16,0.25,sell,False,2022-09-30T19:44:58.536822+00:00
677,5072047375,24.16,0.25,sell,False,2022-09-30T19:44:56.005388+00:00
678,5072047313,24.16,0.25,sell,False,2022-09-30T19:44:54.301142+00:00
679,5072047149,24.12,0.25,sell,False,2022-09-30T19:44:51.928513+00:00
680,5072047074,24.12,0.25,sell,False,2022-09-30T19:44:50.451557+00:00
681,5072047019,24.12,0.25,sell,False,2022-09-30T19:44:48.338649+00:00
682,5072046888,24.155,0.25,sell,False,2022-09-30T19:44:45.956434+00:00
683,5072046821,24.155,0.25,sell,False,2022-09-30T19:44:44.426882+00:00
684,5072046638,24.155,0.25,sell,False,2022-09-30T19:44:42.045906+00:00
685,5072046591,24.155,0.25,sell,False,2022-09-30T19:44:40.283676+00:00
686,5072046423,24.155,0.25,sell,False,2022-09-30T19:44:37.854169+00:00
687,5072046388,24.155,0.25,sell,False,2022-09-30T19:44:36.499161+00:00
688,5072046257,24.155,0.25,sell,False,2022-09-30T19:44:34.149286+00:00
689,5072046174,24.155,0.25,sell,False,2022-09-30T19:44:32.440034+00:00
690,5072045893,24.155,0.25,sell,False,2022-09-30T19:44:30.028255+00:00
691,5072045664,24.165,0.25,sell,False,2022-09-30T19:44:28.195731+00:00
692,5072045529,24.165,0.25,sell,False,2022-09-30T19:44:26.028916+00:00
693,5072045455,24.165,0.25,sell,False,2022-09-30T19:44:23.646259+00:00
694,5072045392,24.165,0.25,sell,False,2022-09-30T19:44:21.645320+00:00
695,5072045279,24.165,0.25,sell,False,2022-09-30T19:44:20.232549+00:00
696,5072045169,24.165,0.25,sell,False,2022-09-30T19:44:17.749424+00:00
697,5072045131,24.165,0.25,sell,False,2022-09-30T19:44:16.306246+00:00
698,5072045054,24.165,0.25,sell,False,2022-09-30T19:44:13.792772+00:00
699,5072044978,24.165,0.25,sell,False,2022-09-30T19:44:12.090024+00:00
700,5072044915,24.165,0.25,sell,False,2022-09-30T19:44:10.286546+00:00
701,5072044788,24.165,0.25,sell,False,2022-09-30T19:44:08.344820+00:00
702,5072044736,24.12,0.25,sell,False,2022-09-30T19:44:06.492477+00:00
703,5072044656,24.12,0.25,sell,False,2022-09-30T19:44:04.135453+00:00
704,5072044556,24.15,0.25,sell,False,2022-09-30T19:44:02.516948+00:00
705,5072044377,24.15,0.25,sell,False,2022-09-30T19:44:00.015024+00:00
706,5072044318,24.15,0.25,sell,False,2022-09-30T19:43:58.168748+00:00
707,5072044119,24.15,0.25,sell,False,2022-09-30T19:43:55.788029+00:00
708,5072044066,24.15,0.25,sell,False,2022-09-30T19:43:54.358218+00:00
709,5072043954,24.12,0.25,sell,False,2022-09-30T19:43:52.347149+00:00
710,5072043839,24.13,0.25,sell,False,2022-09-30T19:43:50.470544+00:00
711,5072043738,24.11,0.25,sell,False,2022-09-30T19:43:48.664822+00:00
712,5072043313,24.15,0.25,sell,False,2022-09-30T19:43:46.526695+00:00
713,5072043132,24.15,0.25,sell,False,2022-09-30T19:43:43.992541+00:00
714,5072043002,24.15,0.25,sell,False,2022-09-30T19:43:41.689269+00:00
715,5072042953,24.15,0.25,sell,False,2022-09-30T19:43:40.022326+00:00
716,5072042906,24.15,0.25,sell,False,2022-09-30T19:43:38.345060+00:00
717,5072042839,24.15,0.25,sell,False,2022-09-30T19:43:36.077933+00:00
718,5072042803,24.15,0.25,sell,False,2022-09-30T19:43:34.303609+00:00
719,5072042699,24.15,0.25,sell,False,2022-09-30T19:43:32.174512+00:00
720,5072042520,24.15,0.25,sell,False,2022-09-30T19:43:30.195223+00:00
721,5072042469,24.15,0.25,sell,False,2022-09-30T19:43:28.388174+00:00
722,5072042237,24.07,0.25,sell,False,2022-09-30T19:43:26.055735+00:00
723,5072041788,24.07,0.25,sell,False,2022-09-30T19:43:23.703423+00:00
724,5072041707,24.11,0.25,sell,False,2022-09-30T19:43:21.712682+00:00
725,5072041621,24.11,0.25,sell,False,2022-09-30T19:43:19.606307+00:00
726,5072041573,24.11,0.25,sell,False,2022-09-30T19:43:17.633079+00:00
727,5072041526,24.155,0.25,sell,False,2022-09-30T19:43:15.801500+00:00
728,5072041486,24.14,0.25,sell,False,2022-09-30T19:43:14.169784+00:00
729,5072041443,24.14,0.25,sell,False,2022-09-30T19:43:12.491395+00:00
730,5072041350,24.14,0.25,sell,False,2022-09-30T19:43:10.143525+00:00
731,5072041286,24.12,0.25,sell,False,2022-09-30T19:43:08.198511+00:00
732,5072041200,24.1,0.25,sell,False,2022-09-30T19:43:06.544646+00:00
733,5072041123,24.1,0.25,sell,False,2022-09-30T19:43:04.451306+00:00
734,5072040998,24.14,0.25,sell,False,2022-09-30T19:43:02.384313+00:00
735,5072040898,24.14,0.25,sell,False,2022-09-30T19:43:00.558550+00:00
736,5072040696,24.14,0.25,sell,False,2022-09-30T19:42:57.700873+00:00
737,5072040607,24.14,0.25,sell,False,2022-09-30T19:42:55.837138+00:00
738,5072040537,24.1,0.25,sell,False,2022-09-30T19:42:53.852784+00:00
739,5072040479,24.1,0.25,sell,False,2022-09-30T19:42:51.917224+00:00
740,5072040424,24.1,0.25,sell,False,2022-09-30T19:42:50.285846+00:00
741,5072040310,24.135,0.25,sell,False,2022-09-30T19:42:47.990264+00:00
742,5072040275,24.135,0.25,sell,False,2022-09-30T19:42:46.519197+00:00
743,5072040161,24.135,0.25,sell,False,2022-09-30T19:42:43.626539+00:00
744,5072040064,24.135,0.25,sell,False,2022-09-30T19:42:42.000433+00:00
745,5072040008,24.135,0.25,sell,False,2022-09-30T19:42:40.425219+00:00
746,5072039881,24.135,0.25,sell,False,2022-09-30T19:42:37.788255+00:00
747,5072039767,24.135,0.25,sell,False,2022-09-30T19:42:35.595884+00:00
748,5072039696,24.1,0.25,sell,False,2022-09-30T19:42:33.949250+00:00
749,5072039273,24.1,0.25,sell,False,2022-09-30T19:42:31.630968+00:00
750,5072039178,24.1,0.25,sell,False,2022-09-30T19:42:30.124974+00:00
751,5072039086,24.14,0.25,sell,False,2022-09-30T19:42:27.697577+00:00
752,5072038933,24.14,0.25,sell,False,2022-09-30T19:42:25.652085+00:00
753,5072038868,24.14,0.25,sell,False,2022-09-30T19:42:23.792111+00:00
754,5072038821,24.14,0.25,sell,False,2022-09-30T19:42:22.495939+00:00
755,5072038710,24.14,0.25,sell,False,2022-09-30T19:42:19.744042+00:00
756,5072038601,24.14,0.25,sell,False,2022-09-30T19:42:17.903613+00:00
757,5072038414,24.14,0.25,sell,False,2022-09-30T19:42:15.624820+00:00
758,5072038335,24.14,0.25,sell,False,2022-09-30T19:42:14.245329+00:00
759,5072038137,24.14,0.25,sell,False,2022-09-30T19:42:12.314816+00:00
760,5072037996,24.14,0.25,sell,False,2022-09-30T19:42:10.500348+00:00
761,5072037511,24.14,0.25,sell,False,2022-09-30T19:42:08.045511+00:00
762,5072037412,24.13,0.25,sell,False,2022-09-30T19:42:06.352709+00:00
763,5072037307,24.13,0.25,sell,False,2022-09-30T19:42:04.551704+00:00
764,5072037230,24.13,0.25,sell,False,2022-09-30T19:42:02.544340+00:00
765,5072037056,24.13,0.25,sell,False,2022-09-30T19:41:59.761440+00:00
766,5072037022,24.13,0.25,sell,False,2022-09-30T19:41:58.056724+00:00
767,5072036950,24.13,0.25,sell,False,2022-09-30T19:41:56.403002+00:00
768,5072036863,24.13,0.25,sell,False,2022-09-30T19:41:54.189690+00:00
769,5072036744,24.13,0.25,sell,False,2022-09-30T19:41:52.008544+00:00
770,5072036567,24.13,0.25,sell,False,2022-09-30T19:41:49.902234+00:00
771,5072036463,24.13,0.25,sell,False,2022-09-30T19:41:48.147974+00:00
772,5072036172,24.13,0.25,sell,False,2022-09-30T19:41:45.822526+00:00
773,5072036112,24.08,0.25,sell,False,2022-09-30T19:41:44.497398+00:00
774,5072036030,24.12,0.25,sell,False,2022-09-30T19:41:41.720384+00:00
775,5072035903,24.12,0.25,sell,False,2022-09-30T19:41:40.178967+00:00
776,5072035831,24.08,0.25,sell,False,2022-09-30T19:41:37.711749+00:00
777,5072035750,24.08,0.25,sell,False,2022-09-30T19:41:36.409884+00:00
778,5072035603,24.11,0.25,sell,False,2022-09-30T19:41:34.180571+00:00
779,5072035381,24.11,0.25,sell,False,2022-09-30T19:41:32.324835+00:00
780,5072035208,24.11,0.25,sell,False,2022-09-30T19:41:30.343402+00:00
781,5072035086,24.11,0.25,sell,False,2022-09-30T19:41:28.257507+00:00
782,5072034996,24.11,0.25,sell,False,2022-09-30T19:41:26.560702+00:00
783,5072034856,24.08,0.25,sell,False,2022-09-30T19:41:24.023625+00:00
784,5072034679,24.08,0.25,sell,False,2022-09-30T19:41:21.893895+00:00
785,5072034581,24.08,0.25,sell,False,2022-09-30T19:41:19.881923+00:00
786,5072034497,24.11,0.25,sell,False,2022-09-30T19:41:18.202579+00:00
787,5072034420,24.11,0.25,sell,False,2022-09-30T19:41:16.169195+00:00
788,5072034329,24.11,0.25,sell,False,2022-09-30T19:41:13.805738+00:00
789,5072034231,24.11,0.25,sell,False,2022-09-30T19:41:11.940058+00:00
790,5072034186,24.11,0.25,sell,False,2022-09-30T19:41:10.273561+00:00
791,5072034105,24.11,0.25,sell,False,2022-09-30T19:41:07.751782+00:00
792,5072034059,24.11,0.25,sell,False,2022-09-30T19:41:06.351762+00:00
793,5072033959,24.11,0.25,sell,False,2022-09-30T19:41:03.922231+00:00
794,5072033824,24.11,0.25,sell,False,2022-09-30T19:41:01.840831+00:00
795,5072033743,24.11,0.25,sell,False,2022-09-30T19:41:00.287710+00:00
796,5072033547,24.11,0.25,sell,False,2022-09-30T19:40:57.572915+00:00
797,5072033316,24.11,0.25,sell,False,2022-09-30T19:40:56.017000+00:00
798,5072033194,24.1,0.25,sell,False,2022-09-30T19:40:54.563744+00:00
799,5072032878,24.1,0.25,sell,False,2022-09-30T19:40:51.769638+00:00
800,5072032669,24.1,0.25,sell,False,2022-09-30T19:40:49.712047+00:00
801,5072032592,24.1,0.25,sell,False,2022-09-30T19:40:48.124910+00:00
802,5072032463,24.1,0.25,sell,False,2022-09-30T19:40:46.042879+00:00
803,5072032397,24.1,0.25,sell,False,2022-09-30T19:40:44.316010+00:00
804,5072032323,24.1,0.25,sell,False,2022-09-30T19:40:42.337580+00:00
805,5072032237,24.1,0.25,sell,False,2022-09-30T19:40:40.519490+00:00
806,5072032150,24.1,0.25,sell,False,2022-09-30T19:40:37.992507+00:00
807,5072032010,24.1,0.25,sell,False,2022-09-30T19:40:36.264155+00:00
808,5072031930,24.1,0.25,sell,False,2022-09-30T19:40:33.666502+00:00
809,5072031856,24.1,0.25,sell,False,2022-09-30T19:40:31.638857+00:00
810,5072031756,24.095,0.25,sell,False,2022-09-30T19:40:29.863376+00:00
811,5072031692,24.095,0.25,sell,False,2022-09-30T19:40:27.889891+00:00
812,5072031577,24.095,0.25,sell,False,2022-09-30T19:40:25.895322+00:00
813,5072031484,24.095,0.25,sell,False,2022-09-30T19:40:23.916486+00:00
814,5072031376,24.095,0.25,sell,False,2022-09-30T19:40:21.741458+00:00
815,5072031243,24.095,0.25,sell,False,2022-09-30T19:40:19.608441+00:00
816,5072031179,24.095,0.25,sell,False,2022-09-30T19:40:17.815334+00:00
817,5072031082,24.095,0.25,sell,False,2022-09-30T19:40:16.292008+00:00
818,5072030957,24.095,0.25,sell,False,2022-09-30T19:40:13.819870+00:00
819,5072030830,24.095,0.25,sell,False,2022-09-30T19:40:11.687922+00:00
820,5072030739,24.095,0.25,sell,False,2022-09-30T19:40:10.420291+00:00
821,5072030600,24.095,0.25,sell,False,2022-09-30T19:40:08.071309+00:00
822,5072030495,24.095,0.25,sell,False,2022-09-30T19:40:06.013731+00:00
823,5072030439,24.095,0.25,sell,False,2022-09-30T19:40:03.981884+00:00
824,5072030325,24.095,0.25,sell,False,2022-09-30T19:40:02.114326+00:00
825,5072030202,24.07,0.25,sell,False,2022-09-30T19:40:00.132665+00:00
826,5072030090,24.07,0.25,sell,False,2022-09-30T19:39:57.581529+00:00
827,5072030051,24.07,0.25,sell,False,2022-09-30T19:39:56.133336+00:00
828,5072029934,24.1,0.25,sell,False,2022-09-30T19:39:53.914954+00:00
829,5072029792,24.1,0.25,sell,False,2022-09-30T19:39:52.036403+00:00
830,5072029673,24.1,0.25,sell,False,2022-09-30T19:39:50.270126+00:00
831,5072029516,24.1,0.25,sell,False,2022-09-30T19:39:47.913424+00:00
832,5072029139,24.07,0.25,sell,False,2022-09-30T19:39:46.213772+00:00
833,5072029090,24.07,0.25,sell,False,2022-09-30T19:39:44.451242+00:00
834,5072028994,24.09,0.25,sell,False,2022-09-30T19:39:42.293888+00:00
835,5072028943,24.09,0.25,sell,False,2022-09-30T19:39:40.467028+00:00
836,5072028842,24.09,0.25,sell,False,2022-09-30T19:39:37.586205+00:00
837,5072028790,24.09,0.25,sell,False,2022-09-30T19:39:36.561188+00:00
838,5072028722,24.09,0.25,sell,False,2022-09-30T19:39:34.524165+00:00
839,5072028555,24.1,0.25,sell,False,2022-09-30T19:39:32.319789+00:00
840,5072028408,24.1,0.25,sell,False,2022-09-30T19:39:29.681351+00:00
841,5072028306,24.1,0.25,sell,False,2022-09-30T19:39:28.443634+00:00
842,5072028175,24.05,0.25,sell,False,2022-09-30T19:39:25.626553+00:00
843,5072027963,24.05,0.25,sell,False,2022-09-30T19:39:24.399203+00:00
844,5072027530,24.08,0.25,sell,False,2022-09-30T19:39:21.755768+00:00
845,5072027465,24.08,0.25,sell,False,2022-09-30T19:39:19.890394+00:00
846,5072027336,24.08,0.25,sell,False,2022-09-30T19:39:17.660069+00:00
847,5072027307,24.08,0.25,sell,False,2022-09-30T19:39:16.482914+00:00
848,5072027222,24.03,0.25,sell,False,2022-09-30T19:39:13.601963+00:00
849,5072027072,24.07,0.25,sell,False,2022-09-30T19:39:11.863153+00:00
850,5072027026,24.07,0.25,sell,False,2022-09-30T19:39:10.174714+00:00
851,5072026914,24.07,0.25,sell,False,2022-09-30T19:39:07.776810+00:00
852,5072026851,24.065,0.25,sell,False,2022-09-30T19:39:06.380185+00:00
853,5072026666,24.065,0.25,sell,False,2022-09-30T19:39:04.042576+00:00
854,5072026533,24.065,0.25,sell,False,2022-09-30T19:39:02.281718+00:00
855,5072026301,24.065,0.25,sell,False,2022-09-30T19:39:00.123371+00:00
856,5072026246,24.03,0.25,sell,False,2022-09-30T19:38:57.808364+00:00
857,5072026190,24.03,0.25,sell,False,2022-09-30T19:38:56.077332+00:00
858,5072026128,24.03,0.25,sell,False,2022-09-30T19:38:54.116062+00:00
859,5072026044,24.03,0.25,sell,False,2022-09-30T19:38:51.990893+00:00
860,5072025937,24.03,0.25,sell,False,2022-09-30T19:38:50.452267+00:00
861,5072025780,24.04,0.25,sell,False,2022-09-30T19:38:48.346412+00:00
862,5072025738,24.04,0.25,sell,False,2022-09-30T19:38:46.513502+00:00
863,5072025661,24.075,0.25,sell,False,2022-09-30T19:38:43.748514+00:00
864,5072025597,24.075,0.25,sell,False,2022-09-30T19:38:42.005365+00:00
865,5072025505,24.075,0.25,sell,False,2022-09-30T19:38:39.741551+00:00
866,5072025473,24.075,0.25,sell,False,2022-09-30T19:38:38.318385+00:00
867,5072025383,24.075,0.25,sell,False,2022-09-30T19:38:36.298871+00:00
868,5072025200,24.075,0.25,sell,False,2022-09-30T19:38:34.246649+00:00
869,5072025108,24.075,0.25,sell,False,2022-09-30T19:38:31.614514+00:00
870,5072025077,24.075,0.25,sell,False,2022-09-30T19:38:30.417365+00:00
871,5072025001,24.05,0.25,sell,False,2022-09-30T19:38:27.911672+00:00
872,5072024912,24.085,0.25,sell,False,2022-09-30T19:38:26.459200+00:00
873,5072024739,24.085,0.25,sell,False,2022-09-30T19:38:23.686602+00:00
874,5072024702,24.06,0.25,sell,False,2022-09-30T19:38:22.335925+00:00
875,5072024612,24.06,0.25,sell,False,2022-09-30T19:38:20.495048+00:00
876,5072024306,24.095,0.25,sell,False,2022-09-30T19:38:18.396031+00:00
877,5072023984,24.06,0.25,sell,False,2022-09-30T19:38:15.798158+00:00
878,5072023622,24.07,0.25,sell,False,2022-09-30T19:38:14.466959+00:00
879,5072023523,24.07,0.25,sell,False,2022-09-30T19:38:11.962130+00:00
880,5072023395,24.105,0.25,sell,False,2022-09-30T19:38:10.088885+00:00
881,5072023288,24.115,0.25,sell,False,2022-09-30T19:38:07.913173+00:00
882,5072023104,24.115,0.25,sell,False,2022-09-30T19:38:05.756954+00:00
883,5072023013,24.115,0.25,sell,False,2022-09-30T19:38:04.506414+00:00
884,5072022839,24.12,0.25,sell,False,2022-09-30T19:38:02.512198+00:00
885,5072022679,24.12,0.25,sell,False,2022-09-30T19:38:00.050137+00:00
886,5072022253,24.12,0.25,sell,False,2022-09-30T19:37:57.816974+00:00
887,5072021950,24.12,0.25,sell,False,2022-09-30T19:37:55.914003+00:00
888,5072021888,24.12,0.25,sell,False,2022-09-30T19:37:54.478490+00:00
889,5072021782,24.12,0.25,sell,False,2022-09-30T19:37:51.650610+00:00
890,5072021697,24.12,0.25,sell,False,2022-09-30T19:37:49.715045+00:00
891,5072021492,24.12,0.25,sell,False,2022-09-30T19:37:47.963682+00:00
892,5072021284,24.12,0.25,sell,False,2022-09-30T19:37:45.916181+00:00
893,5072021168,24.12,0.25,sell,False,2022-09-30T19:37:44.174330+00:00
894,5072021039,24.12,0.25,sell,False,2022-09-30T19:37:41.762051+00:00
895,5072020966,24.12,0.25,sell,False,2022-09-30T19:37:40.260575+00:00
896,5072020767,24.09,0.25,sell,False,2022-09-30T19:37:37.912228+00:00
897,5072020571,24.07,0.25,sell,False,2022-09-30T19:37:36.062423+00:00
898,5072019949,24.07,0.25,sell,False,2022-09-30T19:37:33.603089+00:00
899,5072019665,24.11,0.25,sell,False,2022-09-30T19:37:32.381072+00:00
900,5072019288,24.11,0.25,sell,False,2022-09-30T19:37:29.775011+00:00
901,5072019159,24.11,0.25,sell,False,2022-09-30T19:37:27.576766+00:00
902,5072019080,24.11,0.25,sell,False,2022-09-30T19:37:26.089196+00:00
903,5072018732,24.105,0.25,sell,False,2022-09-30T19:37:24.184856+00:00
904,5072018611,24.105,0.25,sell,False,2022-09-30T19:37:21.658469+00:00
905,5072018568,24.105,0.25,sell,False,2022-09-30T19:37:20.486896+00:00
906,5072018491,24.105,0.25,sell,False,2022-09-30T19:37:18.154116+00:00
907,5072018349,24.105,0.25,sell,False,2022-09-30T19:37:15.712954+00:00
908,5072018299,24.105,0.25,sell,False,2022-09-30T19:37:14.378696+00:00
909,5072018187,24.105,0.25,sell,False,2022-09-30T19:37:11.820332+00:00
910,5072018055,24.105,0.25,sell,False,2022-09-30T19:37:09.583835+00:00
911,5072018021,24.105,0.25,sell,False,2022-09-30T19:37:08.213267+00:00
912,5072017947,24.105,0.25,sell,False,2022-09-30T19:37:06.031851+00:00
913,5072017809,24.105,0.25,sell,False,2022-09-30T19:37:04.191995+00:00
914,5072017537,24.105,0.25,sell,False,2022-09-30T19:37:01.673779+00:00
915,5072017483,24.105,0.25,sell,False,2022-09-30T19:37:00.529833+00:00
916,5072017404,24.105,0.25,sell,False,2022-09-30T19:36:58.270233+00:00
917,5072017279,24.105,0.25,sell,False,2022-09-30T19:36:55.916399+00:00
918,5072017188,24.105,0.25,sell,False,2022-09-30T19:36:54.091900+00:00
919,5072017105,24.08,0.25,sell,False,2022-09-30T19:36:52.455287+00:00
920,5072016968,24.11,0.25,sell,False,2022-09-30T19:36:49.653810+00:00
921,5072016920,24.11,0.25,sell,False,2022-09-30T19:36:47.611463+00:00
922,5072016860,24.11,0.25,sell,False,2022-09-30T19:36:46.130841+00:00
923,5072016776,24.11,0.25,sell,False,2022-09-30T19:36:44.206588+00:00
924,5072016632,24.11,0.25,sell,False,2022-09-30T19:36:41.999203+00:00
925,5072016553,24.11,0.25,sell,False,2022-09-30T19:36:40.547998+00:00
926,5072016457,24.08,0.25,sell,False,2022-09-30T19:36:37.861023+00:00
927,5072016349,24.08,0.25,sell,False,2022-09-30T19:36:36.449338+00:00
928,5072016195,24.075,0.25,sell,False,2022-09-30T19:36:33.639343+00:00
929,5072016123,24.115,0.25,sell,False,2022-09-30T19:36:32.189604+00:00
930,5072015966,24.115,0.25,sell,False,2022-09-30T19:36:30.392381+00:00
931,5072015839,24.115,0.25,sell,False,2022-09-30T19:36:28.422289+00:00
932,5072015522,24.115,0.25,sell,False,2022-09-30T19:36:25.951400+00:00
933,5072015446,24.075,0.25,sell,False,2022-09-30T19:36:24.318375+00:00
934,5072015365,24.075,0.25,sell,False,2022-09-30T19:36:22.640296+00:00
935,5072015254,24.075,0.25,sell,False,2022-09-30T19:36:19.767947+00:00
936,5072015230,24.115,0.25,sell,False,2022-09-30T19:36:18.455227+00:00
937,5072015079,24.115,0.25,sell,False,2022-09-30T19:36:16.041039+00:00
938,5072014881,24.115,0.25,sell,False,2022-09-30T19:36:14.100143+00:00
939,5072014759,24.075,0.25,sell,False,2022-09-30T19:36:11.838402+00:00
940,5072014573,24.075,0.25,sell,False,2022-09-30T19:36:10.519239+00:00
941,5072014256,24.075,0.25,sell,False,2022-09-30T19:36:07.790409+00:00
942,5072013679,24.075,0.25,sell,False,2022-09-30T19:36:05.924825+00:00
943,5072012575,24.115,0.25,sell,False,2022-09-30T19:36:04.062579+00:00
944,5072012357,24.115,0.25,sell,False,2022-09-30T19:36:02.421560+00:00
945,5072012041,24.115,0.25,sell,False,2022-09-30T19:35:59.785607+00:00
946,5072011949,24.115,0.25,sell,False,2022-09-30T19:35:58.284336+00:00
947,5072011762,24.115,0.25,sell,False,2022-09-30T19:35:55.747965+00:00
948,5072011708,24.115,0.25,sell,False,2022-09-30T19:35:54.159424+00:00
949,5072011540,24.115,0.25,sell,False,2022-09-30T19:35:51.972949+00:00
950,5072011462,24.115,0.25,sell,False,2022-09-30T19:35:50.084705+00:00
951,5072011356,24.115,0.25,sell,False,2022-09-30T19:35:48.161710+00:00
952,5072011254,24.115,0.25,sell,False,2022-09-30T19:35:46.007853+00:00
953,5072011142,24.115,0.25,sell,False,2022-09-30T19:35:44.207850+00:00
954,5072011065,24.115,0.25,sell,False,2022-09-30T19:35:42.366810+00:00
955,5072010863,24.115,0.25,sell,False,2022-09-30T19:35:40.233694+00:00
956,5072010802,24.115,0.25,sell,False,2022-09-30T19:35:38.427213+00:00
957,5072010708,24.115,0.25,sell,False,2022-09-30T19:35:36.144766+00:00
958,5072010568,24.115,0.25,sell,False,2022-09-30T19:35:33.902006+00:00
959,5072010395,24.115,0.25,sell,False,2022-09-30T19:35:32.194743+00:00
960,5072010160,24.115,0.25,sell,False,2022-09-30T19:35:30.476090+00:00
961,5072009941,24.115,0.25,sell,False,2022-09-30T19:35:28.473768+00:00
962,5072009660,24.115,0.25,sell,False,2022-09-30T19:35:26.087538+00:00
963,5072009576,24.115,0.25,sell,False,2022-09-30T19:35:24.085115+00:00
964,5072009369,24.115,0.25,sell,False,2022-09-30T19:35:21.913851+00:00
965,5072009227,24.115,0.25,sell,False,2022-09-30T19:35:19.568289+00:00
966,5072009089,24.115,0.25,sell,False,2022-09-30T19:35:18.015079+00:00
967,5072008821,24.09,0.25,sell,False,2022-09-30T19:35:16.057323+00:00
968,5072008204,24.125,0.25,sell,False,2022-09-30T19:35:14.485042+00:00
969,5072007846,24.125,0.25,sell,False,2022-09-30T19:35:12.290668+00:00
970,5072007710,24.09,0.25,sell,False,2022-09-30T19:35:10.373544+00:00
971,5072007516,24.09,0.25,sell,False,2022-09-30T19:35:08.389165+00:00
972,5072007282,24.09,0.25,sell,False,2022-09-30T19:35:06.090086+00:00
973,5072007217,24.09,0.25,sell,False,2022-09-30T19:35:04.482709+00:00
974,5072007008,24.09,0.25,sell,False,2022-09-30T19:35:02.323577+00:00
975,5072006811,24.1,0.25,sell,False,2022-09-30T19:35:00.337166+00:00
976,5072006757,24.13,0.25,sell,False,2022-09-30T19:34:58.518119+00:00
977,5072006640,24.12,0.25,sell,False,2022-09-30T19:34:55.761908+00:00
978,5072006560,24.12,0.25,sell,False,2022-09-30T19:34:54.161139+00:00
979,5072006369,24.12,0.25,sell,False,2022-09-30T19:34:52.228332+00:00
980,5072006265,24.12,0.25,sell,False,2022-09-30T19:34:49.747456+00:00
981,5072006227,24.12,0.25,sell,False,2022-09-30T19:34:48.233346+00:00
982,5072006199,24.12,0.25,sell,False,2022-09-30T19:34:46.600129+00:00
983,5072006055,24.12,0.25,sell,False,2022-09-30T19:34:43.888495+00:00
984,5072005969,24.12,0.25,sell,False,2022-09-30T19:34:41.574182+00:00
985,5072005900,24.12,0.25,sell,False,2022-09-30T19:34:40.219317+00:00
986,5072005797,24.12,0.25,sell,False,2022-09-30T19:34:37.661122+00:00
987,5072005714,24.12,0.25,sell,False,2022-09-30T19:34:36.409138+00:00
988,5072005560,24.08,0.25,sell,False,2022-09-30T19:34:33.947874+00:00
989,5072005325,24.12,0.25,sell,False,2022-09-30T19:34:31.608640+00:00
990,5072005249,24.12,0.25,sell,False,2022-09-30T19:34:29.975561+00:00
991,5072005181,24.12,0.25,sell,False,2022-09-30T19:34:28.106416+00:00
992,5072005115,24.12,0.25,sell,False,2022-09-30T19:34:26.214456+00:00
993,5072005012,24.12,0.25,sell,False,2022-09-30T19:34:24.154257+00:00
994,5072004923,24.12,0.25,sell,False,2022-09-30T19:34:21.850057+00:00
995,5072004756,24.12,0.25,sell,False,2022-09-30T19:34:19.829760+00:00
996,5072004664,24.12,0.25,sell,False,2022-09-30T19:34:18.411191+00:00
997,5072004568,24.125,0.25,sell,False,2022-09-30T19:34:15.940975+00:00
998,5072004466,24.125,0.25,sell,False,2022-09-30T19:34:14.362456+00:00
999,5072004220,24.125,0.25,sell,False,2022-09-30T19:34:12.249768+00:00
1000,5072004110,24.125,0.25,sell,False,2022-09-30T19:34:10.261568+00:00
1001,5072003904,24.125,0.25,sell,False,2022-09-30T19:34:08.033507+00:00
1002,5072003656,24.125,0.25,sell,False,2022-09-30T19:34:05.641050+00:00
1003,5072003504,24.125,0.25,sell,False,2022-09-30T19:34:04.142630+00:00
1004,5072003315,24.125,0.25,sell,False,2022-09-30T19:34:01.763074+00:00
1005,5072003093,24.125,0.25,sell,False,2022-09-30T19:34:00.138842+00:00
1006,5072002953,24.125,0.25,sell,False,2022-09-30T19:33:57.637656+00:00
1007,5072002839,24.125,0.25,sell,False,2022-09-30T19:33:55.851449+00:00
1008,5072002746,24.125,0.25,sell,False,2022-09-30T19:33:53.851847+00:00
1009,5072002591,24.125,0.25,sell,False,2022-09-30T19:33:52.315802+00:00
1010,5072002477,24.125,0.25,sell,False,2022-09-30T19:33:50.431177+00:00
1011,5072002403,24.125,0.25,sell,False,2022-09-30T19:33:48.598651+00:00
1012,5072002293,24.125,0.25,sell,False,2022-09-30T19:33:46.486515+00:00
1013,5072002219,24.125,0.25,sell,False,2022-09-30T19:33:44.160475+00:00
1014,5072002166,24.08,0.25,sell,False,2022-09-30T19:33:41.664252+00:00
1015,5072002084,24.08,0.25,sell,False,2022-09-30T19:33:39.956280+00:00
1016,5072001936,24.13,0.25,sell,False,2022-09-30T19:33:38.328405+00:00
1017,5072001864,24.13,0.25,sell,False,2022-09-30T19:33:36.054328+00:00
1018,5072001779,24.12,0.25,sell,False,2022-09-30T19:33:34.117742+00:00
1019,5072001689,24.12,0.25,sell,False,2022-09-30T19:33:32.182264+00:00
1020,5072001610,24.12,0.25,sell,False,2022-09-30T19:33:30.493784+00:00
1021,5072001409,24.12,0.25,sell,False,2022-09-30T19:33:27.864740+00:00
1022,5072001300,24.12,0.25,sell,False,2022-09-30T19:33:26.157328+00:00
1023,5072001171,24.12,0.25,sell,False,2022-09-30T19:33:24.554791+00:00
1024,5072000817,24.12,0.25,sell,False,2022-09-30T19:33:21.713481+00:00
1025,5072000720,24.12,0.25,sell,False,2022-09-30T19:33:20.212615+00:00
1026,5072000589,24.115,0.25,sell,False,2022-09-30T19:33:17.798800+00:00
1027,5072000502,24.115,0.25,sell,False,2022-09-30T19:33:15.839295+00:00
1028,5072000418,24.115,0.25,sell,False,2022-09-30T19:33:13.918829+00:00
1029,5072000304,24.08,0.25,sell,False,2022-09-30T19:33:12.134316+00:00
1030,5072000200,24.09,0.25,sell,False,2022-09-30T19:33:09.939090+00:00
1031,5072000018,24.125,0.25,sell,False,2022-09-30T19:33:07.583561+00:00
1032,5071999854,24.09,0.25,sell,False,2022-09-30T19:33:05.967352+00:00
1033,5071999557,24.09,0.25,sell,False,2022-09-30T19:33:04.081087+00:00
1034,5071999249,24.125,0.25,sell,False,2022-09-30T19:33:01.951167+00:00
1035,5071998953,24.125,0.25,sell,False,2022-09-30T19:32:59.761089+00:00
1036,5071998848,24.125,0.25,sell,False,2022-09-30T19:32:57.746011+00:00
1037,5071998747,24.125,0.25,sell,False,2022-09-30T19:32:55.979939+00:00
1038,5071998640,24.125,0.25,sell,False,2022-09-30T19:32:54.262374+00:00
1039,5071998522,24.1,0.25,sell,False,2022-09-30T19:32:52.097219+00:00
1040,5071998383,24.13,0.25,sell,False,2022-09-30T19:32:50.224917+00:00
1041,5071998181,24.13,0.25,sell,False,2022-09-30T19:32:48.554109+00:00
1042,5071997980,24.1,0.25,sell,False,2022-09-30T19:32:46.064650+00:00
1043,5071997468,24.135,0.25,sell,False,2022-09-30T19:32:44.167573+00:00
1044,5071997231,24.135,0.25,sell,False,2022-09-30T19:32:42.126499+00:00
1045,5071996847,24.09,0.25,sell,False,2022-09-30T19:32:39.867419+00:00
1046,5071996786,24.13,0.25,sell,False,2022-09-30T19:32:38.573360+00:00
1047,5071996615,24.13,0.25,sell,False,2022-09-30T19:32:36.110131+00:00
1048,5071996527,24.155,0.25,sell,False,2022-09-30T19:32:33.927527+00:00
1049,5071996377,24.13,0.25,sell,False,2022-09-30T19:32:32.142313+00:00
1050,5071995914,24.13,0.25,sell,False,2022-09-30T19:32:30.000368+00:00
1051,5071995783,24.16,0.25,sell,False,2022-09-30T19:32:28.098005+00:00
1052,5071995717,24.16,0.25,sell,False,2022-09-30T19:32:25.957042+00:00
1053,5071995596,24.16,0.25,sell,False,2022-09-30T19:32:24.338497+00:00
1054,5071995496,24.16,0.25,sell,False,2022-09-30T19:32:22.065684+00:00
1055,5071995270,24.13,0.25,sell,False,2022-09-30T19:32:19.861429+00:00
1056,5071994968,24.13,0.25,sell,False,2022-09-30T19:32:18.167818+00:00
1057,5071994643,24.13,0.25,sell,False,2022-09-30T19:32:15.802556+00:00
1058,5071994522,24.13,0.25,sell,False,2022-09-30T19:32:14.262400+00:00
1059,5071994379,24.16,0.25,sell,False,2022-09-30T19:32:11.753291+00:00
1060,5071994230,24.16,0.25,sell,False,2022-09-30T19:32:09.992300+00:00
1061,5071994115,24.16,0.25,sell,False,2022-09-30T19:32:08.251148+00:00
1062,5071994032,24.16,0.25,sell,False,2022-09-30T19:32:06.329377+00:00
1063,5071993888,24.16,0.25,sell,False,2022-09-30T19:32:03.605128+00:00
1064,5071993829,24.16,0.25,sell,False,2022-09-30T19:32:01.939047+00:00
1065,5071993748,24.16,0.25,sell,False,2022-09-30T19:32:00.461974+00:00
1066,5071993654,24.16,0.25,sell,False,2022-09-30T19:31:58.444691+00:00
1067,5071993499,24.16,0.25,sell,False,2022-09-30T19:31:56.200774+00:00
1068,5071993307,24.16,0.25,sell,False,2022-09-30T19:31:53.889120+00:00
1069,5071993226,24.13,0.25,sell,False,2022-09-30T19:31:52.447564+00:00
1070,5071993028,24.13,0.25,sell,False,2022-09-30T19:31:50.046828+00:00
1071,5071992973,24.16,0.25,sell,False,2022-09-30T19:31:48.523944+00:00
1072,5071992610,24.165,0.25,sell,False,2022-09-30T19:31:46.519989+00:00
1073,5071992329,24.165,0.25,sell,False,2022-09-30T19:31:43.569296+00:00
1074,5071992217,24.165,0.25,sell,False,2022-09-30T19:31:41.907403+00:00
1075,5071992074,24.165,0.25,sell,False,2022-09-30T19:31:39.700809+00:00
1076,5071991931,24.165,0.25,sell,False,2022-09-30T19:31:37.640688+00:00
1077,5071991843,24.165,0.25,sell,False,2022-09-30T19:31:35.813881+00:00
1078,5071991744,24.165,0.25,sell,False,2022-09-30T19:31:34.379628+00:00
1079,5071991567,24.165,0.25,sell,False,2022-09-30T19:31:32.181634+00:00
1080,5071991340,24.165,0.25,sell,False,2022-09-30T19:31:29.818470+00:00
1081,5071991120,24.15,0.25,sell,False,2022-09-30T19:31:27.851764+00:00
1082,5071990847,24.15,0.25,sell,False,2022-09-30T19:31:26.237379+00:00
1083,5071990538,24.185,0.25,sell,False,2022-09-30T19:31:24.104777+00:00
1084,5071990478,24.185,0.25,sell,False,2022-09-30T19:31:22.557794+00:00
1085,5071990270,24.15,0.25,sell,False,2022-09-30T19:31:20.182676+00:00
1086,5071989980,24.185,0.25,sell,False,2022-09-30T19:31:17.681633+00:00
1087,5071989763,24.185,0.25,sell,False,2022-09-30T19:31:15.869539+00:00
1088,5071989538,24.19,0.25,sell,False,2022-09-30T19:31:13.757257+00:00
1089,5071989258,24.19,0.25,sell,False,2022-09-30T19:31:11.644813+00:00
1090,5071989146,24.19,0.25,sell,False,2022-09-30T19:31:10.020326+00:00
1091,5071988899,24.19,0.25,sell,False,2022-09-30T19:31:08.195960+00:00
1092,5071987830,24.19,0.25,sell,False,2022-09-30T19:31:05.644085+00:00
1093,5071987672,24.19,0.25,sell,False,2022-09-30T19:31:03.786488+00:00
1094,5071987552,24.19,0.25,sell,False,2022-09-30T19:31:02.452451+00:00
1095,5071987013,24.175,0.25,sell,False,2022-09-30T19:31:00.159080+00:00
1096,5071986674,24.175,0.25,sell,False,2022-09-30T19:30:58.197791+00:00
1097,5071986536,24.175,0.25,sell,False,2022-09-30T19:30:56.458015+00:00
1098,5071985578,24.175,0.25,sell,False,2022-09-30T19:30:53.890872+00:00
1099,5071985497,24.175,0.25,sell,False,2022-09-30T19:30:52.369588+00:00
1100,5071985150,24.175,0.25,sell,False,2022-09-30T19:30:49.685321+00:00
1101,5071985010,24.175,0.25,sell,False,2022-09-30T19:30:48.201230+00:00
1102,5071984892,24.175,0.25,sell,False,2022-09-30T19:30:45.868259+00:00
1103,5071984758,24.175,0.25,sell,False,2022-09-30T19:30:43.868704+00:00
1104,5071984399,24.175,0.25,sell,False,2022-09-30T19:30:41.906796+00:00
1105,5071984238,24.175,0.25,sell,False,2022-09-30T19:30:39.948734+00:00
1106,5071983942,24.16,0.25,sell,False,2022-09-30T19:30:37.577213+00:00
1107,5071983811,24.14,0.25,sell,False,2022-09-30T19:30:35.945027+00:00
1108,5071983556,24.14,0.25,sell,False,2022-09-30T19:30:33.785720+00:00
1109,5071982953,24.17,0.25,sell,False,2022-09-30T19:30:31.892791+00:00
1110,5071982714,24.17,0.25,sell,False,2022-09-30T19:30:30.534315+00:00
1111,5071982491,24.17,0.25,sell,False,2022-09-30T19:30:28.483864+00:00
1112,5071982352,24.17,0.25,sell,False,2022-09-30T19:30:26.183657+00:00
1113,5071982196,24.17,0.25,sell,False,2022-09-30T19:30:24.012090+00:00
1114,5071982005,24.17,0.25,sell,False,2022-09-30T19:30:21.639994+00:00
1115,5071981858,24.17,0.25,sell,False,2022-09-30T19:30:20.268131+00:00
1116,5071981315,24.17,0.25,sell,False,2022-09-30T19:30:18.460117+00:00
1117,5071981187,24.17,0.25,sell,False,2022-09-30T19:30:16.169947+00:00
1118,5071981015,24.17,0.25,sell,False,2022-09-30T19:30:14.327830+00:00
1119,5071980850,24.17,0.25,sell,False,2022-09-30T19:30:11.877137+00:00
1120,5071980651,24.14,0.25,sell,False,2022-09-30T19:30:09.630508+00:00
1121,5071980535,24.14,0.25,sell,False,2022-09-30T19:30:07.701773+00:00
1122,5071980379,24.15,0.25,sell,False,2022-09-30T19:30:06.323750+00:00
1123,5071979991,24.18,0.25,sell,False,2022-09-30T19:30:03.718934+00:00
1124,5071979824,24.13,0.25,sell,False,2022-09-30T19:30:02.445822+00:00
1125,5071979171,24.17,0.25,sell,False,2022-09-30T19:29:59.793753+00:00
1126,5071979107,24.17,0.25,sell,False,2022-09-30T19:29:57.869034+00:00
1127,5071978961,24.17,0.25,sell,False,2022-09-30T19:29:55.676715+00:00
1128,5071978853,24.17,0.25,sell,False,2022-09-30T19:29:53.968250+00:00
1129,5071978774,24.17,0.25,sell,False,2022-09-30T19:29:52.336008+00:00
1130,5071978557,24.17,0.25,sell,False,2022-09-30T19:29:50.156797+00:00
1131,5071978055,24.13,0.25,sell,False,2022-09-30T19:29:47.660066+00:00
1132,5071977986,24.13,0.25,sell,False,2022-09-30T19:29:45.981102+00:00
1133,5071977858,24.13,0.25,sell,False,2022-09-30T19:29:44.333954+00:00
1134,5071977568,24.13,0.25,sell,False,2022-09-30T19:29:42.273514+00:00
1135,5071977179,24.16,0.25,sell,False,2022-09-30T19:29:39.894622+00:00
1136,5071976927,24.16,0.25,sell,False,2022-09-30T19:29:38.562271+00:00
1137,5071976574,24.13,0.24,sell,False,2022-09-30T19:29:35.784676+00:00
1138,5071976029,24.11,0.25,sell,False,2022-09-30T19:29:34.252642+00:00
1139,5071975922,24.11,0.24,sell,False,2022-09-30T19:29:32.444134+00:00
1140,5071975562,24.14,0.25,sell,False,2022-09-30T19:29:30.134172+00:00
1141,5071975407,24.14,0.24,sell,False,2022-09-30T19:29:27.740517+00:00
1142,5071975280,24.14,0.25,sell,False,2022-09-30T19:29:26.420481+00:00
1143,5071975115,24.14,0.24,sell,False,2022-09-30T19:29:24.440181+00:00
1144,5071974950,24.12,0.25,sell,False,2022-09-30T19:29:21.634066+00:00
1145,5071974808,24.1,0.24,sell,False,2022-09-30T19:29:19.706262+00:00
1146,5071974620,24.15,0.25,sell,False,2022-09-30T19:29:17.773677+00:00
1147,5071974410,24.14,0.24,sell,False,2022-09-30T19:29:16.216441+00:00
1148,5071974181,24.14,0.25,sell,False,2022-09-30T19:29:13.679970+00:00
1149,5071974076,24.14,0.24,sell,False,2022-09-30T19:29:12.535137+00:00
1150,5071973893,24.14,0.25,sell,False,2022-09-30T19:29:10.406246+00:00
1151,5071973813,24.14,0.24,sell,False,2022-09-30T19:29:08.172582+00:00
1152,5071973675,24.14,0.25,sell,False,2022-09-30T19:29:05.610315+00:00
1153,5071973619,24.14,0.24,sell,False,2022-09-30T19:29:04.273247+00:00
1154,5071973551,24.14,0.25,sell,False,2022-09-30T19:29:02.463378+00:00
1155,5071973306,24.14,0.24,sell,False,2022-09-30T19:28:59.654010+00:00
1156,5071973189,24.14,0.25,sell,False,2022-09-30T19:28:57.866529+00:00
1157,5071972858,24.14,0.24,sell,False,2022-09-30T19:28:55.775931+00:00
1158,5071972608,24.14,0.25,sell,False,2022-09-30T19:28:53.771013+00:00
1159,5071972448,24.1,0.24,sell,False,2022-09-30T19:28:51.975290+00:00
1160,5071972244,24.1,0.25,sell,False,2022-09-30T19:28:49.779979+00:00
1161,5071971423,24.13,0.24,sell,False,2022-09-30T19:28:47.848586+00:00
1162,5071971354,24.13,0.25,sell,False,2022-09-30T19:28:45.793528+00:00
1163,5071971299,24.13,0.24,sell,False,2022-09-30T19:28:44.534899+00:00
1164,5071971235,24.13,0.25,sell,False,2022-09-30T19:28:42.433265+00:00
1165,5071970949,24.125,0.24,sell,False,2022-09-30T19:28:39.936156+00:00
1166,5071970863,24.125,0.25,sell,False,2022-09-30T19:28:37.945749+00:00
1167,5071970754,24.125,0.24,sell,False,2022-09-30T19:28:35.550253+00:00
1168,5071970659,24.125,0.25,sell,False,2022-09-30T19:28:33.625993+00:00
1169,5071970598,24.125,0.24,sell,False,2022-09-30T19:28:31.599059+00:00
1170,5071970518,24.125,0.25,sell,False,2022-09-30T19:28:29.587495+00:00
1171,5071970486,24.125,0.24,sell,False,2022-09-30T19:28:28.177772+00:00
1172,5071970387,24.125,0.25,sell,False,2022-09-30T19:28:25.706012+00:00
1173,5071970301,24.1,0.24,sell,False,2022-09-30T19:28:23.707067+00:00
1174,5071970257,24.1,0.25,sell,False,2022-09-30T19:28:21.971702+00:00
1175,5071970213,24.1,0.24,sell,False,2022-09-30T19:28:20.610536+00:00
1176,5071969687,24.13,0.25,sell,False,2022-09-30T19:28:17.765868+00:00
1177,5071969664,24.13,0.24,sell,False,2022-09-30T19:28:16.446650+00:00
1178,5071969587,24.13,0.25,sell,False,2022-09-30T19:28:14.221909+00:00
1179,5071969521,24.13,0.24,sell,False,2022-09-30T19:28:12.365416+00:00
1180,5071969429,24.13,0.25,sell,False,2022-09-30T19:28:09.738855+00:00
1181,5071969091,24.13,0.24,sell,False,2022-09-30T19:28:07.703799+00:00
1182,5071969036,24.13,0.25,sell,False,2022-09-30T19:28:06.150857+00:00
1183,5071968871,24.1,0.24,sell,False,2022-09-30T19:28:03.766367+00:00
1184,5071968791,24.1,0.25,sell,False,2022-09-30T19:28:01.584404+00:00
1185,5071968757,24.1,0.24,sell,False,2022-09-30T19:28:00.507454+00:00
1186,5071968616,24.13,0.25,sell,False,2022-09-30T19:27:57.746606+00:00
1187,5071968554,24.13,0.24,sell,False,2022-09-30T19:27:55.561250+00:00
1188,5071968519,24.13,0.25,sell,False,2022-09-30T19:27:54.434901+00:00
1189,5071968428,24.13,0.24,sell,False,2022-09-30T19:27:51.757837+00:00
1190,5071968326,24.13,0.25,sell,False,2022-09-30T19:27:49.875987+00:00
1191,5071968231,24.13,0.24,sell,False,2022-09-30T19:27:48.042031+00:00
1192,5071968145,24.13,0.25,sell,False,2022-09-30T19:27:45.692661+00:00
1193,5071968089,24.13,0.24,sell,False,2022-09-30T19:27:43.707352+00:00
1194,5071968047,24.13,0.25,sell,False,2022-09-30T19:27:42.133009+00:00
1195,5071967971,24.13,0.24,sell,False,2022-09-30T19:27:39.941470+00:00
1196,5071967924,24.13,0.25,sell,False,2022-09-30T19:27:38.063432+00:00
1197,5071967859,24.13,0.24,sell,False,2022-09-30T19:27:36.488282+00:00
1198,5071967692,24.13,0.25,sell,False,2022-09-30T19:27:33.836890+00:00
1199,5071967628,24.13,0.24,sell,False,2022-09-30T19:27:31.774529+00:00
1200,5071967562,24.13,0.25,sell,False,2022-09-30T19:27:30.430546+00:00
1201,5071967415,24.13,0.24,sell,False,2022-09-30T19:27:27.881292+00:00
1202,5071967257,24.13,0.25,sell,False,2022-09-30T19:27:26.346396+00:00
1203,5071967184,24.13,0.24,sell,False,2022-09-30T19:27:24.307997+00:00
1204,5071967073,24.13,0.25,sell,False,2022-09-30T19:27:21.598029+00:00
1205,5071967013,24.13,0.24,sell,False,2022-09-30T19:27:19.995678+00:00
1206,5071966967,24.13,0.25,sell,False,2022-09-30T19:27:18.301574+00:00
1207,5071966905,24.13,0.24,sell,False,2022-09-30T19:27:16.472949+00:00
1208,5071966793,24.14,0.25,sell,False,2022-09-30T19:27:14.308777+00:00
1209,5071966724,24.14,0.24,sell,False,2022-09-30T19:27:12.142256+00:00
1210,5071966576,24.14,0.25,sell,False,2022-09-30T19:27:09.889860+00:00
1211,5071966496,24.14,0.24,sell,False,2022-09-30T19:27:08.184569+00:00
1212,5071966409,24.14,0.25,sell,False,2022-09-30T19:27:05.893498+00:00
1213,5071966365,24.14,0.24,sell,False,2022-09-30T19:27:04.312150+00:00
1214,5071966281,24.14,0.25,sell,False,2022-09-30T19:27:02.049131+00:00
1215,5071966240,24.14,0.24,sell,False,2022-09-30T19:27:00.487168+00:00
1216,5071966164,24.14,0.25,sell,False,2022-09-30T19:26:58.036069+00:00
1217,5071966101,24.14,0.24,sell,False,2022-09-30T19:26:56.210883+00:00
1218,5071965982,24.14,0.25,sell,False,2022-09-30T19:26:53.823135+00:00
1219,5071965887,24.1,0.24,sell,False,2022-09-30T19:26:51.693526+00:00
1220,5071965727,24.1,0.25,sell,False,2022-09-30T19:26:50.036936+00:00
1221,5071965542,24.135,0.24,sell,False,2022-09-30T19:26:48.158753+00:00
1222,5071965410,24.135,0.25,sell,False,2022-09-30T19:26:46.642912+00:00
1223,5071965316,24.135,0.24,sell,False,2022-09-30T19:26:44.488002+00:00
1224,5071965195,24.135,0.25,sell,False,2022-09-30T19:26:42.557163+00:00
1225,5071965082,24.135,0.24,sell,False,2022-09-30T19:26:40.112136+00:00
1226,5071965034,24.1,0.25,sell,False,2022-09-30T19:26:37.711414+00:00
1227,5071964983,24.1,0.24,sell,False,2022-09-30T19:26:35.743464+00:00
1228,5071964854,24.14,0.25,sell,False,2022-09-30T19:26:34.301217+00:00
1229,5071964805,24.1,0.24,sell,False,2022-09-30T19:26:32.240758+00:00
1230,5071964696,24.1,0.25,sell,False,2022-09-30T19:26:30.333380+00:00
1231,5071964610,24.12,0.24,sell,False,2022-09-30T19:26:27.927401+00:00
1232,5071964404,24.145,0.25,sell,False,2022-09-30T19:26:26.121164+00:00
1233,5071964294,24.15,0.24,sell,False,2022-09-30T19:26:24.006834+00:00
1234,5071964239,24.15,0.25,sell,False,2022-09-30T19:26:22.092989+00:00
1235,5071964157,24.15,0.24,sell,False,2022-09-30T19:26:20.075557+00:00
1236,5071964104,24.15,0.25,sell,False,2022-09-30T19:26:18.444140+00:00
1237,5071963989,24.15,0.24,sell,False,2022-09-30T19:26:16.143157+00:00
1238,5071963910,24.15,0.25,sell,False,2022-09-30T19:26:14.140068+00:00
1239,5071963812,24.15,0.24,sell,False,2022-09-30T19:26:12.129336+00:00
1240,5071963598,24.15,0.25,sell,False,2022-09-30T19:26:09.571817+00:00
1241,5071963450,24.15,0.24,sell,False,2022-09-30T19:26:08.395791+00:00
1242,5071963325,24.15,0.25,sell,False,2022-09-30T19:26:05.780296+00:00
1243,5071963199,24.15,0.24,sell,False,2022-09-30T19:26:04.355580+00:00
1244,5071963101,24.15,0.25,sell,False,2022-09-30T19:26:02.511958+00:00
1245,5071963037,24.15,0.24,sell,False,2022-09-30T19:26:00.449981+00:00
1246,5071962846,24.15,0.25,sell,False,2022-09-30T19:25:57.618065+00:00
1247,5071962786,24.15,0.24,sell,False,2022-09-30T19:25:55.613406+00:00
1248,5071962675,24.15,0.25,sell,False,2022-09-30T19:25:53.888472+00:00
1249,5071962561,24.15,0.24,sell,False,2022-09-30T19:25:51.661945+00:00
1250,5071962495,24.15,0.25,sell,False,2022-09-30T19:25:49.666394+00:00
1251,5071962419,24.15,0.24,sell,False,2022-09-30T19:25:48.165329+00:00
1252,5071962302,24.155,0.25,sell,False,2022-09-30T19:25:45.809290+00:00
1253,5071962228,24.155,0.24,sell,False,2022-09-30T19:25:43.584978+00:00
1254,5071962199,24.155,0.25,sell,False,2022-09-30T19:25:42.129758+00:00
1255,5071962143,24.155,0.24,sell,False,2022-09-30T19:25:40.519514+00:00
1256,5071962039,24.155,0.25,sell,False,2022-09-30T19:25:37.917843+00:00
1257,5071961912,24.155,0.24,sell,False,2022-09-30T19:25:35.711841+00:00
1258,5071961676,24.155,0.25,sell,False,2022-09-30T19:25:33.779220+00:00
1259,5071961431,24.155,0.24,sell,False,2022-09-30T19:25:32.260671+00:00
1260,5071961309,24.16,0.25,sell,False,2022-09-30T19:25:30.182908+00:00
1261,5071961165,24.16,0.24,sell,False,2022-09-30T19:25:27.923996+00:00
1262,5071961092,24.16,0.25,sell,False,2022-09-30T19:25:26.343912+00:00
1263,5071960869,24.16,0.24,sell,False,2022-09-30T19:25:23.845784+00:00
1264,5071960737,24.16,0.25,sell,False,2022-09-30T19:25:21.618899+00:00
1265,5071960460,24.16,0.24,sell,False,2022-09-30T19:25:19.881675+00:00
1266,5071960057,24.16,0.25,sell,False,2022-09-30T19:25:18.357736+00:00
1267,5071959245,24.145,0.24,sell,False,2022-09-30T19:25:16.580108+00:00
1268,5071959097,24.145,0.25,sell,False,2022-09-30T19:25:14.386877+00:00
1269,5071958809,24.145,0.24,sell,False,2022-09-30T19:25:12.215879+00:00
1270,5071958478,24.18,0.25,sell,False,2022-09-30T19:25:09.654198+00:00
1271,5071958291,24.18,0.24,sell,False,2022-09-30T19:25:08.304940+00:00
1272,5071958210,24.18,0.25,sell,False,2022-09-30T19:25:05.974968+00:00
1273,5071958143,24.18,0.24,sell,False,2022-09-30T19:25:03.643944+00:00
1274,5071958062,24.18,0.25,sell,False,2022-09-30T19:25:02.243481+00:00
1275,5071958003,24.18,0.24,sell,False,2022-09-30T19:25:00.485313+00:00
1276,5071957925,24.18,0.25,sell,False,2022-09-30T19:24:58.543978+00:00
1277,5071957738,24.18,0.24,sell,False,2022-09-30T19:24:55.917597+00:00
1278,5071957684,24.18,0.25,sell,False,2022-09-30T19:24:54.282851+00:00
1279,5071957606,24.18,0.24,sell,False,2022-09-30T19:24:51.945027+00:00
1280,5071957535,24.18,0.25,sell,False,2022-09-30T19:24:49.963728+00:00
1281,5071957466,24.185,0.24,sell,False,2022-09-30T19:24:48.197193+00:00
1282,5071957328,24.185,0.25,sell,False,2022-09-30T19:24:46.064188+00:00
1283,5071957233,24.185,0.24,sell,False,2022-09-30T19:24:43.699524+00:00
1284,5071957180,24.185,0.25,sell,False,2022-09-30T19:24:41.736908+00:00
1285,5071957104,24.185,0.24,sell,False,2022-09-30T19:24:40.041889+00:00
1286,5071957059,24.185,0.25,sell,False,2022-09-30T19:24:38.407160+00:00
1287,5071956999,24.185,0.24,sell,False,2022-09-30T19:24:35.679899+00:00
1288,5071956974,24.185,0.25,sell,False,2022-09-30T19:24:34.261764+00:00
1289,5071956833,24.185,0.24,sell,False,2022-09-30T19:24:32.096867+00:00
1290,5071956738,24.19,0.25,sell,False,2022-09-30T19:24:30.109469+00:00
1291,5071956680,24.19,0.24,sell,False,2022-09-30T19:24:28.552446+00:00
1292,5071956616,24.19,0.25,sell,False,2022-09-30T19:24:26.326811+00:00
1293,5071956527,24.19,0.24,sell,False,2022-09-30T19:24:24.325727+00:00
1294,5071956449,24.19,0.25,sell,False,2022-09-30T19:24:22.106982+00:00
1295,5071956388,24.19,0.24,sell,False,2022-09-30T19:24:20.381188+00:00
1296,5071956297,24.19,0.25,sell,False,2022-09-30T19:24:18.332654+00:00
1297,5071956096,24.19,0.24,sell,False,2022-09-30T19:24:15.785396+00:00
1298,5071956043,24.2,0.25,sell,False,2022-09-30T19:24:14.083352+00:00
1299,5071955971,24.2,0.24,sell,False,2022-09-30T19:24:12.529521+00:00
1300,5071955877,24.2,0.25,sell,False,2022-09-30T19:24:09.581894+00:00
1301,5071955845,24.2,0.24,sell,False,2022-09-30T19:24:08.526022+00:00
1302,5071955659,24.19,0.25,sell,False,2022-09-30T19:24:06.510061+00:00
1303,5071955492,24.19,0.24,sell,False,2022-09-30T19:24:04.125261+00:00
1304,5071955394,24.19,0.25,sell,False,2022-09-30T19:24:01.796374+00:00
1305,5071955293,24.19,0.24,sell,False,2022-09-30T19:24:00.091694+00:00
1306,5071955245,24.19,0.25,sell,False,2022-09-30T19:23:58.275098+00:00
1307,5071955139,24.19,0.24,sell,False,2022-09-30T19:23:56.280750+00:00
1308,5071955035,24.19,0.25,sell,False,2022-09-30T19:23:54.551159+00:00
1309,5071954871,24.19,0.24,sell,False,2022-09-30T19:23:52.479926+00:00
1310,5071954607,24.18,0.25,sell,False,2022-09-30T19:23:49.676100+00:00
1311,5071954531,24.18,0.24,sell,False,2022-09-30T19:23:47.991865+00:00
1312,5071954365,24.18,0.25,sell,False,2022-09-30T19:23:45.750126+00:00
1313,5071954300,24.18,0.24,sell,False,2022-09-30T19:23:43.994593+00:00
1314,5071954231,24.18,0.25,sell,False,2022-09-30T19:23:42.359707+00:00
1315,5071954078,24.18,0.24,sell,False,2022-09-30T19:23:39.850319+00:00
1316,5071954027,24.18,0.25,sell,False,2022-09-30T19:23:38.420656+00:00
1317,5071953931,24.18,0.24,sell,False,2022-09-30T19:23:35.873162+00:00
1318,5071953879,24.18,0.25,sell,False,2022-09-30T19:23:34.468171+00:00
1319,5071953749,24.18,0.24,sell,False,2022-09-30T19:23:31.921723+00:00
1320,5071953621,24.18,0.25,sell,False,2022-09-30T19:23:30.214079+00:00
1321,5071953499,24.18,0.24,sell,False,2022-09-30T19:23:28.187292+00:00
1322,5071953385,24.18,0.25,sell,False,2022-09-30T19:23:26.115964+00:00
1323,5071953303,24.18,0.24,sell,False,2022-09-30T19:23:24.192356+00:00
1324,5071953018,24.18,0.25,sell,False,2022-09-30T19:23:21.780155+00:00
1325,5071952902,24.18,0.24,sell,False,2022-09-30T19:23:19.671992+00:00
1326,5071952681,24.18,0.25,sell,False,2022-09-30T19:23:17.741010+00:00
1327,5071952639,24.18,0.24,sell,False,2022-09-30T19:23:16.791560+00:00
1328,5071952387,24.18,0.25,sell,False,2022-09-30T19:23:13.942793+00:00
1329,5071952295,24.18,0.24,sell,False,2022-09-30T19:23:12.343538+00:00
1330,5071952199,24.18,0.25,sell,False,2022-09-30T19:23:10.318079+00:00
1331,5071951966,24.18,0.24,sell,False,2022-09-30T19:23:07.614336+00:00
1332,5071951867,24.18,0.25,sell,False,2022-09-30T19:23:06.756101+00:00
1333,5071951747,24.15,0.24,sell,False,2022-09-30T19:23:03.937902+00:00
1334,5071951704,24.15,0.25,sell,False,2022-09-30T19:23:02.487216+00:00
1335,5071951474,24.15,0.24,sell,False,2022-09-30T19:22:59.658530+00:00
1336,5071951366,24.16,0.25,sell,False,2022-09-30T19:22:58.276784+00:00
1337,5071950963,24.19,0.24,sell,False,2022-09-30T19:22:55.824436+00:00
1338,5071950834,24.19,0.25,sell,False,2022-09-30T19:22:54.265071+00:00
1339,5071950611,24.135,0.24,sell,False,2022-09-30T19:22:51.854288+00:00
1340,5071950128,24.135,0.25,sell,False,2022-09-30T19:22:50.296304+00:00
1341,5071949330,24.17,0.24,sell,False,2022-09-30T19:22:47.633570+00:00
1342,5071949282,24.135,0.25,sell,False,2022-09-30T19:22:46.525586+00:00
1343,5071949163,24.135,0.24,sell,False,2022-09-30T19:22:44.270194+00:00
1344,5071949079,24.17,0.25,sell,False,2022-09-30T19:22:41.694973+00:00
1345,5071948980,24.17,0.24,sell,False,2022-09-30T19:22:39.690993+00:00
1346,5071948909,24.17,0.25,sell,False,2022-09-30T19:22:37.844336+00:00
1347,5071948800,24.17,0.24,sell,False,2022-09-30T19:22:35.636735+00:00
1348,5071948685,24.135,0.25,sell,False,2022-09-30T19:22:34.450178+00:00
1349,5071948533,24.135,0.24,sell,False,2022-09-30T19:22:32.203336+00:00
1350,5071948245,24.135,0.25,sell,False,2022-09-30T19:22:29.755639+00:00
1351,5071948099,24.135,0.24,sell,False,2022-09-30T19:22:27.586317+00:00
1352,5071948000,24.165,0.25,sell,False,2022-09-30T19:22:25.961517+00:00
1353,5071947912,24.165,0.24,sell,False,2022-09-30T19:22:23.561441+00:00
1354,5071947806,24.165,0.25,sell,False,2022-09-30T19:22:22.284474+00:00
1355,5071947737,24.135,0.24,sell,False,2022-09-30T19:22:20.067085+00:00
1356,5071947634,24.14,0.25,sell,False,2022-09-30T19:22:18.416767+00:00
1357,5071947560,24.15,0.24,sell,False,2022-09-30T19:22:16.383291+00:00
1358,5071947466,24.175,0.25,sell,False,2022-09-30T19:22:14.144228+00:00
1359,5071947335,24.175,0.24,sell,False,2022-09-30T19:22:11.636756+00:00
1360,5071947258,24.175,0.25,sell,False,2022-09-30T19:22:09.780630+00:00
1361,5071947221,24.175,0.24,sell,False,2022-09-30T19:22:08.578241+00:00
1362,5071946983,24.175,0.25,sell,False,2022-09-30T19:22:05.656454+00:00
1363,5071946876,24.175,0.24,sell,False,2022-09-30T19:22:03.916236+00:00
1364,5071946816,24.175,0.25,sell,False,2022-09-30T19:22:02.110626+00:00
1365,5071946681,24.175,0.24,sell,False,2022-09-30T19:22:00.191447+00:00
1366,5071946613,24.175,0.25,sell,False,2022-09-30T19:21:58.254236+00:00
1367,5071946513,24.175,0.24,sell,False,2022-09-30T19:21:56.122183+00:00
1368,5071946391,24.175,0.25,sell,False,2022-09-30T19:21:54.421208+00:00
1369,5071946329,24.175,0.24,sell,False,2022-09-30T19:21:52.435875+00:00
1370,5071946142,24.15,0.25,sell,False,2022-09-30T19:21:50.346062+00:00
1371,5071945982,24.18,0.24,sell,False,2022-09-30T19:21:47.819470+00:00
1372,5071945912,24.18,0.25,sell,False,2022-09-30T19:21:46.505374+00:00
1373,5071945742,24.18,0.24,sell,False,2022-09-30T19:21:44.406329+00:00
1374,5071945632,24.18,0.25,sell,False,2022-09-30T19:21:42.069411+00:00
1375,5071945530,24.18,0.24,sell,False,2022-09-30T19:21:39.984402+00:00
1376,5071945409,24.15,0.25,sell,False,2022-09-30T19:21:38.346885+00:00
1377,5071945316,24.165,0.24,sell,False,2022-09-30T19:21:36.163201+00:00
1378,5071945201,24.165,0.25,sell,False,2022-09-30T19:21:34.395817+00:00
1379,5071945022,24.2,0.24,sell,False,2022-09-30T19:21:31.874065+00:00
1380,5071944918,24.2,0.25,sell,False,2022-09-30T19:21:30.118896+00:00
1381,5071944796,24.2,0.24,sell,False,2022-09-30T19:21:27.765347+00:00
1382,5071944439,24.2,0.25,sell,False,2022-09-30T19:21:25.573540+00:00
1383,5071944349,24.165,0.24,sell,False,2022-09-30T19:21:23.682616+00:00
1384,5071944278,24.165,0.25,sell,False,2022-09-30T19:21:21.616590+00:00
1385,5071944229,24.165,0.24,sell,False,2022-09-30T19:21:20.519234+00:00
1386,5071944136,24.2,0.25,sell,False,2022-09-30T19:21:18.418656+00:00
1387,5071944010,24.2,0.24,sell,False,2022-09-30T19:21:16.193662+00:00
1388,5071943911,24.2,0.25,sell,False,2022-09-30T19:21:13.676950+00:00
1389,5071943726,24.2,0.24,sell,False,2022-09-30T19:21:12.185844+00:00
1390,5071943392,24.2,0.25,sell,False,2022-09-30T19:21:09.673007+00:00
1391,5071943316,24.2,0.24,sell,False,2022-09-30T19:21:07.783847+00:00
1392,5071943121,24.2,0.25,sell,False,2022-09-30T19:21:06.482610+00:00
1393,5071942851,24.2,0.24,sell,False,2022-09-30T19:21:03.713531+00:00
1394,5071942752,24.2,0.25,sell,False,2022-09-30T19:21:01.580682+00:00
1395,5071942658,24.2,0.24,sell,False,2022-09-30T19:21:00.000327+00:00
1396,5071942537,24.2,0.25,sell,False,2022-09-30T19:20:57.577345+00:00
1397,5071942459,24.2,0.24,sell,False,2022-09-30T19:20:56.386425+00:00
1398,5071942326,24.2,0.25,sell,False,2022-09-30T19:20:53.931127+00:00
