,id,price,size,side,liquidation,time
0,5400950492,182.4,0.0175,buy,False,2022-11-10T08:56:48.463244+00:00
1,5400948114,182.4,0.0175,buy,False,2022-11-10T08:56:33.015581+00:00
2,5400946234,182.4,0.0175,buy,False,2022-11-10T08:56:19.264657+00:00
3,5400943869,182.4,0.0175,buy,False,2022-11-10T08:56:04.288603+00:00
4,5400941734,182.4,0.0175,buy,False,2022-11-10T08:55:48.108775+00:00
5,5400940016,182.4,0.0175,buy,False,2022-11-10T08:55:33.623869+00:00
6,5400753686,228.0,0.0025,sell,False,2022-11-10T08:34:39.639931+00:00
7,5400753178,228.0,0.0025,sell,False,2022-11-10T08:34:34.391955+00:00
8,5400753177,228.0,0.0025,sell,False,2022-11-10T08:34:34.391955+00:00
9,5400753176,228.0,0.0025,sell,False,2022-11-10T08:34:34.391955+00:00
10,5400753175,228.0,0.0025,sell,False,2022-11-10T08:34:34.391955+00:00
11,5400753174,228.0,0.0025,sell,False,2022-11-10T08:34:34.391955+00:00
12,5400753173,228.0,0.0025,sell,False,2022-11-10T08:34:34.391955+00:00
13,5400750330,235.65,0.0025,buy,False,2022-11-10T08:34:03.140122+00:00
14,5400750329,235.3,0.0025,buy,False,2022-11-10T08:34:03.140122+00:00
15,5400750328,234.95,0.0025,buy,False,2022-11-10T08:34:03.140122+00:00
16,5400750327,234.65,0.0025,buy,False,2022-11-10T08:34:03.140122+00:00
17,5400750326,234.3,0.0025,buy,False,2022-11-10T08:34:03.140122+00:00
18,5400750325,233.95,0.0025,buy,False,2022-11-10T08:34:03.140122+00:00
19,5400750324,233.6,0.0025,buy,False,2022-11-10T08:34:03.140122+00:00
20,5400747842,190.0,0.9075,sell,False,2022-11-10T08:33:42.621901+00:00
21,5400745949,228.0,0.0025,sell,False,2022-11-10T08:33:26.219732+00:00
22,5400745948,228.0,0.0025,sell,False,2022-11-10T08:33:26.219732+00:00
23,5400745947,228.0,0.0025,sell,False,2022-11-10T08:33:26.219732+00:00
24,5400745946,228.0,0.0025,sell,False,2022-11-10T08:33:26.219732+00:00
25,5400745945,228.0,0.0025,sell,False,2022-11-10T08:33:26.219732+00:00
26,5400745944,228.0,0.0025,sell,False,2022-11-10T08:33:26.219732+00:00
27,5400745943,228.0,0.0025,sell,False,2022-11-10T08:33:26.219732+00:00
28,5400663592,235.65,0.0025,buy,False,2022-11-10T08:22:18.786792+00:00
29,5400663591,235.3,0.0025,buy,False,2022-11-10T08:22:18.786792+00:00
30,5400663590,234.95,0.0025,buy,False,2022-11-10T08:22:18.786792+00:00
31,5400663589,234.65,0.0025,buy,False,2022-11-10T08:22:18.786792+00:00
32,5400663588,234.3,0.0025,buy,False,2022-11-10T08:22:18.786792+00:00
33,5400663587,233.95,0.0025,buy,False,2022-11-10T08:22:18.786792+00:00
34,5400663586,233.6,0.0025,buy,False,2022-11-10T08:22:18.786792+00:00
35,5400661564,190.0,0.015,sell,False,2022-11-10T08:22:04.562019+00:00
36,5400661354,190.0,9.0775,sell,False,2022-11-10T08:22:02.849644+00:00
37,5400661353,192.0,0.9225,sell,False,2022-11-10T08:22:02.849644+00:00
38,5400660461,192.0,6.0,sell,False,2022-11-10T08:21:57.131835+00:00
39,5400659277,192.0,2.96,sell,False,2022-11-10T08:21:48.330231+00:00
40,5400659276,210.0,7.02,sell,False,2022-11-10T08:21:48.330231+00:00
41,5400659275,210.05,0.0075,sell,False,2022-11-10T08:21:48.330231+00:00
42,5400659274,233.3,0.0025,sell,False,2022-11-10T08:21:48.330231+00:00
43,5400659273,233.6,0.0025,sell,False,2022-11-10T08:21:48.330231+00:00
44,5400659272,233.95,0.0025,sell,False,2022-11-10T08:21:48.330231+00:00
45,5400659271,234.3,0.0025,sell,False,2022-11-10T08:21:48.330231+00:00
46,5400659270,234.65,0.0025,sell,False,2022-11-10T08:21:48.330231+00:00
47,5400659238,234.95,0.0025,sell,False,2022-11-10T08:21:48.016405+00:00
48,5400659237,235.3,0.0025,sell,False,2022-11-10T08:21:48.016405+00:00
49,5400659236,235.65,0.0025,sell,False,2022-11-10T08:21:48.016405+00:00
50,5400659235,236.0,0.0025,sell,False,2022-11-10T08:21:48.016405+00:00
51,5400659234,236.3,0.0025,sell,False,2022-11-10T08:21:48.016405+00:00
52,5400659233,236.65,0.0025,sell,False,2022-11-10T08:21:48.016405+00:00
53,5400655044,237.3,0.0025,buy,False,2022-11-10T08:21:18.348681+00:00
54,5400655043,237.0,0.0025,buy,False,2022-11-10T08:21:18.348681+00:00
55,5400655042,236.65,0.0025,buy,False,2022-11-10T08:21:18.348681+00:00
56,5400655041,236.3,0.0025,buy,False,2022-11-10T08:21:18.348681+00:00
57,5400655040,236.0,0.0025,buy,False,2022-11-10T08:21:18.348681+00:00
58,5400655039,235.65,0.0025,buy,False,2022-11-10T08:21:18.348681+00:00
59,5400652629,235.3,0.0025,buy,False,2022-11-10T08:21:03.249326+00:00
60,5400652628,234.95,0.0025,buy,False,2022-11-10T08:21:03.249326+00:00
61,5400652627,234.65,0.0025,buy,False,2022-11-10T08:21:03.249326+00:00
62,5400652626,234.3,0.0025,buy,False,2022-11-10T08:21:03.249326+00:00
63,5400652625,233.95,0.0025,buy,False,2022-11-10T08:21:03.249326+00:00
64,5400652624,233.6,0.0025,buy,False,2022-11-10T08:21:03.249326+00:00
65,5400648023,210.05,0.0025,sell,False,2022-11-10T08:20:32.851057+00:00
66,5400648022,233.3,0.0025,sell,False,2022-11-10T08:20:32.851057+00:00
67,5400648021,233.6,0.0025,sell,False,2022-11-10T08:20:32.851057+00:00
68,5400648020,233.95,0.0025,sell,False,2022-11-10T08:20:32.851057+00:00
69,5400648019,234.3,0.0025,sell,False,2022-11-10T08:20:32.851057+00:00
70,5400648018,234.65,0.0025,sell,False,2022-11-10T08:20:32.851057+00:00
71,5400645668,234.95,0.0025,sell,False,2022-11-10T08:20:19.470191+00:00
72,5400645667,235.3,0.0025,sell,False,2022-11-10T08:20:19.470191+00:00
73,5400645666,235.65,0.0025,sell,False,2022-11-10T08:20:19.470191+00:00
74,5400645665,236.0,0.0025,sell,False,2022-11-10T08:20:19.470191+00:00
75,5400645664,236.3,0.0025,sell,False,2022-11-10T08:20:19.470191+00:00
76,5400645663,236.65,0.0025,sell,False,2022-11-10T08:20:19.470191+00:00
77,5400640866,237.3,0.0025,buy,False,2022-11-10T08:19:49.562520+00:00
78,5400640865,237.0,0.0025,buy,False,2022-11-10T08:19:49.562520+00:00
79,5400640864,236.65,0.0025,buy,False,2022-11-10T08:19:49.562520+00:00
80,5400640863,236.3,0.0025,buy,False,2022-11-10T08:19:49.562520+00:00
81,5400640862,236.0,0.0025,buy,False,2022-11-10T08:19:49.562520+00:00
82,5400640861,235.65,0.0025,buy,False,2022-11-10T08:19:49.562520+00:00
83,5400638981,235.3,0.0025,buy,False,2022-11-10T08:19:33.868304+00:00
84,5400638980,234.95,0.0025,buy,False,2022-11-10T08:19:33.868304+00:00
85,5400638979,234.65,0.0025,buy,False,2022-11-10T08:19:33.868304+00:00
86,5400638978,234.3,0.0025,buy,False,2022-11-10T08:19:33.868304+00:00
87,5400638977,233.95,0.0025,buy,False,2022-11-10T08:19:33.868304+00:00
88,5400638976,233.6,0.0025,buy,False,2022-11-10T08:19:33.868304+00:00
89,5400635285,210.0,0.0025,sell,False,2022-11-10T08:19:04.549342+00:00
90,5400635284,233.3,0.0025,sell,False,2022-11-10T08:19:04.549342+00:00
91,5400635283,233.6,0.0025,sell,False,2022-11-10T08:19:04.549342+00:00
92,5400635282,233.95,0.0025,sell,False,2022-11-10T08:19:04.549342+00:00
93,5400635281,234.3,0.0025,sell,False,2022-11-10T08:19:04.549342+00:00
94,5400635280,234.65,0.0025,sell,False,2022-11-10T08:19:04.549342+00:00
95,5400633324,234.95,0.0025,sell,False,2022-11-10T08:18:47.703231+00:00
96,5400633323,235.3,0.0025,sell,False,2022-11-10T08:18:47.703231+00:00
97,5400633322,235.65,0.0025,sell,False,2022-11-10T08:18:47.703231+00:00
98,5400633321,236.0,0.0025,sell,False,2022-11-10T08:18:47.703231+00:00
99,5400633320,236.3,0.0025,sell,False,2022-11-10T08:18:47.703231+00:00
100,5400633319,236.65,0.0025,sell,False,2022-11-10T08:18:47.703231+00:00
101,5400629826,237.0,0.0025,buy,False,2022-11-10T08:18:19.135605+00:00
102,5400629825,236.65,0.0025,buy,False,2022-11-10T08:18:19.135605+00:00
103,5400629824,236.3,0.0025,buy,False,2022-11-10T08:18:19.135605+00:00
104,5400629823,236.0,0.0025,buy,False,2022-11-10T08:18:19.135605+00:00
105,5400629822,235.65,0.0025,buy,False,2022-11-10T08:18:19.135605+00:00
106,5400627656,235.3,0.0025,buy,False,2022-11-10T08:18:03.771009+00:00
107,5400627655,234.95,0.0025,buy,False,2022-11-10T08:18:03.771009+00:00
108,5400627654,234.65,0.0025,buy,False,2022-11-10T08:18:03.771009+00:00
109,5400627653,234.3,0.0025,buy,False,2022-11-10T08:18:03.771009+00:00
110,5400627652,233.95,0.0025,buy,False,2022-11-10T08:18:03.771009+00:00
111,5400627651,233.6,0.0025,buy,False,2022-11-10T08:18:03.771009+00:00
112,5400622468,210.05,0.0025,sell,False,2022-11-10T08:17:33.876724+00:00
113,5400622467,233.3,0.0025,sell,False,2022-11-10T08:17:33.876724+00:00
114,5400622466,233.6,0.0025,sell,False,2022-11-10T08:17:33.876724+00:00
115,5400622465,233.95,0.0025,sell,False,2022-11-10T08:17:33.876724+00:00
116,5400622464,234.3,0.0025,sell,False,2022-11-10T08:17:33.876724+00:00
117,5400622463,234.65,0.0025,sell,False,2022-11-10T08:17:33.876724+00:00
118,5400620196,234.95,0.0025,sell,False,2022-11-10T08:17:19.090444+00:00
119,5400620195,235.3,0.0025,sell,False,2022-11-10T08:17:19.090444+00:00
120,5400620194,235.65,0.0025,sell,False,2022-11-10T08:17:19.090444+00:00
121,5400620193,236.0,0.0025,sell,False,2022-11-10T08:17:19.090444+00:00
122,5400620192,236.3,0.0025,sell,False,2022-11-10T08:17:19.090444+00:00
123,5400620191,236.65,0.0025,sell,False,2022-11-10T08:17:19.090444+00:00
124,5400616768,237.3,0.0025,buy,False,2022-11-10T08:16:50.065717+00:00
125,5400616767,237.0,0.0025,buy,False,2022-11-10T08:16:50.065717+00:00
126,5400616766,236.65,0.0025,buy,False,2022-11-10T08:16:50.065717+00:00
127,5400616765,236.3,0.0025,buy,False,2022-11-10T08:16:50.065717+00:00
128,5400616764,236.0,0.0025,buy,False,2022-11-10T08:16:50.065717+00:00
129,5400616763,235.65,0.0025,buy,False,2022-11-10T08:16:50.065717+00:00
130,5400614472,235.3,0.0025,buy,False,2022-11-10T08:16:33.296926+00:00
131,5400614471,234.95,0.0025,buy,False,2022-11-10T08:16:33.296926+00:00
132,5400614470,234.65,0.0025,buy,False,2022-11-10T08:16:33.296926+00:00
133,5400614469,234.3,0.0025,buy,False,2022-11-10T08:16:33.296926+00:00
134,5400614468,233.95,0.0025,buy,False,2022-11-10T08:16:33.296926+00:00
135,5400614467,233.6,0.0025,buy,False,2022-11-10T08:16:33.296926+00:00
136,5400610484,210.05,0.0025,sell,False,2022-11-10T08:16:03.224789+00:00
137,5400610483,233.3,0.0025,sell,False,2022-11-10T08:16:03.224789+00:00
138,5400610482,233.6,0.0025,sell,False,2022-11-10T08:16:03.224789+00:00
139,5400610481,233.95,0.0025,sell,False,2022-11-10T08:16:03.224789+00:00
140,5400610480,234.3,0.0025,sell,False,2022-11-10T08:16:03.224789+00:00
141,5400610479,234.65,0.0025,sell,False,2022-11-10T08:16:03.224789+00:00
142,5400608675,234.95,0.0025,sell,False,2022-11-10T08:15:49.255677+00:00
143,5400608674,235.3,0.0025,sell,False,2022-11-10T08:15:49.255677+00:00
144,5400608673,235.65,0.0025,sell,False,2022-11-10T08:15:49.255677+00:00
145,5400608672,236.0,0.0025,sell,False,2022-11-10T08:15:49.255677+00:00
146,5400608671,236.3,0.0025,sell,False,2022-11-10T08:15:49.255677+00:00
147,5400608670,236.65,0.0025,sell,False,2022-11-10T08:15:49.255677+00:00
148,5400604231,237.3,0.0025,buy,False,2022-11-10T08:15:17.824678+00:00
149,5400604230,237.0,0.0025,buy,False,2022-11-10T08:15:17.824678+00:00
150,5400604229,236.65,0.0025,buy,False,2022-11-10T08:15:17.824678+00:00
151,5400604228,236.3,0.0025,buy,False,2022-11-10T08:15:17.824678+00:00
152,5400604227,236.0,0.0025,buy,False,2022-11-10T08:15:17.824678+00:00
153,5400604226,235.65,0.0025,buy,False,2022-11-10T08:15:17.824678+00:00
154,5400602676,235.3,0.0025,buy,False,2022-11-10T08:15:03.815093+00:00
155,5400602675,234.95,0.0025,buy,False,2022-11-10T08:15:03.815093+00:00
156,5400602674,234.65,0.0025,buy,False,2022-11-10T08:15:03.815093+00:00
157,5400602673,234.3,0.0025,buy,False,2022-11-10T08:15:03.815093+00:00
158,5400602672,233.95,0.0025,buy,False,2022-11-10T08:15:03.815093+00:00
159,5400602671,233.6,0.0025,buy,False,2022-11-10T08:15:03.815093+00:00
160,5400599657,210.05,0.0025,sell,False,2022-11-10T08:14:33.342641+00:00
161,5400599656,233.3,0.0025,sell,False,2022-11-10T08:14:33.342641+00:00
162,5400599655,233.6,0.0025,sell,False,2022-11-10T08:14:33.342641+00:00
163,5400599654,233.95,0.0025,sell,False,2022-11-10T08:14:33.342641+00:00
164,5400599653,234.3,0.0025,sell,False,2022-11-10T08:14:33.342641+00:00
165,5400599652,234.65,0.0025,sell,False,2022-11-10T08:14:33.342641+00:00
166,5400598241,234.95,0.0025,sell,False,2022-11-10T08:14:18.985861+00:00
167,5400598240,235.3,0.0025,sell,False,2022-11-10T08:14:18.985861+00:00
168,5400598239,235.65,0.0025,sell,False,2022-11-10T08:14:18.985861+00:00
169,5400598238,236.0,0.0025,sell,False,2022-11-10T08:14:18.985861+00:00
170,5400598237,236.3,0.0025,sell,False,2022-11-10T08:14:18.985861+00:00
171,5400598236,236.65,0.0025,sell,False,2022-11-10T08:14:18.985861+00:00
172,5400594322,237.3,0.0025,buy,False,2022-11-10T08:13:48.090752+00:00
173,5400594321,237.0,0.0025,buy,False,2022-11-10T08:13:48.090752+00:00
174,5400594320,236.65,0.0025,buy,False,2022-11-10T08:13:48.090752+00:00
175,5400594319,236.3,0.0025,buy,False,2022-11-10T08:13:48.090752+00:00
176,5400594318,236.0,0.0025,buy,False,2022-11-10T08:13:48.090752+00:00
177,5400594317,235.65,0.0025,buy,False,2022-11-10T08:13:48.090752+00:00
178,5400592787,235.3,0.0025,buy,False,2022-11-10T08:13:34.147084+00:00
179,5400592786,234.95,0.0025,buy,False,2022-11-10T08:13:34.147084+00:00
180,5400592785,234.65,0.0025,buy,False,2022-11-10T08:13:34.147084+00:00
181,5400592784,234.3,0.0025,buy,False,2022-11-10T08:13:34.147084+00:00
182,5400592783,233.95,0.0025,buy,False,2022-11-10T08:13:34.147084+00:00
183,5400592782,233.6,0.0025,buy,False,2022-11-10T08:13:34.147084+00:00
184,5400588026,210.05,0.0025,sell,False,2022-11-10T08:13:02.819294+00:00
185,5400588025,233.3,0.0025,sell,False,2022-11-10T08:13:02.819294+00:00
186,5400588024,233.6,0.0025,sell,False,2022-11-10T08:13:02.819294+00:00
187,5400588023,233.95,0.0025,sell,False,2022-11-10T08:13:02.819294+00:00
188,5400588022,234.3,0.0025,sell,False,2022-11-10T08:13:02.819294+00:00
189,5400588021,234.65,0.0025,sell,False,2022-11-10T08:13:02.819294+00:00
190,5400586220,234.95,0.0025,sell,False,2022-11-10T08:12:48.797943+00:00
191,5400586219,235.3,0.0025,sell,False,2022-11-10T08:12:48.797943+00:00
192,5400586218,235.65,0.0025,sell,False,2022-11-10T08:12:48.797943+00:00
193,5400586217,236.0,0.0025,sell,False,2022-11-10T08:12:48.797943+00:00
194,5400586216,236.3,0.0025,sell,False,2022-11-10T08:12:48.797943+00:00
195,5400586215,236.65,0.0025,sell,False,2022-11-10T08:12:48.797943+00:00
196,5400582664,237.3,0.0025,buy,False,2022-11-10T08:12:18.896963+00:00
197,5400582663,237.0,0.0025,buy,False,2022-11-10T08:12:18.896963+00:00
198,5400582662,236.65,0.0025,buy,False,2022-11-10T08:12:18.896963+00:00
199,5400582661,236.3,0.0025,buy,False,2022-11-10T08:12:18.896963+00:00
200,5400582660,236.0,0.0025,buy,False,2022-11-10T08:12:18.896963+00:00
201,5400582659,235.65,0.0025,buy,False,2022-11-10T08:12:18.896963+00:00
202,5400580139,235.3,0.0025,buy,False,2022-11-10T08:12:02.896859+00:00
203,5400580138,234.95,0.0025,buy,False,2022-11-10T08:12:02.896859+00:00
204,5400580137,234.65,0.0025,buy,False,2022-11-10T08:12:02.896859+00:00
205,5400580136,234.3,0.0025,buy,False,2022-11-10T08:12:02.896859+00:00
206,5400580135,233.95,0.0025,buy,False,2022-11-10T08:12:02.896859+00:00
207,5400580134,233.6,0.0025,buy,False,2022-11-10T08:12:02.896859+00:00
208,5400575981,210.05,0.0025,sell,False,2022-11-10T08:11:34.653057+00:00
209,5400575980,233.3,0.0025,sell,False,2022-11-10T08:11:34.653057+00:00
210,5400575979,233.6,0.0025,sell,False,2022-11-10T08:11:34.653057+00:00
211,5400575978,233.95,0.0025,sell,False,2022-11-10T08:11:34.653057+00:00
212,5400575977,234.3,0.0025,sell,False,2022-11-10T08:11:34.653057+00:00
213,5400575976,234.65,0.0025,sell,False,2022-11-10T08:11:34.653057+00:00
214,5400573369,234.95,0.0025,sell,False,2022-11-10T08:11:17.928147+00:00
215,5400573368,235.3,0.0025,sell,False,2022-11-10T08:11:17.928147+00:00
216,5400573367,235.65,0.0025,sell,False,2022-11-10T08:11:17.928147+00:00
217,5400573366,236.0,0.0025,sell,False,2022-11-10T08:11:17.928147+00:00
218,5400573365,236.3,0.0025,sell,False,2022-11-10T08:11:17.928147+00:00
219,5400573364,236.65,0.0025,sell,False,2022-11-10T08:11:17.928147+00:00
220,5400569512,237.3,0.0025,buy,False,2022-11-10T08:10:49.085145+00:00
221,5400569511,237.0,0.0025,buy,False,2022-11-10T08:10:49.085145+00:00
222,5400569510,236.65,0.0025,buy,False,2022-11-10T08:10:49.085145+00:00
223,5400569509,236.3,0.0025,buy,False,2022-11-10T08:10:49.085145+00:00
224,5400569508,236.0,0.0025,buy,False,2022-11-10T08:10:49.085145+00:00
225,5400569507,235.65,0.0025,buy,False,2022-11-10T08:10:49.085145+00:00
226,5400567385,235.3,0.0025,buy,False,2022-11-10T08:10:32.888176+00:00
227,5400567384,234.95,0.0025,buy,False,2022-11-10T08:10:32.888176+00:00
228,5400567383,234.65,0.0025,buy,False,2022-11-10T08:10:32.888176+00:00
229,5400567382,234.3,0.0025,buy,False,2022-11-10T08:10:32.888176+00:00
230,5400567381,233.95,0.0025,buy,False,2022-11-10T08:10:32.888176+00:00
231,5400567380,233.6,0.0025,buy,False,2022-11-10T08:10:32.888176+00:00
232,5400563387,210.0,0.0025,sell,False,2022-11-10T08:10:04.068743+00:00
233,5400563386,233.3,0.0025,sell,False,2022-11-10T08:10:04.068743+00:00
234,5400563385,233.6,0.0025,sell,False,2022-11-10T08:10:04.068743+00:00
235,5400563384,233.95,0.0025,sell,False,2022-11-10T08:10:04.068743+00:00
236,5400563383,234.3,0.0025,sell,False,2022-11-10T08:10:04.068743+00:00
237,5400563382,234.65,0.0025,sell,False,2022-11-10T08:10:04.068743+00:00
238,5400561239,234.95,0.0025,sell,False,2022-11-10T08:09:48.093199+00:00
239,5400561238,235.3,0.0025,sell,False,2022-11-10T08:09:48.093199+00:00
240,5400561237,235.65,0.0025,sell,False,2022-11-10T08:09:48.093199+00:00
241,5400561236,236.0,0.0025,sell,False,2022-11-10T08:09:48.093199+00:00
242,5400561235,236.3,0.0025,sell,False,2022-11-10T08:09:48.093199+00:00
243,5400561234,236.65,0.0025,sell,False,2022-11-10T08:09:48.093199+00:00
244,5400556864,237.3,0.0025,buy,False,2022-11-10T08:09:18.299247+00:00
245,5400556863,237.0,0.0025,buy,False,2022-11-10T08:09:18.299247+00:00
246,5400556862,236.65,0.0025,buy,False,2022-11-10T08:09:18.299247+00:00
247,5400556861,236.3,0.0025,buy,False,2022-11-10T08:09:18.299247+00:00
248,5400556860,236.0,0.0025,buy,False,2022-11-10T08:09:18.299247+00:00
249,5400556859,235.65,0.0025,buy,False,2022-11-10T08:09:18.299247+00:00
250,5400554405,235.3,0.0025,buy,False,2022-11-10T08:09:02.864631+00:00
251,5400554404,234.95,0.0025,buy,False,2022-11-10T08:09:02.864631+00:00
252,5400554403,234.65,0.0025,buy,False,2022-11-10T08:09:02.864631+00:00
253,5400554402,234.3,0.0025,buy,False,2022-11-10T08:09:02.864631+00:00
254,5400554401,233.95,0.0025,buy,False,2022-11-10T08:09:02.864631+00:00
255,5400554400,233.6,0.0025,buy,False,2022-11-10T08:09:02.864631+00:00
256,5400550104,210.0,0.0025,sell,False,2022-11-10T08:08:33.000248+00:00
257,5400550103,233.3,0.0025,sell,False,2022-11-10T08:08:33.000248+00:00
258,5400550102,233.6,0.0025,sell,False,2022-11-10T08:08:33.000248+00:00
259,5400550101,233.95,0.0025,sell,False,2022-11-10T08:08:33.000248+00:00
260,5400550100,234.3,0.0025,sell,False,2022-11-10T08:08:33.000248+00:00
261,5400550099,234.65,0.0025,sell,False,2022-11-10T08:08:33.000248+00:00
262,5400547818,234.95,0.0025,sell,False,2022-11-10T08:08:19.709644+00:00
263,5400547817,235.3,0.0025,sell,False,2022-11-10T08:08:19.709644+00:00
264,5400547816,235.65,0.0025,sell,False,2022-11-10T08:08:19.709644+00:00
265,5400547815,236.0,0.0025,sell,False,2022-11-10T08:08:19.709644+00:00
266,5400547814,236.3,0.0025,sell,False,2022-11-10T08:08:19.709644+00:00
267,5400547813,236.65,0.0025,sell,False,2022-11-10T08:08:19.709644+00:00
268,5400543931,237.0,0.0025,buy,False,2022-11-10T08:07:48.469857+00:00
269,5400543930,236.65,0.0025,buy,False,2022-11-10T08:07:48.469857+00:00
270,5400543929,236.3,0.0025,buy,False,2022-11-10T08:07:48.469857+00:00
271,5400543928,236.0,0.0025,buy,False,2022-11-10T08:07:48.469857+00:00
272,5400543927,235.65,0.0025,buy,False,2022-11-10T08:07:48.469857+00:00
273,5400541996,235.3,0.0025,buy,False,2022-11-10T08:07:33.215343+00:00
274,5400541995,234.95,0.0025,buy,False,2022-11-10T08:07:33.215343+00:00
275,5400541994,234.65,0.0025,buy,False,2022-11-10T08:07:33.215343+00:00
276,5400541993,234.3,0.0025,buy,False,2022-11-10T08:07:33.215343+00:00
277,5400541992,233.95,0.0025,buy,False,2022-11-10T08:07:33.215343+00:00
278,5400541991,233.6,0.0025,buy,False,2022-11-10T08:07:33.215343+00:00
279,5400537489,210.0,0.0025,sell,False,2022-11-10T08:07:03.424756+00:00
280,5400537488,233.3,0.0025,sell,False,2022-11-10T08:07:03.424756+00:00
281,5400537487,233.6,0.0025,sell,False,2022-11-10T08:07:03.424756+00:00
282,5400537486,233.95,0.0025,sell,False,2022-11-10T08:07:03.424756+00:00
283,5400537485,234.3,0.0025,sell,False,2022-11-10T08:07:03.424756+00:00
284,5400537484,234.65,0.0025,sell,False,2022-11-10T08:07:03.424756+00:00
285,5400534586,234.95,0.0025,sell,False,2022-11-10T08:06:48.033952+00:00
286,5400534585,235.3,0.0025,sell,False,2022-11-10T08:06:48.033952+00:00
287,5400534584,235.65,0.0025,sell,False,2022-11-10T08:06:48.033952+00:00
288,5400534583,236.0,0.0025,sell,False,2022-11-10T08:06:48.033952+00:00
289,5400534582,236.3,0.0025,sell,False,2022-11-10T08:06:48.033952+00:00
290,5400534581,236.65,0.0025,sell,False,2022-11-10T08:06:48.033952+00:00
291,5400530135,237.3,0.0025,buy,False,2022-11-10T08:06:19.027161+00:00
292,5400530134,237.0,0.0025,buy,False,2022-11-10T08:06:19.027161+00:00
293,5400530133,236.65,0.0025,buy,False,2022-11-10T08:06:19.027161+00:00
294,5400530132,236.3,0.0025,buy,False,2022-11-10T08:06:19.027161+00:00
295,5400530131,236.0,0.0025,buy,False,2022-11-10T08:06:19.027161+00:00
296,5400530130,235.65,0.0025,buy,False,2022-11-10T08:06:19.027161+00:00
297,5400528351,235.3,0.0025,buy,False,2022-11-10T08:06:03.332102+00:00
298,5400528350,234.95,0.0025,buy,False,2022-11-10T08:06:03.332102+00:00
299,5400528349,234.65,0.0025,buy,False,2022-11-10T08:06:03.332102+00:00
300,5400528348,234.3,0.0025,buy,False,2022-11-10T08:06:03.332102+00:00
301,5400528347,233.95,0.0025,buy,False,2022-11-10T08:06:03.332102+00:00
302,5400528346,233.6,0.0025,buy,False,2022-11-10T08:06:03.332102+00:00
303,5400524906,210.0,0.0025,sell,False,2022-11-10T08:05:33.062566+00:00
304,5400524905,233.3,0.0025,sell,False,2022-11-10T08:05:33.062566+00:00
305,5400524904,233.6,0.0025,sell,False,2022-11-10T08:05:33.062566+00:00
306,5400524903,233.95,0.0025,sell,False,2022-11-10T08:05:33.062566+00:00
307,5400524902,234.3,0.0025,sell,False,2022-11-10T08:05:33.062566+00:00
308,5400524901,234.65,0.0025,sell,False,2022-11-10T08:05:33.062566+00:00
309,5400522734,234.95,0.0025,sell,False,2022-11-10T08:05:19.595000+00:00
310,5400522733,235.3,0.0025,sell,False,2022-11-10T08:05:19.595000+00:00
311,5400522732,235.65,0.0025,sell,False,2022-11-10T08:05:19.595000+00:00
312,5400522731,236.0,0.0025,sell,False,2022-11-10T08:05:19.595000+00:00
313,5400522730,236.3,0.0025,sell,False,2022-11-10T08:05:19.595000+00:00
314,5400522729,236.65,0.0025,sell,False,2022-11-10T08:05:19.595000+00:00
315,5400518249,237.3,0.0025,buy,False,2022-11-10T08:04:47.764112+00:00
316,5400518248,237.0,0.0025,buy,False,2022-11-10T08:04:47.764112+00:00
317,5400518247,236.65,0.0025,buy,False,2022-11-10T08:04:47.764112+00:00
318,5400518246,236.3,0.0025,buy,False,2022-11-10T08:04:47.764112+00:00
319,5400518245,236.0,0.0025,buy,False,2022-11-10T08:04:47.764112+00:00
320,5400518244,235.65,0.0025,buy,False,2022-11-10T08:04:47.764112+00:00
321,5400516134,235.3,0.0025,buy,False,2022-11-10T08:04:34.183704+00:00
322,5400516133,234.95,0.0025,buy,False,2022-11-10T08:04:34.183704+00:00
323,5400516132,234.65,0.0025,buy,False,2022-11-10T08:04:34.183704+00:00
324,5400516131,234.3,0.0025,buy,False,2022-11-10T08:04:34.183704+00:00
325,5400516130,233.95,0.0025,buy,False,2022-11-10T08:04:34.183704+00:00
326,5400516129,233.6,0.0025,buy,False,2022-11-10T08:04:34.183704+00:00
327,5400511968,210.0,0.0025,sell,False,2022-11-10T08:04:02.820390+00:00
328,5400511967,233.3,0.0025,sell,False,2022-11-10T08:04:02.820390+00:00
329,5400511966,233.6,0.0025,sell,False,2022-11-10T08:04:02.820390+00:00
330,5400511965,233.95,0.0025,sell,False,2022-11-10T08:04:02.820390+00:00
331,5400511964,234.3,0.0025,sell,False,2022-11-10T08:04:02.820390+00:00
332,5400511963,234.65,0.0025,sell,False,2022-11-10T08:04:02.820390+00:00
333,5400509492,234.95,0.0025,sell,False,2022-11-10T08:03:49.434699+00:00
334,5400509491,235.3,0.0025,sell,False,2022-11-10T08:03:49.434699+00:00
335,5400509490,235.65,0.0025,sell,False,2022-11-10T08:03:49.434699+00:00
336,5400509489,236.0,0.0025,sell,False,2022-11-10T08:03:49.434699+00:00
337,5400509488,236.3,0.0025,sell,False,2022-11-10T08:03:49.434699+00:00
338,5400509487,236.65,0.0025,sell,False,2022-11-10T08:03:49.434699+00:00
339,5400504990,237.0,0.0025,buy,False,2022-11-10T08:03:18.124801+00:00
340,5400504989,236.65,0.0025,buy,False,2022-11-10T08:03:18.124801+00:00
341,5400504988,236.3,0.0025,buy,False,2022-11-10T08:03:18.124801+00:00
342,5400504987,236.0,0.0025,buy,False,2022-11-10T08:03:18.124801+00:00
343,5400504986,235.65,0.0025,buy,False,2022-11-10T08:03:18.124801+00:00
344,5400502868,235.3,0.0025,buy,False,2022-11-10T08:03:04.303750+00:00
345,5400502867,234.95,0.0025,buy,False,2022-11-10T08:03:04.303750+00:00
346,5400502866,234.65,0.0025,buy,False,2022-11-10T08:03:04.303750+00:00
347,5400502865,234.3,0.0025,buy,False,2022-11-10T08:03:04.303750+00:00
348,5400502864,233.95,0.0025,buy,False,2022-11-10T08:03:04.303750+00:00
349,5400502863,233.6,0.0025,buy,False,2022-11-10T08:03:04.303750+00:00
350,5400499886,210.0,0.0025,sell,False,2022-11-10T08:02:34.214689+00:00
351,5400499885,233.3,0.0025,sell,False,2022-11-10T08:02:34.214689+00:00
352,5400499884,233.6,0.0025,sell,False,2022-11-10T08:02:34.214689+00:00
353,5400499883,233.95,0.0025,sell,False,2022-11-10T08:02:34.214689+00:00
354,5400499882,234.3,0.0025,sell,False,2022-11-10T08:02:34.214689+00:00
355,5400499881,234.65,0.0025,sell,False,2022-11-10T08:02:34.214689+00:00
356,5400497975,234.95,0.0025,sell,False,2022-11-10T08:02:19.069278+00:00
357,5400497974,235.3,0.0025,sell,False,2022-11-10T08:02:19.069278+00:00
358,5400497973,235.65,0.0025,sell,False,2022-11-10T08:02:19.069278+00:00
359,5400497972,236.0,0.0025,sell,False,2022-11-10T08:02:19.069278+00:00
360,5400497971,236.3,0.0025,sell,False,2022-11-10T08:02:19.069278+00:00
361,5400497970,236.65,0.0025,sell,False,2022-11-10T08:02:19.069278+00:00
362,5400493266,237.0,0.0025,buy,False,2022-11-10T08:01:48.625091+00:00
363,5400493265,236.65,0.0025,buy,False,2022-11-10T08:01:48.625091+00:00
364,5400493264,236.3,0.0025,buy,False,2022-11-10T08:01:48.625091+00:00
365,5400493263,236.0,0.0025,buy,False,2022-11-10T08:01:48.625091+00:00
366,5400493262,235.65,0.0025,buy,False,2022-11-10T08:01:48.625091+00:00
367,5400490953,235.3,0.0025,buy,False,2022-11-10T08:01:34.350234+00:00
368,5400490952,234.95,0.0025,buy,False,2022-11-10T08:01:34.350234+00:00
369,5400490951,234.65,0.0025,buy,False,2022-11-10T08:01:34.350234+00:00
370,5400490950,234.3,0.0025,buy,False,2022-11-10T08:01:34.350234+00:00
371,5400490949,233.95,0.0025,buy,False,2022-11-10T08:01:34.350234+00:00
372,5400490948,233.6,0.0025,buy,False,2022-11-10T08:01:34.350234+00:00
373,5400489243,210.0,0.015,sell,False,2022-11-10T08:01:18.187747+00:00
374,5400487719,210.0,0.0025,sell,False,2022-11-10T08:01:03.444386+00:00
375,5400487718,233.3,0.0025,sell,False,2022-11-10T08:01:03.444386+00:00
376,5400487717,233.6,0.0025,sell,False,2022-11-10T08:01:03.444386+00:00
377,5400487716,233.95,0.0025,sell,False,2022-11-10T08:01:03.444386+00:00
378,5400487715,234.3,0.0025,sell,False,2022-11-10T08:01:03.444386+00:00
379,5400487714,234.65,0.0025,sell,False,2022-11-10T08:01:03.444386+00:00
380,5400485860,234.95,0.0025,sell,False,2022-11-10T08:00:49.452044+00:00
381,5400485859,235.3,0.0025,sell,False,2022-11-10T08:00:49.452044+00:00
382,5400485858,235.65,0.0025,sell,False,2022-11-10T08:00:49.452044+00:00
383,5400485857,236.0,0.0025,sell,False,2022-11-10T08:00:49.452044+00:00
384,5400485856,236.3,0.0025,sell,False,2022-11-10T08:00:49.452044+00:00
385,5400485855,236.65,0.0025,sell,False,2022-11-10T08:00:49.452044+00:00
386,5400483909,237.0,0.0025,buy,False,2022-11-10T08:00:33.091125+00:00
387,5400483908,236.65,0.0025,buy,False,2022-11-10T08:00:33.091125+00:00
388,5400483907,236.3,0.0025,buy,False,2022-11-10T08:00:33.091125+00:00
389,5400483906,236.0,0.0025,buy,False,2022-11-10T08:00:33.091125+00:00
390,5400483905,235.65,0.0025,buy,False,2022-11-10T08:00:33.091125+00:00
391,5400480769,235.3,0.0025,buy,False,2022-11-10T08:00:18.527307+00:00
392,5400480768,234.95,0.0025,buy,False,2022-11-10T08:00:18.527307+00:00
393,5400480767,234.65,0.0025,buy,False,2022-11-10T08:00:18.527307+00:00
394,5400480766,234.3,0.0025,buy,False,2022-11-10T08:00:18.527307+00:00
395,5400480765,233.95,0.0025,buy,False,2022-11-10T08:00:18.527307+00:00
396,5400480764,233.6,0.0025,buy,False,2022-11-10T08:00:18.527307+00:00
397,5400476426,210.0,2.1025,sell,False,2022-11-10T07:59:50.558721+00:00
398,5400476425,220.0,5.07,sell,False,2022-11-10T07:59:50.558721+00:00
399,5400368325,220.0,0.1325,sell,False,2022-11-10T07:47:23.333712+00:00
400,5400342972,220.0,4.7625,sell,False,2022-11-10T07:43:31.942948+00:00
401,5400342971,230.0,8.13,sell,False,2022-11-10T07:43:31.942948+00:00
402,5400342970,233.3,0.0025,sell,False,2022-11-10T07:43:31.942948+00:00
403,5400342969,233.6,0.0025,sell,False,2022-11-10T07:43:31.942948+00:00
404,5400288805,233.95,0.0125,buy,False,2022-11-10T07:36:34.451531+00:00
405,5400288804,233.95,0.0025,buy,False,2022-11-10T07:36:34.451531+00:00
406,5400286923,233.6,0.0125,buy,False,2022-11-10T07:36:17.825277+00:00
407,5400286922,233.6,0.0025,buy,False,2022-11-10T07:36:17.825277+00:00
408,5400283152,230.0,1.855,sell,False,2022-11-10T07:35:49.818086+00:00
409,5400283151,233.3,0.0025,sell,False,2022-11-10T07:35:49.818086+00:00
410,5400283150,233.6,0.0025,sell,False,2022-11-10T07:35:49.818086+00:00
411,5400283149,233.95,0.0025,sell,False,2022-11-10T07:35:49.818086+00:00
412,5400283148,234.3,0.0025,sell,False,2022-11-10T07:35:49.818086+00:00
413,5400283147,234.65,0.0025,sell,False,2022-11-10T07:35:49.818086+00:00
414,5400283146,234.95,0.0025,sell,False,2022-11-10T07:35:49.818086+00:00
415,5400283145,235.3,0.0025,sell,False,2022-11-10T07:35:49.818086+00:00
416,5400283144,235.65,0.0025,sell,False,2022-11-10T07:35:49.818086+00:00
417,5400283143,236.0,0.0025,sell,False,2022-11-10T07:35:49.818086+00:00
418,5400283142,236.3,0.0025,sell,False,2022-11-10T07:35:49.818086+00:00
419,5400283141,236.65,0.0025,sell,False,2022-11-10T07:35:49.818086+00:00
420,5400283140,237.0,0.0025,sell,False,2022-11-10T07:35:49.818086+00:00
421,5400283139,237.35,0.0025,sell,False,2022-11-10T07:35:49.818086+00:00
422,5400283138,237.65,0.0025,sell,False,2022-11-10T07:35:49.818086+00:00
423,5400283137,238.0,0.0025,sell,False,2022-11-10T07:35:49.818086+00:00
424,5400283136,238.35,0.0025,sell,False,2022-11-10T07:35:49.818086+00:00
425,5400283135,238.7,0.0025,sell,False,2022-11-10T07:35:49.818086+00:00
426,5400283134,239.0,0.0025,sell,False,2022-11-10T07:35:49.818086+00:00
427,5400283133,239.35,0.0025,sell,False,2022-11-10T07:35:49.818086+00:00
428,5400283132,239.7,0.0025,sell,False,2022-11-10T07:35:49.818086+00:00
429,5400283131,240.0,0.0925,sell,False,2022-11-10T07:35:49.818086+00:00
430,5400261035,240.0,5.0,sell,False,2022-11-10T07:32:29.607599+00:00
431,5400257695,240.0,0.82,sell,False,2022-11-10T07:32:03.882519+00:00
432,5400250675,240.0,0.01,sell,False,2022-11-10T07:31:13.699312+00:00
433,5400244559,240.0,0.6875,sell,False,2022-11-10T07:30:24.876619+00:00
434,5400197128,240.0,0.455,sell,False,2022-11-10T07:24:30.728957+00:00
435,5400197127,240.05,0.1525,sell,False,2022-11-10T07:24:30.728957+00:00
436,5400110672,240.05,0.0825,sell,False,2022-11-10T07:15:23.340745+00:00
437,5400087958,240.05,0.0125,buy,False,2022-11-10T07:12:56.797336+00:00
438,5400087957,240.05,0.0025,buy,False,2022-11-10T07:12:56.797336+00:00
439,5400066870,240.0,0.015,sell,False,2022-11-10T07:10:48.620529+00:00
440,5400064552,240.0,0.015,sell,False,2022-11-10T07:10:34.333514+00:00
441,5400062391,240.0,0.015,sell,False,2022-11-10T07:10:18.675342+00:00
442,5400059782,240.0,0.015,sell,False,2022-11-10T07:10:04.026219+00:00
443,5400058398,240.0,2.755,sell,False,2022-11-10T07:09:53.348776+00:00
444,5400057746,240.0,0.015,sell,False,2022-11-10T07:09:49.223286+00:00
445,5400055955,240.0,0.015,sell,False,2022-11-10T07:09:34.252589+00:00
446,5400053667,240.0,0.015,sell,False,2022-11-10T07:09:18.321514+00:00
447,5400051833,240.0,0.015,sell,False,2022-11-10T07:09:03.144782+00:00
448,5400050101,239.7,0.0025,buy,False,2022-11-10T07:08:55.497368+00:00
449,5400050100,239.35,0.0025,buy,False,2022-11-10T07:08:55.497368+00:00
450,5400050099,239.0,0.0025,buy,False,2022-11-10T07:08:55.497368+00:00
451,5400050098,238.7,0.0025,buy,False,2022-11-10T07:08:55.497368+00:00
452,5400050097,238.35,0.0025,buy,False,2022-11-10T07:08:55.497368+00:00
453,5400050096,238.0,0.0025,buy,False,2022-11-10T07:08:55.497368+00:00
454,5400050095,237.65,0.0025,buy,False,2022-11-10T07:08:55.497368+00:00
455,5400050094,237.35,0.0025,buy,False,2022-11-10T07:08:55.497368+00:00
456,5400050093,237.0,0.0025,buy,False,2022-11-10T07:08:55.497368+00:00
457,5400050092,236.65,0.0025,buy,False,2022-11-10T07:08:55.497368+00:00
458,5400050091,236.3,0.0025,buy,False,2022-11-10T07:08:55.497368+00:00
459,5400050090,236.0,0.0025,buy,False,2022-11-10T07:08:55.497368+00:00
460,5400050089,235.65,0.0025,buy,False,2022-11-10T07:08:55.497368+00:00
461,5400050088,235.3,0.0025,buy,False,2022-11-10T07:08:55.497368+00:00
462,5400050087,234.95,0.0025,buy,False,2022-11-10T07:08:55.497368+00:00
463,5400050086,234.65,0.0025,buy,False,2022-11-10T07:08:55.497368+00:00
464,5400050085,234.3,0.0025,buy,False,2022-11-10T07:08:55.497368+00:00
465,5400050084,233.95,0.0025,buy,False,2022-11-10T07:08:55.497368+00:00
466,5400050083,233.6,0.0125,buy,False,2022-11-10T07:08:55.497368+00:00
467,5400050082,233.6,0.0025,buy,False,2022-11-10T07:08:55.497368+00:00
468,5400049427,230.0,0.015,sell,False,2022-11-10T07:08:49.124312+00:00
469,5400047275,220.0,0.0175,sell,False,2022-11-10T07:08:32.810541+00:00
470,5400045118,220.0,0.0175,sell,False,2022-11-10T07:08:18.324514+00:00
471,5400043181,210.0,0.0175,sell,False,2022-11-10T07:08:05.202616+00:00
472,5400041859,210.0,0.1,sell,False,2022-11-10T07:07:57.845084+00:00
473,5400040949,207.7,0.105,buy,False,2022-11-10T07:07:54.865767+00:00
474,5400040948,207.7,0.075,buy,False,2022-11-10T07:07:54.865767+00:00
475,5400040947,207.7,0.075,buy,False,2022-11-10T07:07:54.865767+00:00
476,5400040946,207.7,0.075,buy,False,2022-11-10T07:07:54.865767+00:00
477,5400040945,207.7,0.075,buy,False,2022-11-10T07:07:54.865767+00:00
478,5400040944,207.7,0.075,buy,False,2022-11-10T07:07:54.865767+00:00
479,5400040943,207.7,0.075,buy,False,2022-11-10T07:07:54.865767+00:00
480,5400040942,207.7,0.075,buy,False,2022-11-10T07:07:54.865767+00:00
481,5400040941,207.7,0.075,buy,False,2022-11-10T07:07:54.865767+00:00
482,5400040940,207.7,0.02,buy,False,2022-11-10T07:07:54.865767+00:00
483,5400040370,192.0,0.1,sell,False,2022-11-10T07:07:50.187888+00:00
484,5400039715,192.0,0.0175,sell,False,2022-11-10T07:07:48.771747+00:00
485,5400037967,180.0,0.1,sell,False,2022-11-10T07:07:35.683656+00:00
486,5400037721,180.0,0.0175,sell,False,2022-11-10T07:07:34.361185+00:00
487,5400037394,176.8,1.0,buy,False,2022-11-10T07:07:32.395552+00:00
488,5400037393,173.3,0.075,buy,False,2022-11-10T07:07:32.395552+00:00
489,5400037392,172.55,0.075,buy,False,2022-11-10T07:07:32.395552+00:00
490,5400037391,171.8,0.075,buy,False,2022-11-10T07:07:32.395552+00:00
491,5400037390,171.05,0.075,buy,False,2022-11-10T07:07:32.395552+00:00
492,5400037389,170.3,0.075,buy,False,2022-11-10T07:07:32.395552+00:00
493,5400035395,169.55,0.075,buy,False,2022-11-10T07:07:20.670705+00:00
494,5400035394,168.85,0.075,buy,False,2022-11-10T07:07:20.670705+00:00
495,5400035393,168.1,0.075,buy,False,2022-11-10T07:07:20.670705+00:00
496,5400035392,167.35,0.005,buy,False,2022-11-10T07:07:20.670705+00:00
497,5400035391,165.85,0.075,buy,False,2022-11-10T07:07:20.670705+00:00
498,5400035390,165.1,0.075,buy,False,2022-11-10T07:07:20.670705+00:00
499,5400035389,164.35,0.075,buy,False,2022-11-10T07:07:20.670705+00:00
500,5400035388,163.6,0.075,buy,False,2022-11-10T07:07:20.670705+00:00
501,5400035387,162.85,0.075,buy,False,2022-11-10T07:07:20.670705+00:00
502,5400035386,162.15,0.075,buy,False,2022-11-10T07:07:20.670705+00:00
503,5400035385,161.4,0.075,buy,False,2022-11-10T07:07:20.670705+00:00
504,5400035384,160.65,0.075,buy,False,2022-11-10T07:07:20.670705+00:00
505,5400034445,159.9,0.075,buy,False,2022-11-10T07:07:12.547146+00:00
506,5400034444,159.15,0.075,buy,False,2022-11-10T07:07:12.547146+00:00
507,5400034443,158.4,0.075,buy,False,2022-11-10T07:07:12.547146+00:00
508,5400034442,157.65,0.075,buy,False,2022-11-10T07:07:12.547146+00:00
509,5400034441,156.9,0.075,buy,False,2022-11-10T07:07:12.547146+00:00
510,5400034440,156.15,0.075,buy,False,2022-11-10T07:07:12.547146+00:00
511,5400034439,155.45,0.075,buy,False,2022-11-10T07:07:12.547146+00:00
512,5400034438,154.7,0.075,buy,False,2022-11-10T07:07:12.547146+00:00
513,5400034437,153.95,0.075,buy,False,2022-11-10T07:07:12.547146+00:00
514,5400034436,153.9,0.39,buy,False,2022-11-10T07:07:12.547146+00:00
515,5400034435,153.2,0.075,buy,False,2022-11-10T07:07:12.547146+00:00
516,5400034434,152.45,0.04,buy,False,2022-11-10T07:07:12.547146+00:00
517,5399995742,151.0,1.0,sell,False,2022-11-10T07:02:58.370950+00:00
518,5399994328,152.45,0.0175,buy,False,2022-11-10T07:02:48.080377+00:00
519,5399992623,152.45,0.0175,buy,False,2022-11-10T07:02:33.718024+00:00
520,5399988880,151.0,0.0175,sell,False,2022-11-10T07:02:04.276637+00:00
521,5399987907,151.0,0.0175,sell,False,2022-11-10T07:01:56.763614+00:00
522,5399987906,151.7,0.075,sell,False,2022-11-10T07:01:56.763614+00:00
523,5399987905,152.45,0.075,sell,False,2022-11-10T07:01:56.763614+00:00
524,5399987904,153.2,0.075,sell,False,2022-11-10T07:01:56.763614+00:00
525,5399987903,153.95,0.075,sell,False,2022-11-10T07:01:56.763614+00:00
526,5399987902,154.7,0.075,sell,False,2022-11-10T07:01:56.763614+00:00
527,5399987901,155.45,0.075,sell,False,2022-11-10T07:01:56.763614+00:00
528,5399987900,156.15,0.075,sell,False,2022-11-10T07:01:56.763614+00:00
529,5399987899,156.9,0.075,sell,False,2022-11-10T07:01:56.763614+00:00
530,5399987898,157.65,0.075,sell,False,2022-11-10T07:01:56.763614+00:00
531,5399987897,158.4,0.075,sell,False,2022-11-10T07:01:56.763614+00:00
532,5399987896,159.15,0.075,sell,False,2022-11-10T07:01:56.763614+00:00
533,5399987895,160.3,0.015,sell,False,2022-11-10T07:01:56.763614+00:00
534,5399987894,160.3,0.1425,sell,False,2022-11-10T07:01:56.763614+00:00
535,5399986020,160.3,0.0175,sell,False,2022-11-10T07:01:49.011074+00:00
536,5399981348,159.9,0.075,buy,False,2022-11-10T07:01:26.704725+00:00
537,5399981347,159.15,0.075,buy,False,2022-11-10T07:01:26.704725+00:00
538,5399981346,158.4,0.075,buy,False,2022-11-10T07:01:26.704725+00:00
539,5399981345,157.65,0.075,buy,False,2022-11-10T07:01:26.704725+00:00
540,5399981344,156.9,0.075,buy,False,2022-11-10T07:01:26.704725+00:00
541,5399981343,156.15,0.075,buy,False,2022-11-10T07:01:26.704725+00:00
542,5399981342,155.45,0.075,buy,False,2022-11-10T07:01:26.704725+00:00
543,5399981341,154.7,0.075,buy,False,2022-11-10T07:01:26.704725+00:00
544,5399981340,153.95,0.075,buy,False,2022-11-10T07:01:26.704725+00:00
545,5399981339,153.2,0.075,buy,False,2022-11-10T07:01:26.704725+00:00
546,5399981338,152.45,0.075,buy,False,2022-11-10T07:01:26.704725+00:00
547,5399981337,151.7,0.015,buy,False,2022-11-10T07:01:26.704725+00:00
548,5399981105,151.7,0.06,buy,False,2022-11-10T07:01:25.173839+00:00
549,5399941674,150.95,0.0425,buy,False,2022-11-10T06:56:26.431359+00:00
550,5399896622,150.2,1.605,sell,False,2022-11-10T06:51:18.771730+00:00
551,5399887657,150.2,0.075,buy,False,2022-11-10T06:49:56.127303+00:00
552,5399856337,148.7,0.0175,sell,False,2022-11-10T06:45:49.419696+00:00
553,5399856220,148.7,0.0275,sell,False,2022-11-10T06:45:48.678101+00:00
554,5399856219,149.45,0.0175,sell,False,2022-11-10T06:45:48.678101+00:00
555,5399856218,149.45,0.0575,sell,False,2022-11-10T06:45:48.678101+00:00
556,5399854530,149.45,0.0175,sell,False,2022-11-10T06:45:34.418892+00:00
557,5399850979,150.95,0.0325,buy,False,2022-11-10T06:45:07.265194+00:00
558,5399850978,150.2,0.075,buy,False,2022-11-10T06:45:07.265194+00:00
559,5399850977,149.45,0.075,buy,False,2022-11-10T06:45:07.265194+00:00
560,5399850976,148.7,0.075,buy,False,2022-11-10T06:45:07.265194+00:00
561,5399850975,148.0,0.075,buy,False,2022-11-10T06:45:07.265194+00:00
562,5399850974,147.25,0.075,buy,False,2022-11-10T06:45:07.265194+00:00
563,5399850973,146.5,0.075,buy,False,2022-11-10T06:45:07.265194+00:00
564,5399850972,145.75,0.0675,buy,False,2022-11-10T06:45:07.265194+00:00
565,5399850971,145.0,0.075,buy,False,2022-11-10T06:45:07.265194+00:00
566,5399850970,144.25,0.075,buy,False,2022-11-10T06:45:07.265194+00:00
567,5399850969,143.5,0.075,buy,False,2022-11-10T06:45:07.265194+00:00
568,5399850968,142.75,0.075,buy,False,2022-11-10T06:45:07.265194+00:00
569,5399850967,142.0,0.075,buy,False,2022-11-10T06:45:07.265194+00:00
570,5399850966,141.3,0.075,buy,False,2022-11-10T06:45:07.265194+00:00
571,5399811361,140.0,11.4825,sell,False,2022-11-10T06:41:46.621658+00:00
572,5399811360,140.55,0.075,sell,False,2022-11-10T06:41:46.621658+00:00
573,5399811359,141.3,0.075,sell,False,2022-11-10T06:41:46.621658+00:00
574,5399811358,142.0,0.075,sell,False,2022-11-10T06:41:46.621658+00:00
575,5399811357,142.75,0.075,sell,False,2022-11-10T06:41:46.621658+00:00
576,5399811356,143.5,0.075,sell,False,2022-11-10T06:41:46.621658+00:00
577,5399811355,144.25,0.0175,sell,False,2022-11-10T06:41:46.621658+00:00
578,5399811354,144.25,0.075,sell,False,2022-11-10T06:41:46.621658+00:00
579,5399794002,145.75,0.0075,buy,False,2022-11-10T06:40:29.108080+00:00
580,5399794001,145.0,0.075,buy,False,2022-11-10T06:40:29.108080+00:00
581,5399794000,144.25,0.075,buy,False,2022-11-10T06:40:29.108080+00:00
582,5399793999,143.5,0.075,buy,False,2022-11-10T06:40:29.108080+00:00
583,5399793998,142.75,0.075,buy,False,2022-11-10T06:40:29.108080+00:00
584,5399793997,142.0,0.075,buy,False,2022-11-10T06:40:29.108080+00:00
585,5399793996,141.3,0.02,buy,False,2022-11-10T06:40:29.108080+00:00
586,5399730549,141.3,0.0175,buy,False,2022-11-10T06:35:33.617359+00:00
587,5399728350,141.3,0.0175,buy,False,2022-11-10T06:35:17.780727+00:00
588,5399726212,141.3,0.02,buy,False,2022-11-10T06:35:04.713926+00:00
589,5399724301,166.6,0.02,buy,False,2022-11-10T06:34:48.932549+00:00
590,5399722707,140.0,0.1625,sell,False,2022-11-10T06:34:34.525197+00:00
591,5399722691,166.6,0.02,buy,False,2022-11-10T06:34:34.301775+00:00
592,5399720973,140.0,3.7025,sell,False,2022-11-10T06:34:14.924377+00:00
593,5399720972,140.55,0.075,sell,False,2022-11-10T06:34:14.924377+00:00
594,5399720971,141.3,0.075,sell,False,2022-11-10T06:34:14.924377+00:00
595,5399720970,142.0,10.0,sell,False,2022-11-10T06:34:14.924377+00:00
596,5399720969,142.0,0.075,sell,False,2022-11-10T06:34:14.924377+00:00
597,5399720968,142.75,0.0575,sell,False,2022-11-10T06:34:14.924377+00:00
598,5399720967,143.5,0.075,sell,False,2022-11-10T06:34:14.924377+00:00
599,5399720966,144.25,0.075,sell,False,2022-11-10T06:34:14.924377+00:00
600,5399720965,145.0,0.075,sell,False,2022-11-10T06:34:14.924377+00:00
601,5399720964,145.75,0.075,sell,False,2022-11-10T06:34:14.924377+00:00
602,5399720963,146.5,0.075,sell,False,2022-11-10T06:34:14.924377+00:00
603,5399720962,147.25,0.075,sell,False,2022-11-10T06:34:14.924377+00:00
604,5399720961,148.0,0.075,sell,False,2022-11-10T06:34:14.924377+00:00
605,5399720960,148.7,0.075,sell,False,2022-11-10T06:34:14.924377+00:00
606,5399720959,149.45,0.075,sell,False,2022-11-10T06:34:14.924377+00:00
607,5399720958,150.2,0.075,sell,False,2022-11-10T06:34:14.924377+00:00
608,5399720957,150.95,0.075,sell,False,2022-11-10T06:34:14.924377+00:00
609,5399720956,151.7,0.05,sell,False,2022-11-10T06:34:14.924377+00:00
610,5399720955,152.45,0.075,sell,False,2022-11-10T06:34:14.924377+00:00
611,5399720954,153.2,0.075,sell,False,2022-11-10T06:34:14.924377+00:00
612,5399720953,153.95,0.075,sell,False,2022-11-10T06:34:14.924377+00:00
613,5399720952,154.7,0.075,sell,False,2022-11-10T06:34:14.924377+00:00
614,5399720951,155.45,0.075,sell,False,2022-11-10T06:34:14.924377+00:00
615,5399720950,156.15,0.075,sell,False,2022-11-10T06:34:14.924377+00:00
616,5399720949,156.9,0.075,sell,False,2022-11-10T06:34:14.924377+00:00
617,5399720948,157.65,0.075,sell,False,2022-11-10T06:34:14.924377+00:00
618,5399720947,158.4,0.075,sell,False,2022-11-10T06:34:14.924377+00:00
619,5399720946,159.15,0.075,sell,False,2022-11-10T06:34:14.924377+00:00
620,5399720945,159.9,0.075,sell,False,2022-11-10T06:34:14.924377+00:00
621,5399720944,160.65,0.075,sell,False,2022-11-10T06:34:14.924377+00:00
622,5399720943,161.4,0.075,sell,False,2022-11-10T06:34:14.924377+00:00
623,5399720942,162.15,0.075,sell,False,2022-11-10T06:34:14.924377+00:00
624,5399720941,162.85,0.075,sell,False,2022-11-10T06:34:14.924377+00:00
625,5399720940,163.6,0.075,sell,False,2022-11-10T06:34:14.924377+00:00
626,5399720939,164.35,0.075,sell,False,2022-11-10T06:34:14.924377+00:00
627,5399720938,165.1,0.015,sell,False,2022-11-10T06:34:14.924377+00:00
628,5399720937,165.1,0.0425,sell,False,2022-11-10T06:34:14.924377+00:00
629,5399719998,166.6,0.0175,buy,False,2022-11-10T06:34:03.713785+00:00
630,5399718507,166.6,0.0175,buy,False,2022-11-10T06:33:48.218655+00:00
631,5399717365,165.1,0.0325,sell,False,2022-11-10T06:33:39.202670+00:00
632,5399717364,165.85,0.0175,sell,False,2022-11-10T06:33:39.202670+00:00
633,5399717363,165.85,0.075,sell,False,2022-11-10T06:33:39.202670+00:00
634,5399716979,167.35,0.0175,buy,False,2022-11-10T06:33:33.465094+00:00
635,5399715747,167.35,0.0175,buy,False,2022-11-10T06:33:19.726814+00:00
636,5399713960,167.35,0.0175,buy,False,2022-11-10T06:33:04.138753+00:00
637,5399712670,167.35,0.0175,buy,False,2022-11-10T06:32:49.668246+00:00
638,5399710599,166.2,0.0175,buy,False,2022-11-10T06:32:34.332940+00:00
639,5399708459,166.2,0.02,buy,False,2022-11-10T06:32:18.631100+00:00
640,5399705757,207.7,0.02,buy,False,2022-11-10T06:32:03.315861+00:00
641,5399704772,166.6,0.075,sell,False,2022-11-10T06:31:57.040632+00:00
642,5399704771,167.35,0.075,sell,False,2022-11-10T06:31:57.040632+00:00
643,5399704770,168.1,0.075,sell,False,2022-11-10T06:31:57.040632+00:00
644,5399704769,168.35,1.0,sell,False,2022-11-10T06:31:57.040632+00:00
645,5399704768,168.85,0.075,sell,False,2022-11-10T06:31:57.040632+00:00
646,5399704767,169.55,0.075,sell,False,2022-11-10T06:31:57.040632+00:00
647,5399704766,170.3,0.075,sell,False,2022-11-10T06:31:57.040632+00:00
648,5399704765,171.05,0.075,sell,False,2022-11-10T06:31:57.040632+00:00
649,5399704764,171.8,0.075,sell,False,2022-11-10T06:31:57.040632+00:00
650,5399704763,172.55,0.0175,sell,False,2022-11-10T06:31:57.040632+00:00
651,5399704762,172.55,0.075,sell,False,2022-11-10T06:31:57.040632+00:00
652,5399703401,207.7,0.015,buy,False,2022-11-10T06:31:48.296367+00:00
653,5399701105,207.7,0.02,buy,False,2022-11-10T06:31:33.135593+00:00
654,5399697526,173.3,0.075,sell,False,2022-11-10T06:31:05.263157+00:00
655,5399697525,174.05,0.075,sell,False,2022-11-10T06:31:05.263157+00:00
656,5399697524,174.8,0.075,sell,False,2022-11-10T06:31:05.263157+00:00
657,5399697523,175.55,0.075,sell,False,2022-11-10T06:31:05.263157+00:00
658,5399697522,176.3,0.075,sell,False,2022-11-10T06:31:05.263157+00:00
659,5399697521,177.0,0.075,sell,False,2022-11-10T06:31:05.263157+00:00
660,5399697520,177.75,0.075,sell,False,2022-11-10T06:31:05.263157+00:00
661,5399697519,177.75,9.915,sell,False,2022-11-10T06:31:05.263157+00:00
662,5399697518,178.5,0.075,sell,False,2022-11-10T06:31:05.263157+00:00
663,5399697517,179.25,0.075,sell,False,2022-11-10T06:31:05.263157+00:00
664,5399697516,179.25,7.2275,sell,False,2022-11-10T06:31:05.263157+00:00
665,5399697515,179.3,0.0125,sell,False,2022-11-10T06:31:05.263157+00:00
666,5399697514,179.3,0.02,sell,False,2022-11-10T06:31:05.263157+00:00
667,5399697513,179.3,0.02,sell,False,2022-11-10T06:31:05.263157+00:00
668,5399697263,258.95,0.0025,buy,False,2022-11-10T06:31:03.131799+00:00
669,5399697262,258.6,0.0025,buy,False,2022-11-10T06:31:03.131799+00:00
670,5399697261,258.25,0.0025,buy,False,2022-11-10T06:31:03.131799+00:00
671,5399697260,257.95,0.0025,buy,False,2022-11-10T06:31:03.131799+00:00
672,5399697259,257.6,0.0025,buy,False,2022-11-10T06:31:03.131799+00:00
673,5399695410,263.45,0.015,buy,False,2022-11-10T06:30:48.759680+00:00
674,5399693279,216.0,10.0,sell,False,2022-11-10T06:30:31.522206+00:00
675,5399693278,216.0,1.0,sell,False,2022-11-10T06:30:31.522206+00:00
676,5399693277,216.0,0.405,sell,False,2022-11-10T06:30:31.522206+00:00
677,5399693276,220.0,2.855,sell,False,2022-11-10T06:30:31.522206+00:00
678,5399693275,220.05,0.02,sell,False,2022-11-10T06:30:31.522206+00:00
679,5399693274,241.2,0.0575,sell,False,2022-11-10T06:30:31.522206+00:00
680,5399693273,246.15,0.0525,sell,False,2022-11-10T06:30:31.522206+00:00
681,5399689066,269.3,0.0125,buy,False,2022-11-10T06:30:03.521809+00:00
682,5399686367,269.35,0.015,buy,False,2022-11-10T06:29:49.160160+00:00
683,5399679474,220.0,7.145,sell,False,2022-11-10T06:29:07.129291+00:00
684,5399679473,230.0,9.7775,sell,False,2022-11-10T06:29:07.129291+00:00
685,5399679472,233.3,0.0025,sell,False,2022-11-10T06:29:07.129291+00:00
686,5399679471,233.6,0.0025,sell,False,2022-11-10T06:29:07.129291+00:00
687,5399679470,233.95,0.0025,sell,False,2022-11-10T06:29:07.129291+00:00
688,5399679469,234.3,0.0025,sell,False,2022-11-10T06:29:07.129291+00:00
689,5399679468,234.65,0.0025,sell,False,2022-11-10T06:29:07.129291+00:00
690,5399679467,234.95,0.0025,sell,False,2022-11-10T06:29:07.129291+00:00
691,5399679466,235.3,0.0025,sell,False,2022-11-10T06:29:07.129291+00:00
692,5399679465,235.65,0.0025,sell,False,2022-11-10T06:29:07.129291+00:00
693,5399679464,236.0,0.0025,sell,False,2022-11-10T06:29:07.129291+00:00
694,5399679463,236.3,0.0025,sell,False,2022-11-10T06:29:07.129291+00:00
695,5399679462,236.65,0.0025,sell,False,2022-11-10T06:29:07.129291+00:00
696,5399679461,237.0,0.0025,sell,False,2022-11-10T06:29:07.129291+00:00
697,5399679460,237.35,0.0025,sell,False,2022-11-10T06:29:07.129291+00:00
698,5399679459,237.65,0.0025,sell,False,2022-11-10T06:29:07.129291+00:00
699,5399679458,238.0,0.0025,sell,False,2022-11-10T06:29:07.129291+00:00
700,5399679457,238.35,0.0025,sell,False,2022-11-10T06:29:07.129291+00:00
701,5399679456,238.7,0.0025,sell,False,2022-11-10T06:29:07.129291+00:00
702,5399679455,239.0,0.0025,sell,False,2022-11-10T06:29:07.129291+00:00
703,5399679454,239.35,0.0025,sell,False,2022-11-10T06:29:07.129291+00:00
704,5399679453,239.7,0.0025,sell,False,2022-11-10T06:29:07.129291+00:00
705,5399679452,240.0,9.9725,sell,False,2022-11-10T06:29:07.129291+00:00
706,5399679451,240.05,0.0025,sell,False,2022-11-10T06:29:07.129291+00:00
707,5399679450,240.35,0.0025,sell,False,2022-11-10T06:29:07.129291+00:00
708,5399679449,240.7,0.0025,sell,False,2022-11-10T06:29:07.129291+00:00
709,5399679448,241.05,0.0025,sell,False,2022-11-10T06:29:07.129291+00:00
710,5399679447,241.4,0.0025,sell,False,2022-11-10T06:29:07.129291+00:00
711,5399679446,241.7,0.0025,sell,False,2022-11-10T06:29:07.129291+00:00
712,5399679445,242.05,0.0025,sell,False,2022-11-10T06:29:07.129291+00:00
713,5399679444,242.4,0.0025,sell,False,2022-11-10T06:29:07.129291+00:00
714,5399679443,242.75,0.0025,sell,False,2022-11-10T06:29:07.129291+00:00
715,5399679442,243.05,0.0025,sell,False,2022-11-10T06:29:07.129291+00:00
716,5399679441,243.4,0.0025,sell,False,2022-11-10T06:29:07.129291+00:00
717,5399679440,243.75,0.0025,sell,False,2022-11-10T06:29:07.129291+00:00
718,5399679439,244.1,0.0025,sell,False,2022-11-10T06:29:07.129291+00:00
719,5399679438,244.4,0.0025,sell,False,2022-11-10T06:29:07.129291+00:00
720,5399679437,244.75,0.0025,sell,False,2022-11-10T06:29:07.129291+00:00
721,5399679436,245.1,0.0025,sell,False,2022-11-10T06:29:07.129291+00:00
722,5399679435,245.45,0.0025,sell,False,2022-11-10T06:29:07.129291+00:00
723,5399679434,245.75,0.0025,sell,False,2022-11-10T06:29:07.129291+00:00
724,5399679433,246.1,0.0025,sell,False,2022-11-10T06:29:07.129291+00:00
725,5399679432,246.45,0.0025,sell,False,2022-11-10T06:29:07.129291+00:00
726,5399679431,246.8,0.0025,sell,False,2022-11-10T06:29:07.129291+00:00
727,5399679430,247.1,0.0025,sell,False,2022-11-10T06:29:07.129291+00:00
728,5399679429,247.45,0.0025,sell,False,2022-11-10T06:29:07.129291+00:00
729,5399679428,247.8,0.0025,sell,False,2022-11-10T06:29:07.129291+00:00
730,5399679427,248.15,0.0025,sell,False,2022-11-10T06:29:07.129291+00:00
731,5399679426,248.45,0.0025,sell,False,2022-11-10T06:29:07.129291+00:00
732,5399679425,248.8,0.0025,sell,False,2022-11-10T06:29:07.129291+00:00
733,5399679424,249.15,0.0025,sell,False,2022-11-10T06:29:07.129291+00:00
734,5399679423,249.5,0.0025,sell,False,2022-11-10T06:29:07.129291+00:00
735,5399679422,249.8,0.0025,sell,False,2022-11-10T06:29:07.129291+00:00
736,5399679421,250.0,3.81,sell,False,2022-11-10T06:29:07.129291+00:00
737,5399679420,250.05,0.3725,sell,False,2022-11-10T06:29:07.129291+00:00
738,5399679419,250.15,0.0025,sell,False,2022-11-10T06:29:07.129291+00:00
739,5399679418,250.5,0.0025,sell,False,2022-11-10T06:29:07.129291+00:00
740,5399679417,250.85,0.0025,sell,False,2022-11-10T06:29:07.129291+00:00
741,5399679416,251.15,0.0025,sell,False,2022-11-10T06:29:07.129291+00:00
742,5399679415,251.15,0.05,sell,False,2022-11-10T06:29:07.129291+00:00
743,5399679414,251.5,0.0025,sell,False,2022-11-10T06:29:07.129291+00:00
744,5399679413,251.85,0.0025,sell,False,2022-11-10T06:29:07.129291+00:00
745,5399679412,252.2,0.0025,sell,False,2022-11-10T06:29:07.129291+00:00
746,5399679411,252.55,0.0025,sell,False,2022-11-10T06:29:07.129291+00:00
747,5399679410,252.85,0.0025,sell,False,2022-11-10T06:29:07.129291+00:00
748,5399679409,253.2,0.0025,sell,False,2022-11-10T06:29:07.129291+00:00
749,5399679408,253.55,0.0025,sell,False,2022-11-10T06:29:07.129291+00:00
750,5399679407,253.9,0.0025,sell,False,2022-11-10T06:29:07.129291+00:00
751,5399679406,254.2,0.0025,sell,False,2022-11-10T06:29:07.129291+00:00
752,5399679405,254.55,0.0025,sell,False,2022-11-10T06:29:07.129291+00:00
753,5399679404,254.9,0.0025,sell,False,2022-11-10T06:29:07.129291+00:00
754,5399679403,255.25,0.0025,sell,False,2022-11-10T06:29:07.129291+00:00
755,5399679402,255.55,0.0025,sell,False,2022-11-10T06:29:07.129291+00:00
756,5399679401,255.9,0.0025,sell,False,2022-11-10T06:29:07.129291+00:00
757,5399679400,256.1,0.0475,sell,False,2022-11-10T06:29:07.129291+00:00
758,5399679399,256.25,0.0025,sell,False,2022-11-10T06:29:07.129291+00:00
759,5399679398,256.6,0.0025,sell,False,2022-11-10T06:29:07.129291+00:00
760,5399679397,256.9,0.0025,sell,False,2022-11-10T06:29:07.129291+00:00
761,5399679396,257.25,0.0025,sell,False,2022-11-10T06:29:07.129291+00:00
762,5399679395,257.6,0.0025,sell,False,2022-11-10T06:29:07.129291+00:00
763,5399679394,257.95,0.0025,sell,False,2022-11-10T06:29:07.129291+00:00
764,5399679393,258.25,0.0025,sell,False,2022-11-10T06:29:07.129291+00:00
765,5399679392,258.6,0.0025,sell,False,2022-11-10T06:29:07.129291+00:00
766,5399679391,258.95,0.0025,sell,False,2022-11-10T06:29:07.129291+00:00
767,5399679390,259.3,0.0025,sell,False,2022-11-10T06:29:07.129291+00:00
768,5399679389,259.6,0.0025,sell,False,2022-11-10T06:29:07.129291+00:00
769,5399679388,259.95,0.0025,sell,False,2022-11-10T06:29:07.129291+00:00
770,5399679387,260.3,0.0025,sell,False,2022-11-10T06:29:07.129291+00:00
771,5399679386,260.65,0.0025,sell,False,2022-11-10T06:29:07.129291+00:00
772,5399679385,260.95,0.0025,sell,False,2022-11-10T06:29:07.129291+00:00
773,5399679384,261.3,0.0025,sell,False,2022-11-10T06:29:07.129291+00:00
774,5399679383,261.65,0.0025,sell,False,2022-11-10T06:29:07.129291+00:00
775,5399679382,262.0,0.0025,sell,False,2022-11-10T06:29:07.129291+00:00
776,5399679381,262.3,0.0025,sell,False,2022-11-10T06:29:07.129291+00:00
777,5399679380,262.65,0.0025,sell,False,2022-11-10T06:29:07.129291+00:00
778,5399679379,263.0,0.0025,sell,False,2022-11-10T06:29:07.129291+00:00
779,5399679378,263.35,0.0025,sell,False,2022-11-10T06:29:07.129291+00:00
780,5399679377,263.65,0.0025,sell,False,2022-11-10T06:29:07.129291+00:00
781,5399679376,264.0,0.0025,sell,False,2022-11-10T06:29:07.129291+00:00
782,5399679375,264.35,0.0025,sell,False,2022-11-10T06:29:07.129291+00:00
783,5399679374,264.7,0.0025,sell,False,2022-11-10T06:29:07.129291+00:00
784,5399679373,265.0,0.0025,sell,False,2022-11-10T06:29:07.129291+00:00
785,5399679372,265.35,0.0025,sell,False,2022-11-10T06:29:07.129291+00:00
786,5399679371,265.7,0.0025,sell,False,2022-11-10T06:29:07.129291+00:00
787,5399679370,266.05,0.0025,sell,False,2022-11-10T06:29:07.129291+00:00
788,5399679369,266.35,0.0025,sell,False,2022-11-10T06:29:07.129291+00:00
789,5399679368,266.7,0.0025,sell,False,2022-11-10T06:29:07.129291+00:00
790,5399679367,267.05,0.0025,sell,False,2022-11-10T06:29:07.129291+00:00
791,5399679366,267.4,0.0025,sell,False,2022-11-10T06:29:07.129291+00:00
792,5399679365,267.7,0.0025,sell,False,2022-11-10T06:29:07.129291+00:00
793,5399679364,268.05,0.0025,sell,False,2022-11-10T06:29:07.129291+00:00
794,5399679363,268.4,0.0025,sell,False,2022-11-10T06:29:07.129291+00:00
795,5399679362,268.75,0.0025,sell,False,2022-11-10T06:29:07.129291+00:00
796,5399679361,269.05,0.0025,sell,False,2022-11-10T06:29:07.129291+00:00
797,5399679360,269.4,0.0025,sell,False,2022-11-10T06:29:07.129291+00:00
798,5399679359,269.75,0.0025,sell,False,2022-11-10T06:29:07.129291+00:00
799,5399679358,270.1,0.0025,sell,False,2022-11-10T06:29:07.129291+00:00
800,5399679357,270.45,0.0025,sell,False,2022-11-10T06:29:07.129291+00:00
801,5399679356,270.75,0.0025,sell,False,2022-11-10T06:29:07.129291+00:00
802,5399679355,271.1,0.0025,sell,False,2022-11-10T06:29:07.129291+00:00
803,5399679354,271.45,0.0025,sell,False,2022-11-10T06:29:07.129291+00:00
804,5399641527,271.8,0.0025,sell,False,2022-11-10T06:24:34.411488+00:00
805,5399641526,272.1,0.0025,sell,False,2022-11-10T06:24:34.411488+00:00
806,5399641525,272.45,0.0025,sell,False,2022-11-10T06:24:34.411488+00:00
807,5399641524,272.8,0.0025,sell,False,2022-11-10T06:24:34.411488+00:00
808,5399641523,273.15,0.0025,sell,False,2022-11-10T06:24:34.411488+00:00
809,5399639447,273.45,0.0025,sell,False,2022-11-10T06:24:18.479944+00:00
810,5399639446,273.8,0.0025,sell,False,2022-11-10T06:24:18.479944+00:00
811,5399639445,274.15,0.0025,sell,False,2022-11-10T06:24:18.479944+00:00
812,5399639444,274.5,0.0025,sell,False,2022-11-10T06:24:18.479944+00:00
813,5399639443,274.8,0.0025,sell,False,2022-11-10T06:24:18.479944+00:00
814,5399636094,275.15,0.0125,buy,False,2022-11-10T06:23:47.907745+00:00
815,5399634340,275.15,0.01,buy,False,2022-11-10T06:23:32.958048+00:00
816,5399634339,275.15,0.0025,buy,False,2022-11-10T06:23:32.958048+00:00
817,5399632010,250.0,6.065,sell,False,2022-11-10T06:23:08.047874+00:00
818,5399632009,260.0,8.44,sell,False,2022-11-10T06:23:08.047874+00:00
819,5399632008,261.05,0.0425,sell,False,2022-11-10T06:23:08.047874+00:00
820,5399632007,266.05,0.005,sell,False,2022-11-10T06:23:08.047874+00:00
821,5399632006,270.0,2.4475,sell,False,2022-11-10T06:23:08.047874+00:00
822,5399629522,270.0,2.0575,sell,False,2022-11-10T06:22:52.622367+00:00
823,5399629521,275.0,6.4425,sell,False,2022-11-10T06:22:52.622367+00:00
824,5399626635,275.0,0.0125,sell,False,2022-11-10T06:22:33.958979+00:00
825,5399624684,275.0,0.0125,sell,False,2022-11-10T06:22:17.938965+00:00
826,5399622898,274.8,0.0025,buy,False,2022-11-10T06:22:06.035132+00:00
827,5399622897,274.5,0.0025,buy,False,2022-11-10T06:22:06.035132+00:00
828,5399622896,274.15,0.0025,buy,False,2022-11-10T06:22:06.035132+00:00
829,5399622895,273.8,0.0025,buy,False,2022-11-10T06:22:06.035132+00:00
830,5399622894,273.45,0.0025,buy,False,2022-11-10T06:22:06.035132+00:00
831,5399622893,273.15,0.0025,buy,False,2022-11-10T06:22:06.035132+00:00
832,5399622892,272.8,0.0025,buy,False,2022-11-10T06:22:06.035132+00:00
833,5399622891,272.45,0.0025,buy,False,2022-11-10T06:22:06.035132+00:00
834,5399622890,272.1,0.0025,buy,False,2022-11-10T06:22:06.035132+00:00
835,5399622889,271.8,0.0025,buy,False,2022-11-10T06:22:06.035132+00:00
836,5399622888,271.45,0.0025,buy,False,2022-11-10T06:22:06.035132+00:00
837,5399622887,271.1,0.0025,buy,False,2022-11-10T06:22:06.035132+00:00
838,5399622886,270.75,0.0025,buy,False,2022-11-10T06:22:06.035132+00:00
839,5399622885,270.45,0.0025,buy,False,2022-11-10T06:22:06.035132+00:00
840,5399622884,270.1,0.01,buy,False,2022-11-10T06:22:06.035132+00:00
841,5399622883,270.1,0.0025,buy,False,2022-11-10T06:22:06.035132+00:00
842,5399622770,270.0,4.8825,sell,False,2022-11-10T06:22:04.743790+00:00
843,5399622508,270.0,0.0125,sell,False,2022-11-10T06:22:03.823686+00:00
844,5399621228,270.0,0.0125,sell,False,2022-11-10T06:21:47.994610+00:00
845,5399619582,270.0,0.0125,sell,False,2022-11-10T06:21:33.676354+00:00
846,5399619261,270.0,0.5125,sell,False,2022-11-10T06:21:30.773722+00:00
847,5399618277,270.0,0.0025,sell,False,2022-11-10T06:21:26.093694+00:00
848,5399618171,270.0,0.0025,sell,False,2022-11-10T06:21:25.467264+00:00
849,5399618114,270.0,0.0025,sell,False,2022-11-10T06:21:24.887033+00:00
850,5399618003,270.0,0.0025,sell,False,2022-11-10T06:21:24.270342+00:00
851,5399617900,270.0,0.0025,sell,False,2022-11-10T06:21:23.495739+00:00
852,5399617697,270.0,0.0025,sell,False,2022-11-10T06:21:22.001480+00:00
853,5399617603,270.0,0.0025,sell,False,2022-11-10T06:21:21.310597+00:00
854,5399617530,270.0,0.0025,sell,False,2022-11-10T06:21:20.290596+00:00
855,5399617437,270.0,0.0025,sell,False,2022-11-10T06:21:19.357803+00:00
856,5399617396,270.0,0.0025,sell,False,2022-11-10T06:21:18.879558+00:00
857,5399617347,270.0,0.0025,sell,False,2022-11-10T06:21:18.236885+00:00
858,5399617328,270.0,0.0125,sell,False,2022-11-10T06:21:17.891638+00:00
859,5399617314,270.0,0.0025,sell,False,2022-11-10T06:21:17.680103+00:00
860,5399617266,270.0,0.0025,sell,False,2022-11-10T06:21:16.938717+00:00
861,5399617233,270.0,0.0025,sell,False,2022-11-10T06:21:16.471710+00:00
862,5399617219,270.0,0.0025,sell,False,2022-11-10T06:21:16.002716+00:00
863,5399617201,270.0,0.0025,sell,False,2022-11-10T06:21:15.548568+00:00
864,5399617134,270.0,0.0025,sell,False,2022-11-10T06:21:14.973025+00:00
865,5399617072,270.0,0.0025,sell,False,2022-11-10T06:21:14.425642+00:00
866,5399617045,270.0,0.0025,sell,False,2022-11-10T06:21:13.925084+00:00
867,5399616992,270.0,0.0025,sell,False,2022-11-10T06:21:13.352267+00:00
868,5399616937,266.05,0.0025,sell,False,2022-11-10T06:21:12.927830+00:00
869,5399616905,266.05,0.0025,sell,False,2022-11-10T06:21:12.389943+00:00
870,5399616840,266.05,0.0025,sell,False,2022-11-10T06:21:11.869634+00:00
871,5399616719,266.05,0.0025,sell,False,2022-11-10T06:21:11.272036+00:00
872,5399616685,266.05,0.0025,sell,False,2022-11-10T06:21:10.607549+00:00
873,5399616639,266.05,0.0025,sell,False,2022-11-10T06:21:10.174349+00:00
874,5399616594,266.05,0.0025,sell,False,2022-11-10T06:21:09.735590+00:00
875,5399616309,266.05,0.0025,sell,False,2022-11-10T06:21:09.279596+00:00
876,5399616275,266.05,0.0025,sell,False,2022-11-10T06:21:08.753554+00:00
877,5399616165,266.05,0.0025,sell,False,2022-11-10T06:21:08.002753+00:00
878,5399616132,266.05,0.0025,sell,False,2022-11-10T06:21:07.494654+00:00
879,5399616069,266.05,0.0025,sell,False,2022-11-10T06:21:06.986229+00:00
880,5399616008,266.05,0.0025,sell,False,2022-11-10T06:21:06.576214+00:00
881,5399615987,266.05,0.0025,sell,False,2022-11-10T06:21:06.185751+00:00
882,5399615926,271.0,0.0025,sell,False,2022-11-10T06:21:05.634284+00:00
883,5399615851,271.0,0.0025,sell,False,2022-11-10T06:21:04.640092+00:00
884,5399615781,271.0,0.0025,sell,False,2022-11-10T06:21:03.797440+00:00
885,5399615747,271.0,0.0125,sell,False,2022-11-10T06:21:03.465683+00:00
886,5399615670,271.0,0.0025,sell,False,2022-11-10T06:21:02.417580+00:00
887,5399615614,271.0,0.0025,sell,False,2022-11-10T06:21:01.457096+00:00
888,5399615530,271.0,0.0025,sell,False,2022-11-10T06:21:00.796721+00:00
889,5399615485,271.0,0.0025,sell,False,2022-11-10T06:21:00.248784+00:00
890,5399615387,271.0,0.0025,sell,False,2022-11-10T06:20:59.544592+00:00
891,5399615368,271.0,0.0025,sell,False,2022-11-10T06:20:59.132371+00:00
892,5399615346,271.0,0.0025,sell,False,2022-11-10T06:20:58.475910+00:00
893,5399615332,260.0,0.0025,sell,False,2022-11-10T06:20:58.011352+00:00
894,5399615286,260.0,0.0025,sell,False,2022-11-10T06:20:57.466827+00:00
895,5399615223,260.0,0.0025,sell,False,2022-11-10T06:20:57.054898+00:00
896,5399615170,260.0,1.5175,sell,False,2022-11-10T06:20:56.647839+00:00
897,5399615169,276.0,0.03,sell,False,2022-11-10T06:20:56.647839+00:00
898,5399615159,276.0,0.0025,sell,False,2022-11-10T06:20:56.511147+00:00
899,5399615134,276.0,0.0025,sell,False,2022-11-10T06:20:56.144809+00:00
900,5399615090,276.0,0.0025,sell,False,2022-11-10T06:20:55.603183+00:00
901,5399615051,260.0,0.0025,sell,False,2022-11-10T06:20:55.158274+00:00
902,5399614975,260.0,0.0025,sell,False,2022-11-10T06:20:54.134658+00:00
903,5399614889,252.2,0.0025,buy,False,2022-11-10T06:20:53.637753+00:00
904,5399614888,251.85,0.0025,buy,False,2022-11-10T06:20:53.637753+00:00
905,5399614887,251.5,0.0025,buy,False,2022-11-10T06:20:53.637753+00:00
906,5399614886,251.15,0.0025,buy,False,2022-11-10T06:20:53.637753+00:00
907,5399614885,250.85,0.0025,buy,False,2022-11-10T06:20:53.637753+00:00
908,5399614884,250.5,0.0025,buy,False,2022-11-10T06:20:53.637753+00:00
909,5399614883,250.15,0.0125,buy,False,2022-11-10T06:20:53.637753+00:00
910,5399614882,250.15,0.0025,buy,False,2022-11-10T06:20:53.637753+00:00
911,5399614324,250.0,0.015,sell,False,2022-11-10T06:20:48.564543+00:00
912,5399614003,250.0,0.0025,sell,False,2022-11-10T06:20:46.481623+00:00
913,5399613961,250.0,0.0025,sell,False,2022-11-10T06:20:45.996632+00:00
914,5399613871,250.0,0.0025,sell,False,2022-11-10T06:20:45.335702+00:00
915,5399613736,250.0,0.0025,sell,False,2022-11-10T06:20:44.698230+00:00
916,5399613663,250.0,0.0025,sell,False,2022-11-10T06:20:44.116626+00:00
917,5399613637,250.0,0.0025,sell,False,2022-11-10T06:20:43.674484+00:00
918,5399613578,250.0,0.0025,sell,False,2022-11-10T06:20:43.155184+00:00
919,5399613529,250.0,0.0025,sell,False,2022-11-10T06:20:42.688868+00:00
920,5399613434,250.0,0.0025,sell,False,2022-11-10T06:20:42.198112+00:00
921,5399613345,250.0,0.0025,sell,False,2022-11-10T06:20:41.806448+00:00
922,5399613297,250.0,0.0025,sell,False,2022-11-10T06:20:41.353775+00:00
923,5399613224,250.0,0.0025,sell,False,2022-11-10T06:20:40.818222+00:00
924,5399613155,250.0,0.0025,sell,False,2022-11-10T06:20:40.284034+00:00
925,5399613091,250.0,0.0025,sell,False,2022-11-10T06:20:39.796312+00:00
926,5399613008,250.0,0.0025,sell,False,2022-11-10T06:20:39.222855+00:00
927,5399612885,250.0,0.0025,sell,False,2022-11-10T06:20:38.740730+00:00
928,5399612837,250.0,0.0025,sell,False,2022-11-10T06:20:38.403859+00:00
929,5399612778,250.0,0.0025,sell,False,2022-11-10T06:20:38.057067+00:00
930,5399612718,250.0,0.0025,sell,False,2022-11-10T06:20:37.656612+00:00
931,5399612694,250.0,0.0025,sell,False,2022-11-10T06:20:37.290775+00:00
932,5399612618,250.0,0.0025,sell,False,2022-11-10T06:20:36.698228+00:00
933,5399612566,250.0,0.0025,sell,False,2022-11-10T06:20:36.107373+00:00
934,5399612518,250.0,0.0025,sell,False,2022-11-10T06:20:35.728974+00:00
935,5399612467,250.0,0.0025,sell,False,2022-11-10T06:20:35.260623+00:00
936,5399612424,250.0,0.0025,sell,False,2022-11-10T06:20:34.697432+00:00
937,5399612332,250.0,0.0025,sell,False,2022-11-10T06:20:33.766113+00:00
938,5399612277,250.0,0.0025,sell,False,2022-11-10T06:20:33.311767+00:00
939,5399612271,250.0,0.015,sell,False,2022-11-10T06:20:33.251384+00:00
940,5399612191,250.0,0.0025,sell,False,2022-11-10T06:20:32.884937+00:00
941,5399612087,250.0,0.0025,sell,False,2022-11-10T06:20:32.282846+00:00
942,5399612038,250.0,0.0025,sell,False,2022-11-10T06:20:31.849811+00:00
943,5399611979,250.0,0.0025,sell,False,2022-11-10T06:20:31.330989+00:00
944,5399611923,250.0,0.0025,sell,False,2022-11-10T06:20:30.858208+00:00
945,5399611884,250.0,0.0025,sell,False,2022-11-10T06:20:30.444339+00:00
946,5399611842,250.0,0.0025,sell,False,2022-11-10T06:20:30.047658+00:00
947,5399611784,250.0,0.0025,sell,False,2022-11-10T06:20:29.601342+00:00
948,5399611723,250.0,0.0025,sell,False,2022-11-10T06:20:29.230135+00:00
949,5399611584,250.0,0.0025,sell,False,2022-11-10T06:20:28.659865+00:00
950,5399611501,250.0,0.0025,sell,False,2022-11-10T06:20:28.019273+00:00
951,5399611407,240.0,0.0025,sell,False,2022-11-10T06:20:27.576338+00:00
952,5399611297,240.0,0.0025,sell,False,2022-11-10T06:20:27.023516+00:00
953,5399611215,240.0,0.0025,sell,False,2022-11-10T06:20:26.585228+00:00
954,5399611062,240.0,0.0025,sell,False,2022-11-10T06:20:26.162817+00:00
955,5399611004,240.0,0.0025,sell,False,2022-11-10T06:20:25.421619+00:00
956,5399610934,240.0,0.0025,sell,False,2022-11-10T06:20:25.001131+00:00
957,5399610905,240.0,0.0025,sell,False,2022-11-10T06:20:24.642282+00:00
958,5399610865,240.0,0.0025,sell,False,2022-11-10T06:20:24.203081+00:00
959,5399610821,240.0,0.0025,sell,False,2022-11-10T06:20:23.876081+00:00
960,5399610770,240.0,0.0025,sell,False,2022-11-10T06:20:23.442552+00:00
961,5399610747,240.0,0.0025,sell,False,2022-11-10T06:20:23.091917+00:00
962,5399608841,228.3,0.2225,buy,False,2022-11-10T06:20:12.821844+00:00
963,5399601202,216.0,0.0575,buy,False,2022-11-10T06:19:34.831021+00:00
964,5399601201,216.0,0.5375,buy,False,2022-11-10T06:19:34.831021+00:00
965,5399601077,216.0,0.015,buy,False,2022-11-10T06:19:34.630932+00:00
966,5399600678,216.0,1.0,buy,False,2022-11-10T06:19:31.999191+00:00
967,5399599227,216.0,0.015,buy,False,2022-11-10T06:19:19.480374+00:00
968,5399596729,216.3,0.0125,sell,False,2022-11-10T06:18:57.276811+00:00
969,5399596728,216.3,0.045,sell,False,2022-11-10T06:18:57.276811+00:00
970,5399595776,229.95,0.0125,buy,False,2022-11-10T06:18:49.749581+00:00
971,5399584756,229.95,0.015,buy,False,2022-11-10T06:18:33.587552+00:00
972,5399582170,216.3,0.0125,sell,False,2022-11-10T06:18:04.415210+00:00
973,5399582093,279.9,0.0025,sell,False,2022-11-10T06:18:03.371027+00:00
974,5399581903,220.55,0.0525,sell,False,2022-11-10T06:18:00.641234+00:00
975,5399581902,224.85,0.05,sell,False,2022-11-10T06:18:00.641234+00:00
976,5399581901,276.85,0.0025,sell,False,2022-11-10T06:18:00.641234+00:00
977,5399581900,277.2,0.0025,sell,False,2022-11-10T06:18:00.641234+00:00
978,5399581899,277.5,0.0025,sell,False,2022-11-10T06:18:00.641234+00:00
979,5399581898,277.85,0.0025,sell,False,2022-11-10T06:18:00.641234+00:00
980,5399581897,278.2,0.0025,sell,False,2022-11-10T06:18:00.641234+00:00
981,5399581896,278.55,0.0025,sell,False,2022-11-10T06:18:00.641234+00:00
982,5399581895,278.85,0.0025,sell,False,2022-11-10T06:18:00.641234+00:00
983,5399581894,279.2,0.0025,sell,False,2022-11-10T06:18:00.641234+00:00
984,5399581893,279.55,0.0025,sell,False,2022-11-10T06:18:00.641234+00:00
985,5399581564,229.1,0.0475,sell,False,2022-11-10T06:17:57.648536+00:00
986,5399581563,233.4,0.045,sell,False,2022-11-10T06:17:57.648536+00:00
987,5399581562,276.15,0.0025,sell,False,2022-11-10T06:17:57.648536+00:00
988,5399581561,276.5,0.0025,sell,False,2022-11-10T06:17:57.648536+00:00
989,5399581250,243.85,0.0025,buy,False,2022-11-10T06:17:56.497752+00:00
990,5399581214,243.85,0.0025,buy,False,2022-11-10T06:17:56.036614+00:00
991,5399581181,243.85,0.0025,buy,False,2022-11-10T06:17:55.699687+00:00
992,5399581133,243.85,0.0025,buy,False,2022-11-10T06:17:55.322682+00:00
993,5399581096,243.85,0.0025,buy,False,2022-11-10T06:17:54.998385+00:00
994,5399581044,243.85,0.0025,buy,False,2022-11-10T06:17:54.602525+00:00
995,5399580989,243.85,0.0025,buy,False,2022-11-10T06:17:54.182169+00:00
996,5399580913,243.85,0.0025,buy,False,2022-11-10T06:17:53.825318+00:00
997,5399580883,243.85,0.0025,buy,False,2022-11-10T06:17:53.497299+00:00
998,5399580852,243.85,0.0025,buy,False,2022-11-10T06:17:53.186661+00:00
999,5399580760,243.85,0.0025,buy,False,2022-11-10T06:17:52.835702+00:00
1000,5399580690,243.85,0.0025,buy,False,2022-11-10T06:17:52.486006+00:00
1001,5399580662,243.85,0.0025,buy,False,2022-11-10T06:17:52.142483+00:00
1002,5399580640,270.45,0.0025,sell,False,2022-11-10T06:17:51.971715+00:00
1003,5399580639,270.75,0.0025,sell,False,2022-11-10T06:17:51.971715+00:00
1004,5399580638,271.1,0.0025,sell,False,2022-11-10T06:17:51.971715+00:00
1005,5399580637,271.45,0.0025,sell,False,2022-11-10T06:17:51.971715+00:00
1006,5399580485,237.7,0.0425,sell,False,2022-11-10T06:17:50.653652+00:00
1007,5399580484,259.3,0.0025,sell,False,2022-11-10T06:17:50.653652+00:00
1008,5399580483,259.6,0.0025,sell,False,2022-11-10T06:17:50.653652+00:00
1009,5399580482,259.95,0.0025,sell,False,2022-11-10T06:17:50.653652+00:00
1010,5399580481,260.3,0.0025,sell,False,2022-11-10T06:17:50.653652+00:00
1011,5399580480,260.65,0.0025,sell,False,2022-11-10T06:17:50.653652+00:00
1012,5399580479,260.95,0.0025,sell,False,2022-11-10T06:17:50.653652+00:00
1013,5399580478,261.3,0.0025,sell,False,2022-11-10T06:17:50.653652+00:00
1014,5399580477,261.65,0.0025,sell,False,2022-11-10T06:17:50.653652+00:00
1015,5399580476,262.0,0.0025,sell,False,2022-11-10T06:17:50.653652+00:00
1016,5399580475,262.3,0.0025,sell,False,2022-11-10T06:17:50.653652+00:00
1017,5399580474,262.65,0.0025,sell,False,2022-11-10T06:17:50.653652+00:00
1018,5399580473,263.0,0.0025,sell,False,2022-11-10T06:17:50.653652+00:00
1019,5399580472,263.35,0.0025,sell,False,2022-11-10T06:17:50.653652+00:00
1020,5399580471,263.65,0.0025,sell,False,2022-11-10T06:17:50.653652+00:00
1021,5399580470,264.0,0.0025,sell,False,2022-11-10T06:17:50.653652+00:00
1022,5399580469,264.35,0.0025,sell,False,2022-11-10T06:17:50.653652+00:00
1023,5399580468,264.7,0.0025,sell,False,2022-11-10T06:17:50.653652+00:00
1024,5399580467,265.0,0.0025,sell,False,2022-11-10T06:17:50.653652+00:00
1025,5399580466,265.35,0.0025,sell,False,2022-11-10T06:17:50.653652+00:00
1026,5399580465,265.7,0.0025,sell,False,2022-11-10T06:17:50.653652+00:00
1027,5399580464,266.05,0.0025,sell,False,2022-11-10T06:17:50.653652+00:00
1028,5399580463,266.35,0.0025,sell,False,2022-11-10T06:17:50.653652+00:00
1029,5399580462,266.7,0.0025,sell,False,2022-11-10T06:17:50.653652+00:00
1030,5399580461,267.05,0.0025,sell,False,2022-11-10T06:17:50.653652+00:00
1031,5399580460,267.4,0.0025,sell,False,2022-11-10T06:17:50.653652+00:00
1032,5399580459,267.7,0.0025,sell,False,2022-11-10T06:17:50.653652+00:00
1033,5399580458,269.75,0.0025,sell,False,2022-11-10T06:17:50.653652+00:00
1034,5399580457,270.1,0.0025,sell,False,2022-11-10T06:17:50.653652+00:00
1035,5399580348,268.05,0.0025,sell,False,2022-11-10T06:17:49.710952+00:00
1036,5399580347,268.4,0.0025,sell,False,2022-11-10T06:17:49.710952+00:00
1037,5399580346,268.75,0.0025,sell,False,2022-11-10T06:17:49.710952+00:00
1038,5399580345,269.05,0.0025,sell,False,2022-11-10T06:17:49.710952+00:00
1039,5399580344,269.4,0.0025,sell,False,2022-11-10T06:17:49.710952+00:00
1040,5399578633,237.7,0.0025,buy,False,2022-11-10T06:17:35.130295+00:00
1041,5399578589,237.7,0.0025,buy,False,2022-11-10T06:17:34.641125+00:00
1042,5399578564,237.7,0.0025,buy,False,2022-11-10T06:17:34.246941+00:00
1043,5399578520,237.7,0.0025,buy,False,2022-11-10T06:17:33.728620+00:00
1044,5399578475,237.7,0.0025,buy,False,2022-11-10T06:17:33.195944+00:00
1045,5399578443,237.7,0.0025,buy,False,2022-11-10T06:17:32.691751+00:00
1046,5399578386,237.7,0.0025,buy,False,2022-11-10T06:17:32.262492+00:00
1047,5399578326,237.7,0.0025,buy,False,2022-11-10T06:17:31.747614+00:00
1048,5399578261,237.7,0.0025,buy,False,2022-11-10T06:17:31.312177+00:00
1049,5399578206,237.7,0.0025,buy,False,2022-11-10T06:17:30.729228+00:00
1050,5399578136,237.7,0.0025,buy,False,2022-11-10T06:17:30.246269+00:00
1051,5399578056,237.7,0.0025,buy,False,2022-11-10T06:17:29.797253+00:00
1052,5399577923,237.7,0.0025,buy,False,2022-11-10T06:17:28.573815+00:00
1053,5399577890,237.7,0.0025,buy,False,2022-11-10T06:17:28.169076+00:00
1054,5399577854,237.7,0.0025,buy,False,2022-11-10T06:17:27.696004+00:00
1055,5399577815,237.7,0.0025,buy,False,2022-11-10T06:17:27.331299+00:00
1056,5399577767,253.2,0.0025,sell,False,2022-11-10T06:17:27.022880+00:00
1057,5399577766,253.55,0.0025,sell,False,2022-11-10T06:17:27.022880+00:00
1058,5399577653,231.55,0.0025,buy,False,2022-11-10T06:17:25.716217+00:00
1059,5399577589,231.55,0.0025,buy,False,2022-11-10T06:17:25.378754+00:00
1060,5399577555,231.55,0.0025,buy,False,2022-11-10T06:17:24.979582+00:00
1061,5399577530,231.55,0.0025,buy,False,2022-11-10T06:17:24.599999+00:00
1062,5399577482,231.55,0.0025,buy,False,2022-11-10T06:17:24.176677+00:00
1063,5399577213,231.55,0.0025,buy,False,2022-11-10T06:17:23.672852+00:00
1064,5399577181,231.55,0.0025,buy,False,2022-11-10T06:17:23.200623+00:00
1065,5399577163,231.55,0.0025,buy,False,2022-11-10T06:17:22.800724+00:00
1066,5399577137,231.55,0.0025,buy,False,2022-11-10T06:17:22.319635+00:00
1067,5399577095,231.55,0.0025,buy,False,2022-11-10T06:17:21.731808+00:00
1068,5399577060,231.55,0.0025,buy,False,2022-11-10T06:17:21.091954+00:00
1069,5399577020,231.55,0.0025,buy,False,2022-11-10T06:17:20.433481+00:00
1070,5399576975,231.55,0.0025,buy,False,2022-11-10T06:17:19.647093+00:00
1071,5399576934,231.55,0.0025,buy,False,2022-11-10T06:17:19.168583+00:00
1072,5399576899,231.55,0.0025,buy,False,2022-11-10T06:17:18.786340+00:00
1073,5399576897,231.55,0.045,buy,False,2022-11-10T06:17:18.697337+00:00
1074,5399576883,231.55,0.0025,buy,False,2022-11-10T06:17:18.327375+00:00
1075,5399576734,231.55,0.0025,buy,False,2022-11-10T06:17:17.607385+00:00
1076,5399576706,231.55,0.0025,buy,False,2022-11-10T06:17:17.089951+00:00
1077,5399576680,231.55,0.0025,buy,False,2022-11-10T06:17:16.497727+00:00
1078,5399576640,231.55,0.0025,buy,False,2022-11-10T06:17:15.864703+00:00
1079,5399576597,231.55,0.0025,buy,False,2022-11-10T06:17:15.335909+00:00
1080,5399576500,231.55,0.0025,buy,False,2022-11-10T06:17:14.946271+00:00
1081,5399576443,231.55,0.0025,buy,False,2022-11-10T06:17:14.558022+00:00
1082,5399576403,231.55,0.0025,buy,False,2022-11-10T06:17:14.184909+00:00
1083,5399576357,231.55,0.0025,buy,False,2022-11-10T06:17:13.731943+00:00
1084,5399576327,231.55,0.0025,buy,False,2022-11-10T06:17:13.250973+00:00
1085,5399576316,231.55,0.0025,buy,False,2022-11-10T06:17:12.824803+00:00
1086,5399576307,231.55,0.0025,buy,False,2022-11-10T06:17:12.410071+00:00
1087,5399576291,231.55,0.0025,buy,False,2022-11-10T06:17:11.918791+00:00
1088,5399576269,231.55,0.0025,buy,False,2022-11-10T06:17:11.476629+00:00
1089,5399576203,231.55,0.0025,buy,False,2022-11-10T06:17:10.654483+00:00
1090,5399576133,231.55,0.0025,buy,False,2022-11-10T06:17:10.293863+00:00
1091,5399576108,231.55,0.0025,buy,False,2022-11-10T06:17:09.899099+00:00
1092,5399576058,231.55,0.0025,buy,False,2022-11-10T06:17:09.443923+00:00
1093,5399575991,231.55,0.0025,buy,False,2022-11-10T06:17:09.013082+00:00
1094,5399575911,231.55,0.0025,buy,False,2022-11-10T06:17:08.553761+00:00
1095,5399575881,231.55,0.0025,buy,False,2022-11-10T06:17:08.120290+00:00
1096,5399575863,231.55,0.0025,buy,False,2022-11-10T06:17:07.718090+00:00
1097,5399575822,231.55,0.0025,buy,False,2022-11-10T06:17:07.303577+00:00
1098,5399575778,231.55,0.0025,buy,False,2022-11-10T06:17:06.715096+00:00
1099,5399575743,231.55,0.0025,buy,False,2022-11-10T06:17:06.224770+00:00
1100,5399575691,231.55,0.0025,buy,False,2022-11-10T06:17:05.799741+00:00
1101,5399575609,231.55,0.0025,buy,False,2022-11-10T06:17:05.167369+00:00
1102,5399575573,231.55,0.0025,buy,False,2022-11-10T06:17:04.871516+00:00
1103,5399575547,231.55,0.0025,buy,False,2022-11-10T06:17:04.461153+00:00
1104,5399575485,231.55,0.0025,buy,False,2022-11-10T06:17:04.096315+00:00
1105,5399575459,231.55,0.0025,buy,False,2022-11-10T06:17:03.722572+00:00
1106,5399575433,231.55,0.0025,buy,False,2022-11-10T06:17:03.380390+00:00
1107,5399575404,231.55,0.0025,buy,False,2022-11-10T06:17:03.028257+00:00
1108,5399575374,231.55,0.0025,buy,False,2022-11-10T06:17:02.652090+00:00
1109,5399575327,231.55,0.0025,buy,False,2022-11-10T06:17:02.230931+00:00
1110,5399575104,231.55,0.0025,buy,False,2022-11-10T06:17:01.691374+00:00
1111,5399575068,231.55,0.0025,buy,False,2022-11-10T06:17:01.329206+00:00
1112,5399575050,231.55,0.0025,buy,False,2022-11-10T06:17:00.942865+00:00
1113,5399575007,231.55,0.0025,buy,False,2022-11-10T06:17:00.507650+00:00
1114,5399574979,231.55,0.0025,buy,False,2022-11-10T06:17:00.149686+00:00
1115,5399574948,231.55,0.0025,buy,False,2022-11-10T06:16:59.772826+00:00
1116,5399574846,231.55,0.0025,buy,False,2022-11-10T06:16:59.402781+00:00
1117,5399574796,231.55,0.0025,buy,False,2022-11-10T06:16:59.037464+00:00
1118,5399567009,231.55,0.0125,buy,False,2022-11-10T06:15:49.426710+00:00
1119,5399564840,231.55,0.015,buy,False,2022-11-10T06:15:33.916116+00:00
1120,5399559909,223.85,0.06,sell,False,2022-11-10T06:14:49.723254+00:00
1121,5399559908,228.5,0.0575,sell,False,2022-11-10T06:14:49.723254+00:00
1122,5399559831,280.2,0.0025,buy,False,2022-11-10T06:14:48.953433+00:00
1123,5399559830,279.9,0.0025,buy,False,2022-11-10T06:14:48.953433+00:00
1124,5399559829,279.55,0.0025,buy,False,2022-11-10T06:14:48.953433+00:00
1125,5399559828,279.2,0.0025,buy,False,2022-11-10T06:14:48.953433+00:00
1126,5399559827,279.0,1.0,buy,False,2022-11-10T06:14:48.953433+00:00
1127,5399559826,278.85,0.0025,buy,False,2022-11-10T06:14:48.953433+00:00
1128,5399559825,278.55,0.0025,buy,False,2022-11-10T06:14:48.953433+00:00
1129,5399559824,278.2,0.0025,buy,False,2022-11-10T06:14:48.953433+00:00
1130,5399559823,277.85,0.0025,buy,False,2022-11-10T06:14:48.953433+00:00
1131,5399559822,277.5,0.0025,buy,False,2022-11-10T06:14:48.953433+00:00
1132,5399559821,277.2,0.0025,buy,False,2022-11-10T06:14:48.953433+00:00
1133,5399559820,276.85,0.0025,buy,False,2022-11-10T06:14:48.953433+00:00
1134,5399559819,276.5,0.0025,buy,False,2022-11-10T06:14:48.953433+00:00
1135,5399559818,276.15,0.0025,buy,False,2022-11-10T06:14:48.953433+00:00
1136,5399559817,276.0,1.0,buy,False,2022-11-10T06:14:48.953433+00:00
1137,5399559816,275.85,0.0025,buy,False,2022-11-10T06:14:48.953433+00:00
1138,5399559815,275.5,0.0025,buy,False,2022-11-10T06:14:48.953433+00:00
1139,5399559814,275.15,0.0025,buy,False,2022-11-10T06:14:48.953433+00:00
1140,5399559813,274.8,0.0025,buy,False,2022-11-10T06:14:48.953433+00:00
1141,5399559812,274.5,0.0025,buy,False,2022-11-10T06:14:48.953433+00:00
1142,5399559811,274.15,0.0025,buy,False,2022-11-10T06:14:48.953433+00:00
1143,5399559810,273.8,0.0025,buy,False,2022-11-10T06:14:48.953433+00:00
1144,5399559809,273.45,0.0025,buy,False,2022-11-10T06:14:48.953433+00:00
1145,5399559808,273.15,0.0025,buy,False,2022-11-10T06:14:48.953433+00:00
1146,5399559807,272.8,0.0025,buy,False,2022-11-10T06:14:48.953433+00:00
1147,5399559806,272.45,0.0025,buy,False,2022-11-10T06:14:48.953433+00:00
1148,5399559805,272.1,0.0025,buy,False,2022-11-10T06:14:48.953433+00:00
1149,5399559804,272.0,0.1275,buy,False,2022-11-10T06:14:48.953433+00:00
1150,5399559803,271.8,0.0025,buy,False,2022-11-10T06:14:48.953433+00:00
1151,5399559802,271.45,0.0025,buy,False,2022-11-10T06:14:48.953433+00:00
1152,5399559801,271.1,0.0025,buy,False,2022-11-10T06:14:48.953433+00:00
1153,5399559800,270.75,0.0025,buy,False,2022-11-10T06:14:48.953433+00:00
1154,5399559799,270.45,0.0025,buy,False,2022-11-10T06:14:48.953433+00:00
1155,5399559798,270.1,0.0025,buy,False,2022-11-10T06:14:48.953433+00:00
1156,5399559797,269.75,0.0025,buy,False,2022-11-10T06:14:48.953433+00:00
1157,5399559796,269.4,0.0025,buy,False,2022-11-10T06:14:48.953433+00:00
1158,5399559795,269.05,0.0025,buy,False,2022-11-10T06:14:48.953433+00:00
1159,5399559794,268.75,0.0025,buy,False,2022-11-10T06:14:48.953433+00:00
1160,5399559793,268.4,0.0025,buy,False,2022-11-10T06:14:48.953433+00:00
1161,5399559792,268.05,0.0025,buy,False,2022-11-10T06:14:48.953433+00:00
1162,5399559791,267.7,0.0025,buy,False,2022-11-10T06:14:48.953433+00:00
1163,5399559790,267.4,0.0025,buy,False,2022-11-10T06:14:48.953433+00:00
1164,5399559789,267.05,0.0025,buy,False,2022-11-10T06:14:48.953433+00:00
1165,5399559788,266.7,0.0025,buy,False,2022-11-10T06:14:48.953433+00:00
1166,5399559787,266.35,0.0025,buy,False,2022-11-10T06:14:48.953433+00:00
1167,5399559786,266.05,0.0025,buy,False,2022-11-10T06:14:48.953433+00:00
1168,5399559785,265.7,0.0025,buy,False,2022-11-10T06:14:48.953433+00:00
1169,5399559784,265.35,0.0025,buy,False,2022-11-10T06:14:48.953433+00:00
1170,5399559783,265.0,0.0025,buy,False,2022-11-10T06:14:48.953433+00:00
1171,5399559782,264.7,0.0025,buy,False,2022-11-10T06:14:48.953433+00:00
1172,5399559781,264.35,0.0025,buy,False,2022-11-10T06:14:48.953433+00:00
1173,5399559780,264.0,0.0025,buy,False,2022-11-10T06:14:48.953433+00:00
1174,5399559779,263.65,0.0025,buy,False,2022-11-10T06:14:48.953433+00:00
1175,5399559778,263.35,0.0025,buy,False,2022-11-10T06:14:48.953433+00:00
1176,5399559777,263.0,0.0025,buy,False,2022-11-10T06:14:48.953433+00:00
1177,5399559776,262.65,0.0025,buy,False,2022-11-10T06:14:48.953433+00:00
1178,5399559775,262.3,0.0025,buy,False,2022-11-10T06:14:48.953433+00:00
1179,5399559774,262.0,1.0,buy,False,2022-11-10T06:14:48.953433+00:00
1180,5399559773,262.0,0.0025,buy,False,2022-11-10T06:14:48.953433+00:00
1181,5399559772,261.65,0.0025,buy,False,2022-11-10T06:14:48.953433+00:00
1182,5399559771,261.3,0.0025,buy,False,2022-11-10T06:14:48.953433+00:00
1183,5399559770,260.95,0.0025,buy,False,2022-11-10T06:14:48.953433+00:00
1184,5399559769,260.65,0.0025,buy,False,2022-11-10T06:14:48.953433+00:00
1185,5399559768,260.3,0.0025,buy,False,2022-11-10T06:14:48.953433+00:00
1186,5399559767,259.95,0.0025,buy,False,2022-11-10T06:14:48.953433+00:00
1187,5399559766,259.6,0.0025,buy,False,2022-11-10T06:14:48.953433+00:00
1188,5399559765,259.3,0.0025,buy,False,2022-11-10T06:14:48.953433+00:00
1189,5399559764,258.95,0.0025,buy,False,2022-11-10T06:14:48.953433+00:00
1190,5399559763,258.6,0.0025,buy,False,2022-11-10T06:14:48.953433+00:00
1191,5399559762,258.25,0.0025,buy,False,2022-11-10T06:14:48.953433+00:00
1192,5399559761,257.95,0.0025,buy,False,2022-11-10T06:14:48.953433+00:00
1193,5399559760,257.6,0.0025,buy,False,2022-11-10T06:14:48.953433+00:00
1194,5399559759,257.25,0.0025,buy,False,2022-11-10T06:14:48.953433+00:00
1195,5399559758,256.9,0.895,buy,False,2022-11-10T06:14:48.953433+00:00
1196,5399559757,256.9,0.0025,buy,False,2022-11-10T06:14:48.953433+00:00
1197,5399559756,256.6,0.0025,buy,False,2022-11-10T06:14:48.953433+00:00
1198,5399559755,256.25,0.0025,buy,False,2022-11-10T06:14:48.953433+00:00
1199,5399559754,255.9,0.0025,buy,False,2022-11-10T06:14:48.953433+00:00
1200,5399559753,255.55,0.0025,buy,False,2022-11-10T06:14:48.953433+00:00
1201,5399559752,255.3,2.1175,buy,False,2022-11-10T06:14:48.953433+00:00
1202,5399559751,255.25,0.0025,buy,False,2022-11-10T06:14:48.953433+00:00
1203,5399559750,254.9,0.0025,buy,False,2022-11-10T06:14:48.953433+00:00
1204,5399559749,254.55,0.0025,buy,False,2022-11-10T06:14:48.953433+00:00
1205,5399559748,254.2,0.0025,buy,False,2022-11-10T06:14:48.953433+00:00
1206,5399559747,253.9,0.0025,buy,False,2022-11-10T06:14:48.953433+00:00
1207,5399559746,253.55,0.0025,buy,False,2022-11-10T06:14:48.953433+00:00
1208,5399559745,253.2,0.0025,buy,False,2022-11-10T06:14:48.953433+00:00
1209,5399559744,252.85,0.0025,buy,False,2022-11-10T06:14:48.953433+00:00
1210,5399559743,252.55,0.0025,buy,False,2022-11-10T06:14:48.953433+00:00
1211,5399559742,252.2,0.0025,buy,False,2022-11-10T06:14:48.953433+00:00
1212,5399559741,251.85,0.0025,buy,False,2022-11-10T06:14:48.953433+00:00
1213,5399559740,251.5,0.0025,buy,False,2022-11-10T06:14:48.953433+00:00
1214,5399559739,251.15,0.0025,buy,False,2022-11-10T06:14:48.953433+00:00
1215,5399559738,250.85,0.0025,buy,False,2022-11-10T06:14:48.953433+00:00
1216,5399559737,250.5,0.0025,buy,False,2022-11-10T06:14:48.953433+00:00
1217,5399559736,250.15,0.0025,buy,False,2022-11-10T06:14:48.953433+00:00
1218,5399559735,250.1,0.275,buy,False,2022-11-10T06:14:48.953433+00:00
1219,5399559734,250.05,0.3725,buy,False,2022-11-10T06:14:48.953433+00:00
1220,5399559733,249.8,0.0025,buy,False,2022-11-10T06:14:48.953433+00:00
1221,5399559732,249.5,0.0025,buy,False,2022-11-10T06:14:48.953433+00:00
1222,5399559731,248.8,0.0025,buy,False,2022-11-10T06:14:48.953433+00:00
1223,5399559730,248.45,0.0025,buy,False,2022-11-10T06:14:48.953433+00:00
1224,5399559729,248.15,0.0025,buy,False,2022-11-10T06:14:48.953433+00:00
1225,5399559728,247.8,0.0025,buy,False,2022-11-10T06:14:48.953433+00:00
1226,5399559727,247.45,0.0025,buy,False,2022-11-10T06:14:48.953433+00:00
1227,5399559726,247.1,0.0025,buy,False,2022-11-10T06:14:48.953433+00:00
1228,5399559725,246.8,0.0025,buy,False,2022-11-10T06:14:48.953433+00:00
1229,5399559724,246.45,0.0025,buy,False,2022-11-10T06:14:48.953433+00:00
1230,5399559723,246.1,0.0025,buy,False,2022-11-10T06:14:48.953433+00:00
1231,5399559722,245.75,0.0025,buy,False,2022-11-10T06:14:48.953433+00:00
1232,5399559721,245.45,0.0025,buy,False,2022-11-10T06:14:48.953433+00:00
1233,5399559720,245.1,0.0025,buy,False,2022-11-10T06:14:48.953433+00:00
1234,5399559719,244.75,0.0025,buy,False,2022-11-10T06:14:48.953433+00:00
1235,5399559718,244.4,0.0025,buy,False,2022-11-10T06:14:48.953433+00:00
1236,5399559717,244.1,0.0025,buy,False,2022-11-10T06:14:48.953433+00:00
1237,5399559716,243.75,0.0025,buy,False,2022-11-10T06:14:48.953433+00:00
1238,5399559715,243.4,0.0025,buy,False,2022-11-10T06:14:48.953433+00:00
1239,5399559714,243.05,0.0025,buy,False,2022-11-10T06:14:48.953433+00:00
1240,5399559713,242.75,0.0025,buy,False,2022-11-10T06:14:48.953433+00:00
1241,5399559712,242.4,0.0025,buy,False,2022-11-10T06:14:48.953433+00:00
1242,5399559711,242.05,0.0025,buy,False,2022-11-10T06:14:48.953433+00:00
1243,5399559710,241.7,0.0025,buy,False,2022-11-10T06:14:48.953433+00:00
1244,5399559709,241.4,0.0025,buy,False,2022-11-10T06:14:48.953433+00:00
1245,5399559708,241.05,0.0025,buy,False,2022-11-10T06:14:48.953433+00:00
1246,5399559707,240.7,0.0025,buy,False,2022-11-10T06:14:48.953433+00:00
1247,5399559706,240.35,0.0025,buy,False,2022-11-10T06:14:48.953433+00:00
1248,5399559705,240.05,0.0025,buy,False,2022-11-10T06:14:48.953433+00:00
1249,5399559704,239.7,0.0025,buy,False,2022-11-10T06:14:48.953433+00:00
1250,5399559703,239.35,0.0025,buy,False,2022-11-10T06:14:48.953433+00:00
1251,5399559702,239.0,0.0025,buy,False,2022-11-10T06:14:48.953433+00:00
1252,5399559701,238.7,0.0025,buy,False,2022-11-10T06:14:48.953433+00:00
1253,5399559700,238.35,0.0025,buy,False,2022-11-10T06:14:48.953433+00:00
1254,5399559699,238.0,0.0025,buy,False,2022-11-10T06:14:48.953433+00:00
1255,5399559698,237.65,0.0025,buy,False,2022-11-10T06:14:48.953433+00:00
1256,5399559697,237.35,0.0025,buy,False,2022-11-10T06:14:48.953433+00:00
1257,5399559696,237.0,0.0025,buy,False,2022-11-10T06:14:48.953433+00:00
1258,5399559695,236.65,0.0025,buy,False,2022-11-10T06:14:48.953433+00:00
1259,5399559694,236.3,0.0025,buy,False,2022-11-10T06:14:48.953433+00:00
1260,5399559693,236.0,0.0025,buy,False,2022-11-10T06:14:48.953433+00:00
1261,5399559692,235.65,0.0025,buy,False,2022-11-10T06:14:48.953433+00:00
1262,5399559691,235.3,0.0025,buy,False,2022-11-10T06:14:48.953433+00:00
1263,5399559690,234.95,0.0025,buy,False,2022-11-10T06:14:48.953433+00:00
1264,5399559689,234.65,0.0025,buy,False,2022-11-10T06:14:48.953433+00:00
1265,5399559688,234.3,0.0025,buy,False,2022-11-10T06:14:48.953433+00:00
1266,5399559687,233.95,0.0025,buy,False,2022-11-10T06:14:48.953433+00:00
1267,5399559686,233.6,0.0025,buy,False,2022-11-10T06:14:48.953433+00:00
1268,5399448959,233.1,0.0525,sell,False,2022-11-10T05:57:48.017493+00:00
1269,5399448958,233.3,0.0025,sell,False,2022-11-10T05:57:48.017493+00:00
1270,5399448957,233.6,0.0025,sell,False,2022-11-10T05:57:48.017493+00:00
1271,5399448956,233.95,0.0025,sell,False,2022-11-10T05:57:48.017493+00:00
1272,5399448955,234.3,0.0025,sell,False,2022-11-10T05:57:48.017493+00:00
1273,5399448954,234.65,0.0025,sell,False,2022-11-10T05:57:48.017493+00:00
1274,5399448953,234.95,0.0025,sell,False,2022-11-10T05:57:48.017493+00:00
1275,5399448952,235.3,0.0025,sell,False,2022-11-10T05:57:48.017493+00:00
1276,5399448951,235.65,0.0025,sell,False,2022-11-10T05:57:48.017493+00:00
1277,5399448950,236.0,0.0025,sell,False,2022-11-10T05:57:48.017493+00:00
1278,5399448949,236.3,0.0025,sell,False,2022-11-10T05:57:48.017493+00:00
1279,5399448948,236.65,0.0025,sell,False,2022-11-10T05:57:48.017493+00:00
1280,5399448947,237.0,0.0025,sell,False,2022-11-10T05:57:48.017493+00:00
1281,5399448946,237.35,0.0025,sell,False,2022-11-10T05:57:48.017493+00:00
1282,5399448945,237.7,0.0175,sell,False,2022-11-10T05:57:48.017493+00:00
1283,5399339921,237.7,0.0025,sell,False,2022-11-10T05:40:03.928317+00:00
1284,5399339887,237.7,0.0025,sell,False,2022-11-10T05:40:03.377540+00:00
1285,5399339845,237.7,0.0025,sell,False,2022-11-10T05:40:02.784304+00:00
1286,5399339804,237.7,0.0025,sell,False,2022-11-10T05:40:02.117084+00:00
1287,5399339761,237.7,0.0025,sell,False,2022-11-10T05:40:01.063072+00:00
1288,5399339727,237.7,0.0025,sell,False,2022-11-10T05:40:00.186309+00:00
1289,5399339668,237.7,0.0025,sell,False,2022-11-10T05:39:59.022046+00:00
1290,5399339644,237.7,0.0025,sell,False,2022-11-10T05:39:58.557317+00:00
1291,5399339634,237.7,0.0025,sell,False,2022-11-10T05:39:58.219133+00:00
1292,5399339615,237.7,0.0025,sell,False,2022-11-10T05:39:57.879189+00:00
1293,5399339582,237.7,0.0025,sell,False,2022-11-10T05:39:57.515683+00:00
1294,5399339561,237.7,0.0025,sell,False,2022-11-10T05:39:57.134607+00:00
1295,5399339519,237.7,0.0025,sell,False,2022-11-10T05:39:56.640412+00:00
1296,5399338210,249.15,0.0125,buy,False,2022-11-10T05:39:34.700564+00:00
1297,5399336952,249.15,0.0125,buy,False,2022-11-10T05:39:18.936662+00:00
1298,5399336951,249.15,0.0025,buy,False,2022-11-10T05:39:18.936662+00:00
1299,5399334432,233.3,0.0025,sell,False,2022-11-10T05:38:51.696676+00:00
1300,5399334431,233.6,0.0025,sell,False,2022-11-10T05:38:51.696676+00:00
1301,5399334430,233.95,0.0025,sell,False,2022-11-10T05:38:51.696676+00:00
1302,5399334429,234.3,0.0025,sell,False,2022-11-10T05:38:51.696676+00:00
1303,5399334428,234.65,0.0025,sell,False,2022-11-10T05:38:51.696676+00:00
1304,5399334427,234.95,0.0025,sell,False,2022-11-10T05:38:51.696676+00:00
1305,5399334426,235.3,0.0025,sell,False,2022-11-10T05:38:51.696676+00:00
1306,5399334425,235.65,0.0025,sell,False,2022-11-10T05:38:51.696676+00:00
1307,5399334424,236.0,0.0025,sell,False,2022-11-10T05:38:51.696676+00:00
1308,5399334423,236.3,0.0025,sell,False,2022-11-10T05:38:51.696676+00:00
1309,5399334422,236.65,0.0025,sell,False,2022-11-10T05:38:51.696676+00:00
1310,5399334421,237.0,0.0025,sell,False,2022-11-10T05:38:51.696676+00:00
1311,5399334420,237.35,0.0025,sell,False,2022-11-10T05:38:51.696676+00:00
1312,5399334419,237.65,0.0025,sell,False,2022-11-10T05:38:51.696676+00:00
1313,5399334418,238.0,0.0025,sell,False,2022-11-10T05:38:51.696676+00:00
1314,5399334417,238.35,0.0025,sell,False,2022-11-10T05:38:51.696676+00:00
1315,5399334416,238.7,0.0025,sell,False,2022-11-10T05:38:51.696676+00:00
1316,5399334415,239.0,0.0025,sell,False,2022-11-10T05:38:51.696676+00:00
1317,5399334414,239.35,0.0025,sell,False,2022-11-10T05:38:51.696676+00:00
1318,5399334413,239.7,0.0025,sell,False,2022-11-10T05:38:51.696676+00:00
1319,5399334412,240.05,0.0025,sell,False,2022-11-10T05:38:51.696676+00:00
1320,5399334411,240.35,0.0025,sell,False,2022-11-10T05:38:51.696676+00:00
1321,5399334410,240.7,0.0025,sell,False,2022-11-10T05:38:51.696676+00:00
1322,5399334409,241.05,0.0025,sell,False,2022-11-10T05:38:51.696676+00:00
1323,5399334408,241.4,0.0025,sell,False,2022-11-10T05:38:51.696676+00:00
1324,5399334407,241.7,0.0025,sell,False,2022-11-10T05:38:51.696676+00:00
1325,5399334406,242.05,0.0025,sell,False,2022-11-10T05:38:51.696676+00:00
1326,5399334405,242.3,0.0475,sell,False,2022-11-10T05:38:51.696676+00:00
1327,5399334404,242.4,0.0025,sell,False,2022-11-10T05:38:51.696676+00:00
1328,5399334403,242.75,0.0025,sell,False,2022-11-10T05:38:51.696676+00:00
1329,5399334402,243.05,0.0025,sell,False,2022-11-10T05:38:51.696676+00:00
1330,5399334401,243.4,0.0025,sell,False,2022-11-10T05:38:51.696676+00:00
1331,5399334400,243.75,0.0025,sell,False,2022-11-10T05:38:51.696676+00:00
1332,5399334399,244.1,0.0025,sell,False,2022-11-10T05:38:51.696676+00:00
1333,5399334398,244.4,0.0025,sell,False,2022-11-10T05:38:51.696676+00:00
1334,5399334397,244.75,0.0025,sell,False,2022-11-10T05:38:51.696676+00:00
1335,5399334396,245.1,0.0025,sell,False,2022-11-10T05:38:51.696676+00:00
1336,5399334395,245.45,0.0025,sell,False,2022-11-10T05:38:51.696676+00:00
1337,5399334394,245.75,0.0025,sell,False,2022-11-10T05:38:51.696676+00:00
1338,5399334393,246.1,0.0025,sell,False,2022-11-10T05:38:51.696676+00:00
1339,5399334392,246.45,0.0025,sell,False,2022-11-10T05:38:51.696676+00:00
1340,5399334391,246.8,0.0025,sell,False,2022-11-10T05:38:51.696676+00:00
1341,5399334390,246.9,0.045,sell,False,2022-11-10T05:38:51.696676+00:00
1342,5399334389,247.1,0.0025,sell,False,2022-11-10T05:38:51.696676+00:00
1343,5399334388,247.45,0.0025,sell,False,2022-11-10T05:38:51.696676+00:00
1344,5399334387,247.8,0.0025,sell,False,2022-11-10T05:38:51.696676+00:00
1345,5399334386,248.15,0.0025,sell,False,2022-11-10T05:38:51.696676+00:00
1346,5399334385,248.45,0.0025,sell,False,2022-11-10T05:38:51.696676+00:00
1347,5399331508,248.8,0.0025,sell,False,2022-11-10T05:38:08.753094+00:00
1348,5399331507,249.15,0.0025,sell,False,2022-11-10T05:38:08.753094+00:00
1349,5399331506,249.5,0.0025,sell,False,2022-11-10T05:38:08.753094+00:00
1350,5399331505,249.8,0.0025,sell,False,2022-11-10T05:38:08.753094+00:00
1351,5399331504,250.15,0.0025,sell,False,2022-11-10T05:38:08.753094+00:00
1352,5399331503,250.5,0.0025,sell,False,2022-11-10T05:38:08.753094+00:00
1353,5399331502,250.85,0.0025,sell,False,2022-11-10T05:38:08.753094+00:00
1354,5399331501,251.15,0.0025,sell,False,2022-11-10T05:38:08.753094+00:00
1355,5399331500,251.5,0.0025,sell,False,2022-11-10T05:38:08.753094+00:00
1356,5399331499,251.55,0.035,sell,False,2022-11-10T05:38:08.753094+00:00
1357,5399331498,251.85,0.0025,sell,False,2022-11-10T05:38:08.753094+00:00
1358,5399331497,252.2,0.0025,sell,False,2022-11-10T05:38:08.753094+00:00
1359,5399331496,252.55,0.0025,sell,False,2022-11-10T05:38:08.753094+00:00
1360,5399331495,252.85,0.0025,sell,False,2022-11-10T05:38:08.753094+00:00
1361,5399331494,253.2,0.0025,sell,False,2022-11-10T05:38:08.753094+00:00
1362,5399319227,253.55,0.0025,sell,False,2022-11-10T05:35:59.143774+00:00
1363,5399319226,253.55,8.9475,sell,False,2022-11-10T05:35:59.143774+00:00
1364,5399318755,253.55,1.015,sell,False,2022-11-10T05:35:52.681224+00:00
1365,5399318754,253.9,0.0025,sell,False,2022-11-10T05:35:52.681224+00:00
1366,5399318753,254.2,0.0025,sell,False,2022-11-10T05:35:52.681224+00:00
1367,5399318752,254.55,0.0025,sell,False,2022-11-10T05:35:52.681224+00:00
1368,5399318751,254.9,0.0025,sell,False,2022-11-10T05:35:52.681224+00:00
