,id,price,size,side,liquidation,time
0,5400685332,128.0,145.178,sell,False,2022-11-10T08:25:15.891873+00:00
1,5400685331,130.0,1.909,sell,False,2022-11-10T08:25:15.891873+00:00
2,5400685330,130.0,10.0,sell,False,2022-11-10T08:25:15.891873+00:00
3,5400685329,130.0,0.076,sell,False,2022-11-10T08:25:15.891873+00:00
4,5400685328,130.0,0.076,sell,False,2022-11-10T08:25:15.891873+00:00
5,5400685327,140.0,10.0,sell,False,2022-11-10T08:25:15.891873+00:00
6,5400685326,150.0,28.364,sell,False,2022-11-10T08:25:15.891873+00:00
7,5400486524,150.0,1.63,sell,False,2022-11-10T08:00:53.469898+00:00
8,5400433028,150.0,9.429,sell,False,2022-11-10T07:54:53.770861+00:00
9,5400426130,150.0,11.957,sell,False,2022-11-10T07:53:57.268859+00:00
10,5400381022,150.0,0.767,sell,False,2022-11-10T07:49:01.248615+00:00
11,5400314314,150.0,0.432,sell,False,2022-11-10T07:40:05.102198+00:00
12,5400314313,150.0,0.116,sell,False,2022-11-10T07:40:05.102198+00:00
13,5400314312,150.01,0.103,sell,False,2022-11-10T07:40:05.102198+00:00
14,5400246756,150.01,0.605,sell,False,2022-11-10T07:30:42.278032+00:00
15,5400200384,213.8,0.516,buy,False,2022-11-10T07:25:01.194335+00:00
16,5400197520,200.0,2.0,buy,False,2022-11-10T07:24:34.623340+00:00
17,5400197519,199.0,0.02,buy,False,2022-11-10T07:24:34.623340+00:00
18,5400197518,199.0,0.997,buy,False,2022-11-10T07:24:34.623340+00:00
19,5400194649,198.99,0.534,buy,False,2022-11-10T07:24:09.494123+00:00
20,5400193687,199.0,0.251,buy,False,2022-11-10T07:24:02.144806+00:00
21,5400192846,180.0,1.52,sell,False,2022-11-10T07:23:54.801210+00:00
22,5400134854,150.0,0.453,sell,False,2022-11-10T07:17:43.583514+00:00
23,5400106601,150.0,0.002,sell,False,2022-11-10T07:15:00.701004+00:00
24,5400101287,150.0,9.429,sell,False,2022-11-10T07:14:24.877918+00:00
25,5400038647,160.0,10.0,sell,False,2022-11-10T07:07:40.194385+00:00
26,5400038646,170.0,9.858,sell,False,2022-11-10T07:07:40.194385+00:00
27,5400038596,170.0,0.142,sell,False,2022-11-10T07:07:39.932609+00:00
28,5400037437,178.0,1.979,sell,False,2022-11-10T07:07:32.779183+00:00
29,5400023987,178.0,0.021,buy,False,2022-11-10T07:05:49.892109+00:00
30,5400022754,178.0,2.0,buy,False,2022-11-10T07:05:41.085218+00:00
31,5400014492,150.0,2.0,buy,False,2022-11-10T07:04:52.971600+00:00
32,5400013817,149.0,2.0,buy,False,2022-11-10T07:04:47.902866+00:00
33,5399922834,123.8,0.6,buy,False,2022-11-10T06:54:10.491835+00:00
34,5399902755,118.8,9.0,sell,False,2022-11-10T06:51:58.413797+00:00
35,5399902341,118.8,10.0,sell,False,2022-11-10T06:51:55.027899+00:00
36,5399895379,118.8,0.6,buy,False,2022-11-10T06:51:07.077836+00:00
37,5399768567,117.0,0.001,sell,False,2022-11-10T06:38:23.240057+00:00
38,5399761844,117.0,0.6,sell,False,2022-11-10T06:37:48.254863+00:00
39,5399761792,117.0,0.6,sell,False,2022-11-10T06:37:47.911849+00:00
40,5399719593,140.0,0.038,buy,False,2022-11-10T06:33:59.308781+00:00
41,5399710124,117.0,7.846,sell,False,2022-11-10T06:32:30.203941+00:00
42,5399685340,117.0,7.179,sell,False,2022-11-10T06:29:43.628248+00:00
43,5399650543,117.0,0.111,buy,False,2022-11-10T06:25:55.529735+00:00
44,5399650542,116.63,0.111,buy,False,2022-11-10T06:25:55.529735+00:00
45,5399650541,116.26,0.111,buy,False,2022-11-10T06:25:55.529735+00:00
46,5399650540,115.89,0.111,buy,False,2022-11-10T06:25:55.529735+00:00
47,5399650539,115.52,0.111,buy,False,2022-11-10T06:25:55.529735+00:00
48,5399650538,115.15,0.111,buy,False,2022-11-10T06:25:55.529735+00:00
49,5399649109,114.78,0.111,buy,False,2022-11-10T06:25:44.262651+00:00
50,5399649108,114.4,0.111,buy,False,2022-11-10T06:25:44.262651+00:00
51,5399649107,114.03,0.111,buy,False,2022-11-10T06:25:44.262651+00:00
52,5399648193,113.66,0.111,buy,False,2022-11-10T06:25:36.337148+00:00
53,5399648192,113.29,0.111,buy,False,2022-11-10T06:25:36.337148+00:00
54,5399647668,112.92,0.111,buy,False,2022-11-10T06:25:30.811109+00:00
55,5399647667,112.55,0.111,buy,False,2022-11-10T06:25:30.811109+00:00
56,5399647666,112.18,0.111,buy,False,2022-11-10T06:25:30.811109+00:00
57,5399642698,111.81,0.111,buy,False,2022-11-10T06:24:48.296839+00:00
58,5399642697,111.44,0.111,buy,False,2022-11-10T06:24:48.296839+00:00
59,5399642696,111.07,0.111,buy,False,2022-11-10T06:24:48.296839+00:00
60,5399641487,110.7,0.111,buy,False,2022-11-10T06:24:33.867635+00:00
61,5399641486,110.33,0.111,buy,False,2022-11-10T06:24:33.867635+00:00
62,5399640089,110.0,0.111,sell,False,2022-11-10T06:24:22.509669+00:00
63,5399639947,110.0,0.111,sell,False,2022-11-10T06:24:22.067400+00:00
64,5399638569,109.21,0.111,sell,False,2022-11-10T06:24:11.140314+00:00
65,5399638568,109.58,0.111,sell,False,2022-11-10T06:24:11.140314+00:00
66,5399638567,109.96,0.111,sell,False,2022-11-10T06:24:11.140314+00:00
67,5399638566,110.33,0.111,sell,False,2022-11-10T06:24:11.140314+00:00
68,5399638565,110.7,0.111,sell,False,2022-11-10T06:24:11.140314+00:00
69,5399638564,111.07,0.111,sell,False,2022-11-10T06:24:11.140314+00:00
70,5399638563,111.2,0.6,sell,False,2022-11-10T06:24:11.140314+00:00
71,5399638562,111.44,0.111,sell,False,2022-11-10T06:24:11.140314+00:00
72,5399638561,111.81,0.027,sell,False,2022-11-10T06:24:11.140314+00:00
73,5399638560,111.81,0.111,sell,False,2022-11-10T06:24:11.140314+00:00
74,5399638559,112.0,10.0,sell,False,2022-11-10T06:24:11.140314+00:00
75,5399635929,112.18,0.111,sell,False,2022-11-10T06:23:46.410901+00:00
76,5399635928,112.55,0.111,sell,False,2022-11-10T06:23:46.410901+00:00
77,5399635927,112.92,0.111,sell,False,2022-11-10T06:23:46.410901+00:00
78,5399635926,113.29,0.111,sell,False,2022-11-10T06:23:46.410901+00:00
79,5399635925,113.66,0.111,sell,False,2022-11-10T06:23:46.410901+00:00
80,5399635924,113.7,0.6,sell,False,2022-11-10T06:23:46.410901+00:00
81,5399634158,114.03,0.111,sell,False,2022-11-10T06:23:31.005422+00:00
82,5399634157,114.4,0.111,sell,False,2022-11-10T06:23:31.005422+00:00
83,5399634156,114.78,0.111,sell,False,2022-11-10T06:23:31.005422+00:00
84,5399634155,115.15,0.111,sell,False,2022-11-10T06:23:31.005422+00:00
85,5399634154,115.52,0.111,sell,False,2022-11-10T06:23:31.005422+00:00
86,5399634153,115.89,0.111,sell,False,2022-11-10T06:23:31.005422+00:00
87,5399634152,116.26,0.111,sell,False,2022-11-10T06:23:31.005422+00:00
88,5399634151,116.3,0.6,sell,False,2022-11-10T06:23:31.005422+00:00
89,5399634150,116.63,0.111,sell,False,2022-11-10T06:23:31.005422+00:00
90,5399634149,117.0,1.248,sell,False,2022-11-10T06:23:31.005422+00:00
91,5399634148,118.8,0.6,sell,False,2022-11-10T06:23:31.005422+00:00
92,5399536172,140.4,0.666,sell,False,2022-11-10T06:12:05.611846+00:00
93,5399536171,140.4,0.666,sell,False,2022-11-10T06:12:05.611846+00:00
94,5399536170,140.4,0.666,sell,False,2022-11-10T06:12:05.611846+00:00
95,5399536169,140.4,0.106,sell,False,2022-11-10T06:12:05.611846+00:00
96,5399513165,150.01,1.0,sell,False,2022-11-10T06:08:12.013276+00:00
97,5399511626,150.01,1.0,sell,False,2022-11-10T06:07:58.600800+00:00
98,5399495447,150.01,1.0,sell,False,2022-11-10T06:05:21.621598+00:00
99,5399447073,150.01,5.0,sell,False,2022-11-10T05:57:25.980708+00:00
100,5399446827,150.01,5.0,sell,False,2022-11-10T05:57:23.078146+00:00
101,5399446610,150.01,5.0,sell,False,2022-11-10T05:57:20.760893+00:00
102,5399445008,150.01,5.0,sell,False,2022-11-10T05:57:06.767209+00:00
103,5399424871,150.01,0.066,sell,False,2022-11-10T05:53:34.986357+00:00
104,5399418064,180.0,0.045,buy,False,2022-11-10T05:52:25.992853+00:00
105,5399418063,150.02,0.021,buy,False,2022-11-10T05:52:25.992853+00:00
106,5399413122,150.01,5.0,sell,False,2022-11-10T05:51:37.551093+00:00
107,5399412879,150.01,5.0,sell,False,2022-11-10T05:51:34.759130+00:00
108,5399407078,150.01,5.0,sell,False,2022-11-10T05:51:06.762660+00:00
109,5399406522,150.01,5.0,sell,False,2022-11-10T05:51:01.797834+00:00
110,5399404385,150.01,5.0,sell,False,2022-11-10T05:50:46.896755+00:00
111,5399370824,150.01,107.837,sell,False,2022-11-10T05:46:29.498354+00:00
112,5399364088,150.01,0.907,sell,False,2022-11-10T05:44:50.258523+00:00
113,5399354819,150.01,0.08,sell,False,2022-11-10T05:43:01.335725+00:00
114,5399347517,150.02,7.639,sell,False,2022-11-10T05:41:41.907219+00:00
115,5399328500,150.01,2.193,sell,False,2022-11-10T05:37:31.655027+00:00
116,5399309605,150.01,0.085,sell,False,2022-11-10T05:34:04.816097+00:00
117,5399301217,150.02,0.021,buy,False,2022-11-10T05:32:45.352916+00:00
118,5399301216,150.02,0.308,buy,False,2022-11-10T05:32:45.352916+00:00
119,5399300826,150.02,1.999,buy,False,2022-11-10T05:32:39.563276+00:00
120,5399300061,150.02,6.665,buy,False,2022-11-10T05:32:31.691115+00:00
121,5399299980,150.02,6.665,buy,False,2022-11-10T05:32:30.145805+00:00
122,5399299727,150.02,6.665,buy,False,2022-11-10T05:32:27.878994+00:00
123,5399299433,150.02,6.665,buy,False,2022-11-10T05:32:24.721955+00:00
124,5399298932,150.02,6.665,buy,False,2022-11-10T05:32:18.408910+00:00
125,5399296035,150.02,0.08,buy,False,2022-11-10T05:31:53.101180+00:00
126,5399292625,150.01,19.999,sell,False,2022-11-10T05:31:18.803391+00:00
127,5399259845,150.01,0.395,sell,False,2022-11-10T05:27:14.748642+00:00
128,5399238454,150.01,1.0,sell,False,2022-11-10T05:25:08.592591+00:00
129,5399186889,150.01,0.65,sell,False,2022-11-10T05:19:42.899784+00:00
130,5399185288,150.01,1.32,sell,False,2022-11-10T05:19:32.257903+00:00
131,5399171073,150.01,1.0,sell,False,2022-11-10T05:18:12.673079+00:00
132,5399096552,150.01,0.046,sell,False,2022-11-10T05:11:34.143718+00:00
133,5399065086,150.01,0.6,sell,False,2022-11-10T05:08:39.303447+00:00
134,5399061803,150.01,0.6,sell,False,2022-11-10T05:08:19.894079+00:00
135,5399061723,150.01,0.6,sell,False,2022-11-10T05:08:19.443117+00:00
136,5399061660,150.01,0.6,sell,False,2022-11-10T05:08:18.940258+00:00
137,5399058364,150.01,0.6,sell,False,2022-11-10T05:08:03.497095+00:00
138,5399058153,150.01,0.6,sell,False,2022-11-10T05:08:02.392057+00:00
139,5399057958,150.01,0.6,sell,False,2022-11-10T05:08:02.005340+00:00
140,5399057432,150.01,0.23,sell,False,2022-11-10T05:07:59.706055+00:00
141,5399055346,150.01,0.6,sell,False,2022-11-10T05:07:51.253883+00:00
142,5399055268,150.01,0.6,sell,False,2022-11-10T05:07:50.841303+00:00
143,5399055226,150.01,0.066,sell,False,2022-11-10T05:07:50.378162+00:00
144,5399055225,150.02,0.534,sell,False,2022-11-10T05:07:50.378162+00:00
145,5399047899,170.0,0.021,buy,False,2022-11-10T05:07:03.556639+00:00
146,5399047898,170.0,0.799,buy,False,2022-11-10T05:07:03.556639+00:00
147,5399025816,150.0,2.719,buy,False,2022-11-10T05:05:10.668208+00:00
148,5399025815,149.97,0.207,buy,False,2022-11-10T05:05:10.668208+00:00
149,5399025814,149.96,0.021,buy,False,2022-11-10T05:05:10.668208+00:00
150,5399025813,149.96,0.534,buy,False,2022-11-10T05:05:10.668208+00:00
151,5399012229,140.4,0.38,sell,False,2022-11-10T05:03:32.576931+00:00
152,5398996865,140.4,0.18,sell,False,2022-11-10T05:02:02.239299+00:00
153,5398983686,117.0,0.111,buy,False,2022-11-10T04:59:49.083356+00:00
154,5398980928,116.63,1.137,sell,False,2022-11-10T04:59:11.372138+00:00
155,5398980927,116.63,0.022,sell,False,2022-11-10T04:59:11.372138+00:00
156,5398980926,116.63,0.111,sell,False,2022-11-10T04:59:11.372138+00:00
157,5398966889,117.0,0.111,buy,False,2022-11-10T04:56:31.237190+00:00
158,5398966888,116.63,0.111,buy,False,2022-11-10T04:56:31.237190+00:00
159,5398966887,116.26,0.111,buy,False,2022-11-10T04:56:31.237190+00:00
160,5398966886,115.89,0.111,buy,False,2022-11-10T04:56:31.237190+00:00
161,5398966885,115.52,0.111,buy,False,2022-11-10T04:56:31.237190+00:00
162,5398966884,115.15,0.111,buy,False,2022-11-10T04:56:31.237190+00:00
163,5398966883,114.78,0.111,buy,False,2022-11-10T04:56:31.237190+00:00
164,5398966882,114.4,0.111,buy,False,2022-11-10T04:56:31.237190+00:00
165,5398966881,114.03,0.111,buy,False,2022-11-10T04:56:31.237190+00:00
166,5398966880,113.66,0.111,buy,False,2022-11-10T04:56:31.237190+00:00
167,5398966879,113.29,0.111,buy,False,2022-11-10T04:56:31.237190+00:00
168,5398966878,112.92,0.111,buy,False,2022-11-10T04:56:31.237190+00:00
169,5398966877,112.55,0.111,buy,False,2022-11-10T04:56:31.237190+00:00
170,5398966876,112.18,0.111,buy,False,2022-11-10T04:56:31.237190+00:00
171,5398966875,111.81,0.111,buy,False,2022-11-10T04:56:31.237190+00:00
172,5398966874,111.44,0.111,buy,False,2022-11-10T04:56:31.237190+00:00
173,5398966873,111.07,0.111,buy,False,2022-11-10T04:56:31.237190+00:00
174,5398966872,110.7,0.111,buy,False,2022-11-10T04:56:31.237190+00:00
175,5398966871,110.33,0.111,buy,False,2022-11-10T04:56:31.237190+00:00
176,5398966870,109.96,0.111,buy,False,2022-11-10T04:56:31.237190+00:00
177,5398966869,109.58,0.111,buy,False,2022-11-10T04:56:31.237190+00:00
178,5398966868,109.21,0.111,buy,False,2022-11-10T04:56:31.237190+00:00
179,5398966867,108.84,0.111,buy,False,2022-11-10T04:56:31.237190+00:00
180,5398966866,108.47,0.111,buy,False,2022-11-10T04:56:31.237190+00:00
181,5398966865,108.1,0.111,buy,False,2022-11-10T04:56:31.237190+00:00
182,5398966864,107.73,0.111,buy,False,2022-11-10T04:56:31.237190+00:00
183,5398966863,107.36,0.111,buy,False,2022-11-10T04:56:31.237190+00:00
184,5398966862,106.99,0.111,buy,False,2022-11-10T04:56:31.237190+00:00
185,5398966861,106.62,0.111,buy,False,2022-11-10T04:56:31.237190+00:00
186,5398966860,106.25,0.111,buy,False,2022-11-10T04:56:31.237190+00:00
187,5398966859,105.88,0.111,buy,False,2022-11-10T04:56:31.237190+00:00
188,5398966858,105.51,0.111,buy,False,2022-11-10T04:56:31.237190+00:00
189,5398966857,105.13,0.111,buy,False,2022-11-10T04:56:31.237190+00:00
190,5398966856,104.76,0.111,buy,False,2022-11-10T04:56:31.237190+00:00
191,5398966855,104.39,0.111,buy,False,2022-11-10T04:56:31.237190+00:00
192,5398966854,104.02,0.111,buy,False,2022-11-10T04:56:31.237190+00:00
193,5398966853,103.65,0.111,buy,False,2022-11-10T04:56:31.237190+00:00
194,5398966852,103.28,0.111,buy,False,2022-11-10T04:56:31.237190+00:00
195,5398966851,102.91,0.111,buy,False,2022-11-10T04:56:31.237190+00:00
196,5398966850,102.54,0.111,buy,False,2022-11-10T04:56:31.237190+00:00
197,5398966849,102.17,0.066,buy,False,2022-11-10T04:56:31.237190+00:00
198,5398964744,102.17,0.045,buy,False,2022-11-10T04:55:52.953556+00:00
199,5398964743,101.8,0.111,buy,False,2022-11-10T04:55:52.953556+00:00
200,5398964742,101.43,0.034,buy,False,2022-11-10T04:55:52.953556+00:00
201,5398964008,101.43,0.077,buy,False,2022-11-10T04:55:42.439903+00:00
202,5398964007,101.06,0.111,buy,False,2022-11-10T04:55:42.439903+00:00
203,5398964006,100.7,0.002,buy,False,2022-11-10T04:55:42.439903+00:00
204,5398944421,100.7,0.001,buy,False,2022-11-10T04:51:48.672657+00:00
205,5398944420,100.69,0.111,buy,False,2022-11-10T04:51:48.672657+00:00
206,5398944419,100.31,0.111,buy,False,2022-11-10T04:51:48.672657+00:00
207,5398943451,99.94,0.111,buy,False,2022-11-10T04:51:38.514008+00:00
208,5398943450,99.57,0.111,buy,False,2022-11-10T04:51:38.514008+00:00
209,5398943449,99.2,0.111,buy,False,2022-11-10T04:51:38.514008+00:00
210,5398943448,98.83,0.111,buy,False,2022-11-10T04:51:38.514008+00:00
211,5398943447,98.46,0.111,buy,False,2022-11-10T04:51:38.514008+00:00
212,5398943446,98.09,0.111,buy,False,2022-11-10T04:51:38.514008+00:00
213,5398943445,97.72,0.111,buy,False,2022-11-10T04:51:38.514008+00:00
214,5398943440,97.35,0.019,buy,False,2022-11-10T04:51:38.337853+00:00
215,5398920982,97.35,0.092,buy,False,2022-11-10T04:46:58.522791+00:00
216,5398920981,96.98,0.111,buy,False,2022-11-10T04:46:58.522791+00:00
217,5398920980,96.61,0.111,buy,False,2022-11-10T04:46:58.522791+00:00
218,5398920979,96.24,0.111,buy,False,2022-11-10T04:46:58.522791+00:00
219,5398920978,95.87,0.111,buy,False,2022-11-10T04:46:58.522791+00:00
220,5398920977,95.49,0.111,buy,False,2022-11-10T04:46:58.522791+00:00
221,5398920976,95.12,0.111,buy,False,2022-11-10T04:46:58.522791+00:00
222,5398920975,94.75,0.111,buy,False,2022-11-10T04:46:58.522791+00:00
223,5398920974,94.38,0.111,buy,False,2022-11-10T04:46:58.522791+00:00
224,5398920973,94.01,0.111,buy,False,2022-11-10T04:46:58.522791+00:00
225,5398920972,93.64,0.111,buy,False,2022-11-10T04:46:58.522791+00:00
226,5398920971,93.27,0.111,buy,False,2022-11-10T04:46:58.522791+00:00
227,5398920970,92.9,0.111,buy,False,2022-11-10T04:46:58.522791+00:00
228,5398920969,92.53,0.111,buy,False,2022-11-10T04:46:58.522791+00:00
229,5398920968,92.16,0.111,buy,False,2022-11-10T04:46:58.522791+00:00
230,5398920967,91.79,0.111,buy,False,2022-11-10T04:46:58.522791+00:00
231,5398920966,91.42,0.111,buy,False,2022-11-10T04:46:58.522791+00:00
232,5398920965,91.04,0.111,buy,False,2022-11-10T04:46:58.522791+00:00
233,5398920964,90.67,0.111,buy,False,2022-11-10T04:46:58.522791+00:00
234,5398920963,90.67,1.63,buy,False,2022-11-10T04:46:58.522791+00:00
235,5398915978,90.1,1.858,sell,False,2022-11-10T04:45:46.852358+00:00
236,5398915977,90.3,0.03,sell,False,2022-11-10T04:45:46.852358+00:00
237,5398915976,90.3,0.111,sell,False,2022-11-10T04:45:46.852358+00:00
238,5398910867,90.67,1.216,buy,False,2022-11-10T04:44:38.386125+00:00
239,5398898583,90.67,1.159,buy,False,2022-11-10T04:41:56.793662+00:00
240,5398898582,90.67,0.111,buy,False,2022-11-10T04:41:56.793662+00:00
241,5398895416,90.1,0.042,sell,False,2022-11-10T04:41:21.191416+00:00
242,5398890858,90.1,9.098,sell,False,2022-11-10T04:40:11.419187+00:00
243,5398890024,90.1,9.939,sell,False,2022-11-10T04:40:00.371994+00:00
244,5398890023,90.3,0.111,sell,False,2022-11-10T04:40:00.371994+00:00
245,5398890022,90.67,10.0,sell,False,2022-11-10T04:40:00.371994+00:00
246,5398890021,90.67,0.111,sell,False,2022-11-10T04:40:00.371994+00:00
247,5398890020,91.0,7.603,sell,False,2022-11-10T04:40:00.371994+00:00
248,5398890019,91.04,0.111,sell,False,2022-11-10T04:40:00.371994+00:00
249,5398890018,91.25,4.0,sell,False,2022-11-10T04:40:00.371994+00:00
250,5398890017,91.42,0.111,sell,False,2022-11-10T04:40:00.371994+00:00
251,5398890016,91.79,0.111,sell,False,2022-11-10T04:40:00.371994+00:00
252,5398890015,92.0,10.0,sell,False,2022-11-10T04:40:00.371994+00:00
253,5398890014,92.16,0.111,sell,False,2022-11-10T04:40:00.371994+00:00
254,5398890013,92.53,0.111,sell,False,2022-11-10T04:40:00.371994+00:00
255,5398890012,92.9,0.111,sell,False,2022-11-10T04:40:00.371994+00:00
256,5398890011,93.27,0.111,sell,False,2022-11-10T04:40:00.371994+00:00
257,5398890010,93.33,10.0,sell,False,2022-11-10T04:40:00.371994+00:00
258,5398890009,93.64,0.111,sell,False,2022-11-10T04:40:00.371994+00:00
259,5398890008,94.01,0.111,sell,False,2022-11-10T04:40:00.371994+00:00
260,5398890007,94.38,0.111,sell,False,2022-11-10T04:40:00.371994+00:00
261,5398890006,94.67,0.026,sell,False,2022-11-10T04:40:00.371994+00:00
262,5398890005,94.67,3.854,sell,False,2022-11-10T04:40:00.371994+00:00
263,5398890004,96.1,0.6,sell,False,2022-11-10T04:40:00.371994+00:00
264,5398889025,94.67,6.146,sell,False,2022-11-10T04:39:46.984555+00:00
265,5398889024,94.75,0.111,sell,False,2022-11-10T04:39:46.984555+00:00
266,5398889023,95.0,4.0,sell,False,2022-11-10T04:39:46.984555+00:00
267,5398889022,95.0,2.63,sell,False,2022-11-10T04:39:46.984555+00:00
268,5398889021,95.12,0.111,sell,False,2022-11-10T04:39:46.984555+00:00
269,5398889020,95.49,0.111,sell,False,2022-11-10T04:39:46.984555+00:00
270,5398889019,95.87,0.111,sell,False,2022-11-10T04:39:46.984555+00:00
271,5398889018,96.0,10.0,sell,False,2022-11-10T04:39:46.984555+00:00
272,5398889017,96.24,0.111,sell,False,2022-11-10T04:39:46.984555+00:00
273,5398889016,96.61,0.111,sell,False,2022-11-10T04:39:46.984555+00:00
274,5398889015,96.98,0.111,sell,False,2022-11-10T04:39:46.984555+00:00
275,5398889014,97.33,10.0,sell,False,2022-11-10T04:39:46.984555+00:00
276,5398889013,97.35,0.111,sell,False,2022-11-10T04:39:46.984555+00:00
277,5398889012,97.72,0.111,sell,False,2022-11-10T04:39:46.984555+00:00
278,5398889011,98.09,0.111,sell,False,2022-11-10T04:39:46.984555+00:00
279,5398889010,98.46,0.111,sell,False,2022-11-10T04:39:46.984555+00:00
280,5398889009,98.6,0.6,sell,False,2022-11-10T04:39:46.984555+00:00
281,5398889008,98.67,10.0,sell,False,2022-11-10T04:39:46.984555+00:00
282,5398889007,98.83,0.111,sell,False,2022-11-10T04:39:46.984555+00:00
283,5398889006,99.2,0.111,sell,False,2022-11-10T04:39:46.984555+00:00
284,5398889005,99.57,0.111,sell,False,2022-11-10T04:39:46.984555+00:00
285,5398889004,99.7,0.003,sell,False,2022-11-10T04:39:46.984555+00:00
286,5398889003,99.94,0.111,sell,False,2022-11-10T04:39:46.984555+00:00
287,5398889002,100.0,10.0,sell,False,2022-11-10T04:39:46.984555+00:00
288,5398889001,100.31,0.111,sell,False,2022-11-10T04:39:46.984555+00:00
289,5398889000,100.69,0.111,sell,False,2022-11-10T04:39:46.984555+00:00
290,5398888999,101.06,0.111,sell,False,2022-11-10T04:39:46.984555+00:00
291,5398888998,101.1,0.6,sell,False,2022-11-10T04:39:46.984555+00:00
292,5398888997,101.43,0.111,sell,False,2022-11-10T04:39:46.984555+00:00
293,5398888996,101.8,0.111,sell,False,2022-11-10T04:39:46.984555+00:00
294,5398888995,102.17,0.111,sell,False,2022-11-10T04:39:46.984555+00:00
295,5398888994,102.54,0.111,sell,False,2022-11-10T04:39:46.984555+00:00
296,5398888993,102.91,0.111,sell,False,2022-11-10T04:39:46.984555+00:00
297,5398888992,103.28,0.111,sell,False,2022-11-10T04:39:46.984555+00:00
298,5398888991,103.6,0.6,sell,False,2022-11-10T04:39:46.984555+00:00
299,5398888990,103.65,0.111,sell,False,2022-11-10T04:39:46.984555+00:00
300,5398887687,106.2,0.6,sell,False,2022-11-10T04:39:30.058074+00:00
301,5398887686,108.7,0.6,sell,False,2022-11-10T04:39:30.058074+00:00
302,5398887685,111.2,0.6,sell,False,2022-11-10T04:39:30.058074+00:00
303,5398886954,104.02,0.111,sell,False,2022-11-10T04:39:19.780170+00:00
304,5398886953,104.39,0.111,sell,False,2022-11-10T04:39:19.780170+00:00
305,5398886952,104.76,0.111,sell,False,2022-11-10T04:39:19.780170+00:00
306,5398886951,105.13,0.111,sell,False,2022-11-10T04:39:19.780170+00:00
307,5398886950,105.51,0.111,sell,False,2022-11-10T04:39:19.780170+00:00
308,5398886949,105.88,0.111,sell,False,2022-11-10T04:39:19.780170+00:00
309,5398886948,106.25,0.111,sell,False,2022-11-10T04:39:19.780170+00:00
310,5398886947,106.62,0.111,sell,False,2022-11-10T04:39:19.780170+00:00
311,5398886946,106.99,0.111,sell,False,2022-11-10T04:39:19.780170+00:00
312,5398886945,107.36,0.111,sell,False,2022-11-10T04:39:19.780170+00:00
313,5398886944,107.73,0.111,sell,False,2022-11-10T04:39:19.780170+00:00
314,5398886943,108.1,0.111,sell,False,2022-11-10T04:39:19.780170+00:00
315,5398886942,108.47,0.111,sell,False,2022-11-10T04:39:19.780170+00:00
316,5398886941,109.58,0.092,sell,False,2022-11-10T04:39:19.780170+00:00
317,5398886940,109.96,0.111,sell,False,2022-11-10T04:39:19.780170+00:00
318,5398886939,110.33,0.111,sell,False,2022-11-10T04:39:19.780170+00:00
319,5398886938,110.7,0.111,sell,False,2022-11-10T04:39:19.780170+00:00
320,5398886937,111.07,0.111,sell,False,2022-11-10T04:39:19.780170+00:00
321,5398886936,113.29,0.045,sell,False,2022-11-10T04:39:19.780170+00:00
322,5398886935,113.66,0.071,sell,False,2022-11-10T04:39:19.780170+00:00
323,5398886934,113.7,0.6,sell,False,2022-11-10T04:39:19.780170+00:00
324,5398886933,114.0,6.0,sell,False,2022-11-10T04:39:19.780170+00:00
325,5398886932,114.0,1.699,sell,False,2022-11-10T04:39:19.780170+00:00
326,5398886931,114.03,0.111,sell,False,2022-11-10T04:39:19.780170+00:00
327,5398886930,114.4,0.111,sell,False,2022-11-10T04:39:19.780170+00:00
328,5398886929,114.78,0.111,sell,False,2022-11-10T04:39:19.780170+00:00
329,5398886928,115.15,0.111,sell,False,2022-11-10T04:39:19.780170+00:00
330,5398886927,115.52,0.111,sell,False,2022-11-10T04:39:19.780170+00:00
331,5398886926,115.89,0.111,sell,False,2022-11-10T04:39:19.780170+00:00
332,5398886925,116.26,0.111,sell,False,2022-11-10T04:39:19.780170+00:00
333,5398886924,116.3,0.312,sell,False,2022-11-10T04:39:19.780170+00:00
334,5398886923,116.63,0.111,sell,False,2022-11-10T04:39:19.780170+00:00
335,5398886922,118.8,0.6,sell,False,2022-11-10T04:39:19.780170+00:00
336,5398886921,130.0,2.641,sell,False,2022-11-10T04:39:19.780170+00:00
337,5398881969,130.0,1.765,sell,False,2022-11-10T04:37:55.094107+00:00
338,5398881811,130.0,0.6,sell,False,2022-11-10T04:37:50.167552+00:00
339,5398849146,130.0,4.994,sell,False,2022-11-10T04:31:07.796354+00:00
340,5398849145,139.98,9.72,sell,False,2022-11-10T04:31:07.796354+00:00
341,5398824295,139.98,0.28,sell,False,2022-11-10T04:26:53.285548+00:00
342,5398776965,116.3,0.111,sell,False,2022-11-10T04:17:29.546212+00:00
343,5398776921,116.3,0.111,sell,False,2022-11-10T04:17:29.215921+00:00
344,5398776903,116.3,0.066,sell,False,2022-11-10T04:17:28.875025+00:00
345,5398776902,118.8,0.045,sell,False,2022-11-10T04:17:28.875025+00:00
346,5398776779,118.8,0.111,sell,False,2022-11-10T04:17:27.701666+00:00
347,5398776722,118.8,0.111,sell,False,2022-11-10T04:17:27.383937+00:00
348,5398776660,118.8,0.111,sell,False,2022-11-10T04:17:26.973025+00:00
349,5398776598,118.8,0.111,sell,False,2022-11-10T04:17:26.475359+00:00
350,5398776508,118.8,0.111,sell,False,2022-11-10T04:17:25.580633+00:00
351,5398775286,144.6,0.6,sell,False,2022-11-10T04:17:10.775867+00:00
352,5398775083,144.6,0.6,sell,False,2022-11-10T04:17:06.482642+00:00
353,5398774969,114.0,9.592,sell,False,2022-11-10T04:17:05.165777+00:00
354,5398774968,114.03,0.111,sell,False,2022-11-10T04:17:05.165777+00:00
355,5398774967,114.4,0.111,sell,False,2022-11-10T04:17:05.165777+00:00
356,5398774966,114.78,0.111,sell,False,2022-11-10T04:17:05.165777+00:00
357,5398774965,115.15,0.111,sell,False,2022-11-10T04:17:05.165777+00:00
358,5398774964,115.52,0.111,sell,False,2022-11-10T04:17:05.165777+00:00
359,5398774963,115.89,0.111,sell,False,2022-11-10T04:17:05.165777+00:00
360,5398774962,116.26,0.111,sell,False,2022-11-10T04:17:05.165777+00:00
361,5398774961,116.3,0.6,sell,False,2022-11-10T04:17:05.165777+00:00
362,5398774960,116.63,0.111,sell,False,2022-11-10T04:17:05.165777+00:00
363,5398774959,118.8,0.6,sell,False,2022-11-10T04:17:05.165777+00:00
364,5398774958,120.21,10.772,sell,False,2022-11-10T04:17:05.165777+00:00
365,5398774957,120.5,0.024,sell,False,2022-11-10T04:17:05.165777+00:00
366,5398668884,120.5,0.317,sell,False,2022-11-10T03:56:00.135135+00:00
367,5398668883,120.5,3.282,sell,False,2022-11-10T03:56:00.135135+00:00
368,5398668882,120.5,0.025,sell,False,2022-11-10T03:56:00.135135+00:00
369,5398668881,120.5,0.376,sell,False,2022-11-10T03:56:00.135135+00:00
370,5398614546,120.5,0.002,sell,False,2022-11-10T03:47:14.071381+00:00
371,5398609359,120.5,0.119,sell,False,2022-11-10T03:46:33.937877+00:00
372,5398579151,120.5,1.145,sell,False,2022-11-10T03:43:42.847744+00:00
373,5398562656,120.22,1.03,sell,False,2022-11-10T03:42:08.395268+00:00
374,5398562655,120.22,0.114,sell,False,2022-11-10T03:42:08.395268+00:00
375,5398559561,120.22,0.42,sell,False,2022-11-10T03:41:43.262683+00:00
376,5398496919,145.0,0.094,buy,False,2022-11-10T03:32:55.885120+00:00
377,5398496918,145.0,8.58,buy,False,2022-11-10T03:32:55.885120+00:00
378,5398496618,145.0,0.42,buy,False,2022-11-10T03:32:53.201116+00:00
379,5398458156,145.25,0.6,buy,False,2022-11-10T03:27:48.241860+00:00
380,5398458155,145.25,0.6,buy,False,2022-11-10T03:27:48.241860+00:00
381,5398458154,145.25,0.091,buy,False,2022-11-10T03:27:48.241860+00:00
382,5398456807,139.95,1.402,buy,False,2022-11-10T03:27:40.138134+00:00
383,5398456152,139.94,0.459,buy,False,2022-11-10T03:27:36.693811+00:00
384,5398452655,139.95,0.022,sell,False,2022-11-10T03:27:12.036141+00:00
385,5398443431,117.0,0.111,buy,False,2022-11-10T03:26:16.002200+00:00
386,5398433395,116.63,0.111,buy,False,2022-11-10T03:25:09.255741+00:00
387,5398424023,116.26,0.111,sell,False,2022-11-10T03:24:03.373631+00:00
388,5398424022,116.63,0.022,sell,False,2022-11-10T03:24:03.373631+00:00
389,5398424021,116.63,0.111,sell,False,2022-11-10T03:24:03.373631+00:00
390,5398417180,145.25,0.197,buy,False,2022-11-10T03:23:06.256705+00:00
391,5398416790,181.55,0.193,sell,False,2022-11-10T03:23:04.152018+00:00
392,5398416789,181.56,0.119,sell,False,2022-11-10T03:23:04.152018+00:00
393,5398404674,181.56,0.34,sell,False,2022-11-10T03:21:44.152379+00:00
394,5398395201,213.8,5.827,buy,False,2022-11-10T03:20:37.284318+00:00
395,5398395200,199.0,0.001,buy,False,2022-11-10T03:20:37.284318+00:00
396,5398395199,197.99,0.02,buy,False,2022-11-10T03:20:37.284318+00:00
397,5398395198,189.0,0.02,buy,False,2022-11-10T03:20:37.284318+00:00
398,5398395197,189.0,0.477,buy,False,2022-11-10T03:20:37.284318+00:00
399,5398394362,189.0,0.411,buy,False,2022-11-10T03:20:30.580974+00:00
400,5398394361,188.99,0.02,buy,False,2022-11-10T03:20:30.580974+00:00
401,5398394360,188.99,0.096,buy,False,2022-11-10T03:20:30.580974+00:00
402,5398394359,188.99,0.361,buy,False,2022-11-10T03:20:30.580974+00:00
403,5398385042,185.33,0.189,sell,False,2022-11-10T03:19:32.109907+00:00
404,5398368694,188.99,0.08,buy,False,2022-11-10T03:18:02.691685+00:00
405,5398348681,125.0,0.13,sell,False,2022-11-10T03:15:17.892672+00:00
406,5398343341,117.0,0.111,buy,False,2022-11-10T03:14:22.422188+00:00
407,5398343340,116.63,0.111,buy,False,2022-11-10T03:14:22.422188+00:00
408,5398343339,116.26,0.111,buy,False,2022-11-10T03:14:22.422188+00:00
409,5398343338,115.89,0.111,buy,False,2022-11-10T03:14:22.422188+00:00
410,5398343337,115.52,0.104,buy,False,2022-11-10T03:14:22.422188+00:00
411,5398339209,115.52,0.007,buy,False,2022-11-10T03:13:42.332639+00:00
412,5398339208,115.15,0.111,buy,False,2022-11-10T03:13:42.332639+00:00
413,5398339207,114.78,0.111,buy,False,2022-11-10T03:13:42.332639+00:00
414,5398339206,114.4,0.111,buy,False,2022-11-10T03:13:42.332639+00:00
415,5398334505,114.0,7.981,sell,False,2022-11-10T03:13:04.254439+00:00
416,5398334504,114.03,0.111,sell,False,2022-11-10T03:13:04.254439+00:00
417,5398334503,114.4,0.111,sell,False,2022-11-10T03:13:04.254439+00:00
418,5398334502,114.78,0.111,sell,False,2022-11-10T03:13:04.254439+00:00
419,5398334501,115.15,0.111,sell,False,2022-11-10T03:13:04.254439+00:00
420,5398334500,115.52,0.111,sell,False,2022-11-10T03:13:04.254439+00:00
421,5398334499,115.89,0.111,sell,False,2022-11-10T03:13:04.254439+00:00
422,5398334498,116.26,0.111,sell,False,2022-11-10T03:13:04.254439+00:00
423,5398334497,116.63,0.111,sell,False,2022-11-10T03:13:04.254439+00:00
424,5398334496,139.06,0.082,sell,False,2022-11-10T03:13:04.254439+00:00
425,5398333532,139.06,0.033,sell,False,2022-11-10T03:12:54.357749+00:00
426,5398327489,139.06,0.73,sell,False,2022-11-10T03:12:09.346358+00:00
427,5398311551,139.06,0.799,sell,False,2022-11-10T03:10:31.670017+00:00
428,5398307774,117.0,0.111,buy,False,2022-11-10T03:10:04.195022+00:00
429,5398307773,116.63,0.111,buy,False,2022-11-10T03:10:04.195022+00:00
430,5398307772,116.26,0.111,buy,False,2022-11-10T03:10:04.195022+00:00
431,5398307771,115.89,0.023,buy,False,2022-11-10T03:10:04.195022+00:00
432,5398261580,115.89,0.088,buy,False,2022-11-10T03:06:05.510666+00:00
433,5398259017,115.52,0.042,buy,False,2022-11-10T03:05:28.979951+00:00
434,5398247826,115.52,0.069,buy,False,2022-11-10T03:03:33.904931+00:00
435,5398247825,115.15,0.111,buy,False,2022-11-10T03:03:33.904931+00:00
436,5398244356,114.78,0.01,buy,False,2022-11-10T03:03:12.586141+00:00
437,5398209130,114.78,0.101,buy,False,2022-11-10T02:56:43.512333+00:00
438,5398209129,114.4,0.098,buy,False,2022-11-10T02:56:43.512333+00:00
439,5398209128,114.4,0.111,buy,False,2022-11-10T02:56:43.512333+00:00
440,5398184394,113.66,0.04,sell,False,2022-11-10T02:51:41.664006+00:00
441,5398184393,113.7,0.6,sell,False,2022-11-10T02:51:41.664006+00:00
442,5398184392,114.03,0.111,sell,False,2022-11-10T02:51:41.664006+00:00
443,5398184391,114.4,0.111,sell,False,2022-11-10T02:51:41.664006+00:00
444,5398184390,114.78,0.027,sell,False,2022-11-10T02:51:41.664006+00:00
445,5398184389,114.78,0.111,sell,False,2022-11-10T02:51:41.664006+00:00
446,5398182001,115.0,0.73,buy,False,2022-11-10T02:51:23.224451+00:00
447,5398176894,115.15,0.111,sell,False,2022-11-10T02:50:18.026982+00:00
448,5398176893,115.52,0.111,sell,False,2022-11-10T02:50:18.026982+00:00
449,5398176892,115.89,0.111,sell,False,2022-11-10T02:50:18.026982+00:00
450,5398176891,116.26,0.111,sell,False,2022-11-10T02:50:18.026982+00:00
451,5398176890,116.3,0.6,sell,False,2022-11-10T02:50:18.026982+00:00
452,5398176889,116.63,0.111,sell,False,2022-11-10T02:50:18.026982+00:00
453,5398176888,118.8,0.026,sell,False,2022-11-10T02:50:18.026982+00:00
454,5398176887,118.8,0.6,sell,False,2022-11-10T02:50:18.026982+00:00
455,5398176886,118.8,0.007,sell,False,2022-11-10T02:50:18.026982+00:00
456,5398173010,119.68,0.666,buy,False,2022-11-10T02:49:28.634610+00:00
457,5398170033,121.3,0.6,sell,False,2022-11-10T02:48:55.191333+00:00
458,5398170032,121.31,0.022,sell,False,2022-11-10T02:48:55.191333+00:00
459,5398170031,121.31,0.441,sell,False,2022-11-10T02:48:55.191333+00:00
460,5398162095,184.35,0.447,sell,False,2022-11-10T02:47:39.625373+00:00
461,5398147997,186.98,0.42,sell,False,2022-11-10T02:44:51.296937+00:00
462,5398147996,189.61,0.394,sell,False,2022-11-10T02:44:51.296937+00:00
463,5398144069,192.25,0.37,sell,False,2022-11-10T02:44:02.411553+00:00
464,5398144068,194.88,0.005,sell,False,2022-11-10T02:44:02.411553+00:00
465,5398137859,194.88,0.07,sell,False,2022-11-10T02:42:45.449960+00:00
466,5398133976,194.88,0.273,sell,False,2022-11-10T02:41:50.994172+00:00
467,5398133975,197.52,0.027,sell,False,2022-11-10T02:41:50.994172+00:00
468,5398133136,197.52,0.3,sell,False,2022-11-10T02:41:38.725036+00:00
469,5398131429,200.0,0.307,buy,False,2022-11-10T02:41:17.314442+00:00
470,5398130954,200.0,0.289,buy,False,2022-11-10T02:41:13.044680+00:00
471,5398130942,200.0,0.005,buy,False,2022-11-10T02:41:12.677066+00:00
472,5398130941,199.99,0.267,buy,False,2022-11-10T02:41:12.677066+00:00
473,5398130710,208.05,0.256,sell,False,2022-11-10T02:41:09.179156+00:00
474,5398129788,210.68,0.098,sell,False,2022-11-10T02:41:03.910120+00:00
475,5398129561,210.68,0.142,sell,False,2022-11-10T02:41:00.525016+00:00
476,5398129560,213.32,0.226,sell,False,2022-11-10T02:41:00.525016+00:00
477,5398128856,215.95,0.213,sell,False,2022-11-10T02:40:50.469412+00:00
478,5398128855,218.58,0.12,sell,False,2022-11-10T02:40:50.469412+00:00
479,5398128514,218.58,0.08,sell,False,2022-11-10T02:40:45.325100+00:00
480,5398126323,221.22,0.188,sell,False,2022-11-10T02:40:14.080642+00:00
481,5398126322,223.85,0.006,sell,False,2022-11-10T02:40:14.080642+00:00
482,5398124276,223.85,0.171,sell,False,2022-11-10T02:39:54.467369+00:00
483,5398123163,226.48,0.167,sell,False,2022-11-10T02:39:43.648112+00:00
484,5398123162,229.12,0.157,sell,False,2022-11-10T02:39:43.648112+00:00
485,5398123161,229.13,0.267,sell,False,2022-11-10T02:39:43.648112+00:00
486,5398118756,246.99,0.02,buy,False,2022-11-10T02:38:57.607716+00:00
487,5398118755,197.6,0.31,buy,False,2022-11-10T02:38:57.607716+00:00
488,5398118754,197.6,9.502,buy,False,2022-11-10T02:38:57.607716+00:00
489,5398118410,231.75,0.148,sell,False,2022-11-10T02:38:52.486282+00:00
490,5398118409,234.39,0.139,sell,False,2022-11-10T02:38:52.486282+00:00
491,5398117848,237.02,0.131,sell,False,2022-11-10T02:38:44.880106+00:00
492,5398117847,239.65,0.124,sell,False,2022-11-10T02:38:44.880106+00:00
493,5398116814,242.29,0.117,sell,False,2022-11-10T02:38:33.300069+00:00
494,5398116813,244.92,0.11,sell,False,2022-11-10T02:38:33.300069+00:00
495,5398116159,247.55,0.104,sell,False,2022-11-10T02:38:23.680676+00:00
496,5398113648,250.19,0.098,sell,False,2022-11-10T02:37:47.988288+00:00
497,5398113647,252.82,0.092,sell,False,2022-11-10T02:37:47.988288+00:00
498,5398113198,255.45,0.087,sell,False,2022-11-10T02:37:42.938082+00:00
499,5398109465,258.09,0.082,sell,False,2022-11-10T02:37:09.063996+00:00
500,5398109464,258.1,0.31,sell,False,2022-11-10T02:37:09.063996+00:00
501,5398109463,260.72,0.077,sell,False,2022-11-10T02:37:09.063996+00:00
502,5398107948,263.36,0.038,sell,False,2022-11-10T02:36:56.917540+00:00
503,5398106661,280.0,4.964,buy,True,2022-11-10T02:36:43.116092+00:00
504,5398106365,270.75,0.757,buy,True,2022-11-10T02:36:41.555950+00:00
505,5398106364,270.74,0.295,buy,True,2022-11-10T02:36:41.555950+00:00
506,5398105944,263.36,0.02,buy,True,2022-11-10T02:36:38.661201+00:00
507,5398103269,257.77,0.11,sell,False,2022-11-10T02:36:13.879392+00:00
508,5398103268,257.78,0.295,sell,False,2022-11-10T02:36:13.879392+00:00
509,5398103267,260.57,0.103,sell,False,2022-11-10T02:36:13.879392+00:00
510,5398100915,263.37,0.097,sell,False,2022-11-10T02:35:50.281499+00:00
511,5398096656,266.17,0.092,sell,False,2022-11-10T02:35:08.108076+00:00
512,5398096655,268.97,0.087,sell,False,2022-11-10T02:35:08.108076+00:00
513,5398085577,271.78,0.082,sell,False,2022-11-10T02:33:43.461008+00:00
514,5398083353,274.58,0.077,sell,False,2022-11-10T02:33:26.235707+00:00
515,5398082332,277.38,0.023,sell,False,2022-11-10T02:33:18.122652+00:00
516,5398060917,277.38,0.05,sell,False,2022-11-10T02:29:42.866046+00:00
517,5398058786,280.0,0.036,buy,False,2022-11-10T02:29:19.736843+00:00
518,5398049798,209.33,0.149,buy,False,2022-11-10T02:27:52.250055+00:00
519,5398049797,208.0,0.103,buy,False,2022-11-10T02:27:52.250055+00:00
520,5398049796,208.0,0.02,buy,False,2022-11-10T02:27:52.250055+00:00
521,5398049795,208.0,9.461,buy,False,2022-11-10T02:27:52.250055+00:00
522,5398040061,203.97,0.002,sell,False,2022-11-10T02:25:53.483855+00:00
523,5398040060,206.05,0.098,sell,False,2022-11-10T02:25:53.483855+00:00
524,5398032198,208.0,0.19,buy,False,2022-11-10T02:24:08.375807+00:00
525,5398030321,208.0,0.049,buy,False,2022-11-10T02:23:42.656946+00:00
526,5398025804,198.0,5.0,buy,False,2022-11-10T02:22:59.502050+00:00
527,5398025803,180.0,0.02,buy,False,2022-11-10T02:22:59.502050+00:00
528,5398025802,180.0,5.0,buy,False,2022-11-10T02:22:59.502050+00:00
529,5398022454,168.0,5.0,buy,False,2022-11-10T02:22:20.318706+00:00
530,5398022453,160.0,0.802,buy,False,2022-11-10T02:22:20.318706+00:00
531,5398022452,159.0,0.08,buy,False,2022-11-10T02:22:20.318706+00:00
532,5398022451,154.0,0.08,buy,False,2022-11-10T02:22:20.318706+00:00
533,5398022450,150.0,2.0,buy,False,2022-11-10T02:22:20.318706+00:00
534,5398022449,150.0,0.666,buy,False,2022-11-10T02:22:20.318706+00:00
535,5398022448,149.98,0.068,buy,False,2022-11-10T02:22:20.318706+00:00
536,5398022447,149.0,0.08,buy,False,2022-11-10T02:22:20.318706+00:00
537,5398022446,148.0,0.02,buy,False,2022-11-10T02:22:20.318706+00:00
538,5398022445,148.0,6.403,buy,False,2022-11-10T02:22:20.318706+00:00
539,5398022444,148.0,4.932,buy,False,2022-11-10T02:22:20.318706+00:00
540,5398018418,148.0,0.068,buy,False,2022-11-10T02:21:21.800875+00:00
541,5398015472,139.2,0.073,buy,False,2022-11-10T02:20:37.696880+00:00
542,5398015471,138.0,5.0,buy,False,2022-11-10T02:20:37.696880+00:00
543,5398015470,137.36,0.02,buy,False,2022-11-10T02:20:37.696880+00:00
544,5398015469,137.36,9.08,buy,False,2022-11-10T02:20:37.696880+00:00
545,5398004198,137.36,0.073,buy,False,2022-11-10T02:18:28.048825+00:00
546,5398001788,137.36,46.792,buy,False,2022-11-10T02:17:57.022617+00:00
547,5398000993,137.36,58.14,buy,False,2022-11-10T02:17:43.677803+00:00
548,5398000992,130.0,1.776,buy,False,2022-11-10T02:17:43.677803+00:00
549,5398000991,125.14,1.754,buy,False,2022-11-10T02:17:43.677803+00:00
550,5398000990,123.8,0.6,buy,False,2022-11-10T02:17:43.677803+00:00
551,5398000989,121.3,0.6,buy,False,2022-11-10T02:17:43.677803+00:00
552,5398000988,121.29,0.628,buy,False,2022-11-10T02:17:43.677803+00:00
553,5397994107,118.8,0.11,buy,False,2022-11-10T02:16:19.920303+00:00
554,5397994106,118.8,0.253,buy,False,2022-11-10T02:16:19.920303+00:00
555,5397976318,116.63,0.02,buy,False,2022-11-10T02:13:35.079523+00:00
556,5397976317,116.63,0.111,buy,False,2022-11-10T02:13:35.079523+00:00
557,5397976071,116.0,1.268,sell,False,2022-11-10T02:13:33.645890+00:00
558,5397975218,119.67,0.236,sell,False,2022-11-10T02:13:26.339308+00:00
559,5397975217,120.98,0.111,sell,False,2022-11-10T02:13:26.339308+00:00
560,5397975207,120.98,0.111,sell,False,2022-11-10T02:13:26.274237+00:00
561,5397974559,116.0,4.0,sell,False,2022-11-10T02:13:21.841149+00:00
562,5397974558,116.26,0.111,sell,False,2022-11-10T02:13:21.841149+00:00
563,5397974557,116.3,0.6,sell,False,2022-11-10T02:13:21.841149+00:00
564,5397974556,116.63,0.111,sell,False,2022-11-10T02:13:21.841149+00:00
565,5397974555,118.8,0.6,sell,False,2022-11-10T02:13:21.841149+00:00
566,5397974554,121.3,0.179,sell,False,2022-11-10T02:13:21.841149+00:00
567,5397974553,122.28,0.209,sell,False,2022-11-10T02:13:21.841149+00:00
568,5397974552,123.58,0.197,sell,False,2022-11-10T02:13:21.841149+00:00
569,5397970042,121.3,0.421,sell,False,2022-11-10T02:12:45.070563+00:00
570,5397970041,124.88,0.186,sell,False,2022-11-10T02:12:45.070563+00:00
571,5397970040,124.89,0.118,sell,False,2022-11-10T02:12:45.070563+00:00
572,5397970039,126.18,0.175,sell,False,2022-11-10T02:12:45.070563+00:00
573,5397965780,121.31,0.51,sell,False,2022-11-10T02:12:14.179946+00:00
574,5397965779,127.48,0.165,sell,False,2022-11-10T02:12:14.179946+00:00
575,5397965778,128.78,0.156,sell,False,2022-11-10T02:12:14.179946+00:00
576,5397784780,130.0,0.077,buy,False,2022-11-10T01:50:02.539711+00:00
577,5397783372,130.0,4.147,buy,False,2022-11-10T01:49:49.443320+00:00
578,5397783371,128.0,5.0,buy,False,2022-11-10T01:49:49.443320+00:00
579,5397783370,124.35,0.139,buy,False,2022-11-10T01:49:49.443320+00:00
580,5397783369,123.8,0.6,buy,False,2022-11-10T01:49:49.443320+00:00
581,5397783368,121.3,0.6,buy,False,2022-11-10T01:49:49.443320+00:00
582,5397783367,120.0,0.021,buy,False,2022-11-10T01:49:49.443320+00:00
583,5397783366,120.0,0.11,buy,False,2022-11-10T01:49:49.443320+00:00
584,5397781507,120.0,3.023,buy,False,2022-11-10T01:49:30.770195+00:00
585,5397780553,120.0,0.826,buy,False,2022-11-10T01:49:19.742290+00:00
586,5397780552,120.0,2.0,buy,False,2022-11-10T01:49:19.742290+00:00
587,5397780551,119.99,0.639,buy,False,2022-11-10T01:49:19.742290+00:00
588,5397780550,118.8,0.6,buy,False,2022-11-10T01:49:19.742290+00:00
589,5397780549,117.81,0.087,buy,False,2022-11-10T01:49:19.742290+00:00
590,5397780548,117.0,0.111,buy,False,2022-11-10T01:49:19.742290+00:00
591,5397780547,116.63,0.111,buy,False,2022-11-10T01:49:19.742290+00:00
592,5397780546,116.3,0.6,buy,False,2022-11-10T01:49:19.742290+00:00
593,5397780545,116.26,0.024,buy,False,2022-11-10T01:49:19.742290+00:00
594,5397780544,116.2,0.873,buy,False,2022-11-10T01:49:19.742290+00:00
595,5397779034,116.2,10.127,buy,False,2022-11-10T01:49:04.599288+00:00
596,5397752062,116.0,64.484,sell,False,2022-11-10T01:45:10.344837+00:00
597,5397709324,116.0,1.0,sell,False,2022-11-10T01:41:07.880819+00:00
598,5397708852,116.0,5.0,sell,False,2022-11-10T01:41:04.151036+00:00
599,5397697501,116.0,10.0,sell,False,2022-11-10T01:39:40.748102+00:00
600,5397694644,116.0,2.0,sell,False,2022-11-10T01:39:20.135083+00:00
601,5397605051,116.0,0.288,sell,False,2022-11-10T01:30:51.641366+00:00
602,5397554514,116.0,0.426,sell,False,2022-11-10T01:23:04.284922+00:00
603,5397554513,116.01,0.001,sell,False,2022-11-10T01:23:04.284922+00:00
604,5397538150,116.0,0.411,sell,False,2022-11-10T01:20:25.728774+00:00
605,5397538149,116.01,0.638,sell,False,2022-11-10T01:20:25.728774+00:00
606,5397535131,116.26,0.087,buy,False,2022-11-10T01:20:04.919799+00:00
607,5397529848,115.99,8.088,buy,False,2022-11-10T01:19:20.472589+00:00
608,5397486642,115.99,0.55,buy,False,2022-11-10T01:14:32.825258+00:00
609,5397486641,115.89,0.111,buy,False,2022-11-10T01:14:32.825258+00:00
610,5397486640,115.52,0.111,buy,False,2022-11-10T01:14:32.825258+00:00
611,5397486639,115.15,0.111,buy,False,2022-11-10T01:14:32.825258+00:00
612,5397486638,115.14,0.643,buy,False,2022-11-10T01:14:32.825258+00:00
613,5397486637,114.78,0.111,buy,False,2022-11-10T01:14:32.825258+00:00
614,5397486636,114.4,0.111,buy,False,2022-11-10T01:14:32.825258+00:00
615,5397478010,114.0,0.518,sell,False,2022-11-10T01:13:15.188334+00:00
616,5397478009,114.01,0.623,sell,False,2022-11-10T01:13:15.188334+00:00
617,5397388787,113.71,0.02,sell,False,2022-11-10T01:02:49.389818+00:00
618,5397384184,113.7,0.045,buy,False,2022-11-10T01:02:26.982703+00:00
619,5397305130,113.7,0.111,buy,False,2022-11-10T00:54:10.592801+00:00
620,5397305068,113.7,0.111,buy,False,2022-11-10T00:54:09.706939+00:00
621,5397304960,113.7,0.111,buy,False,2022-11-10T00:54:08.759580+00:00
622,5397304836,113.7,0.111,buy,False,2022-11-10T00:54:07.909160+00:00
623,5397304747,113.7,0.111,buy,False,2022-11-10T00:54:07.065438+00:00
624,5397304573,111.2,0.021,buy,False,2022-11-10T00:54:05.092847+00:00
625,5397304572,111.2,0.045,buy,False,2022-11-10T00:54:05.092847+00:00
626,5397304464,111.2,0.111,buy,False,2022-11-10T00:54:04.310310+00:00
627,5397304400,111.2,0.111,buy,False,2022-11-10T00:54:03.521892+00:00
628,5397304309,111.2,0.111,buy,False,2022-11-10T00:54:02.680939+00:00
629,5397304171,111.2,0.111,buy,False,2022-11-10T00:54:01.892392+00:00
630,5397304092,111.2,0.111,buy,False,2022-11-10T00:54:01.256801+00:00
631,5397303560,108.7,0.019,buy,False,2022-11-10T00:53:57.348828+00:00
632,5397303422,108.7,0.002,buy,False,2022-11-10T00:53:55.997741+00:00
633,5397303421,108.7,0.109,buy,False,2022-11-10T00:53:55.997741+00:00
634,5397303321,108.7,0.111,buy,False,2022-11-10T00:53:54.996240+00:00
635,5397299909,108.7,0.38,buy,False,2022-11-10T00:53:28.054121+00:00
636,5397296762,115.99,2.952,buy,False,2022-11-10T00:53:05.010890+00:00
637,5397296761,115.89,0.111,buy,False,2022-11-10T00:53:05.010890+00:00
638,5397296760,115.52,0.111,buy,False,2022-11-10T00:53:05.010890+00:00
639,5397296759,115.15,0.111,buy,False,2022-11-10T00:53:05.010890+00:00
640,5397296758,114.78,0.111,buy,False,2022-11-10T00:53:05.010890+00:00
641,5397296757,114.4,0.111,buy,False,2022-11-10T00:53:05.010890+00:00
642,5397296756,114.03,0.111,buy,False,2022-11-10T00:53:05.010890+00:00
643,5397296755,113.66,0.111,buy,False,2022-11-10T00:53:05.010890+00:00
644,5397296754,113.29,0.111,buy,False,2022-11-10T00:53:05.010890+00:00
645,5397296753,112.92,0.111,buy,False,2022-11-10T00:53:05.010890+00:00
646,5397296752,112.55,0.111,buy,False,2022-11-10T00:53:05.010890+00:00
647,5397296751,112.18,0.111,buy,False,2022-11-10T00:53:05.010890+00:00
648,5397296750,111.81,0.111,buy,False,2022-11-10T00:53:05.010890+00:00
649,5397296749,111.44,0.111,buy,False,2022-11-10T00:53:05.010890+00:00
650,5397296748,111.07,0.111,buy,False,2022-11-10T00:53:05.010890+00:00
651,5397296747,110.7,0.111,buy,False,2022-11-10T00:53:05.010890+00:00
652,5397296746,110.33,0.111,buy,False,2022-11-10T00:53:05.010890+00:00
653,5397296745,109.96,0.111,buy,False,2022-11-10T00:53:05.010890+00:00
654,5397296744,109.58,0.111,buy,False,2022-11-10T00:53:05.010890+00:00
655,5397296743,109.21,0.042,buy,False,2022-11-10T00:53:05.010890+00:00
656,5397296742,108.84,0.111,buy,False,2022-11-10T00:53:05.010890+00:00
657,5397296741,108.47,0.111,buy,False,2022-11-10T00:53:05.010890+00:00
658,5397296740,108.1,0.111,buy,False,2022-11-10T00:53:05.010890+00:00
659,5397296739,107.73,0.111,buy,False,2022-11-10T00:53:05.010890+00:00
660,5397296738,107.36,0.111,buy,False,2022-11-10T00:53:05.010890+00:00
661,5397296737,106.99,0.111,buy,False,2022-11-10T00:53:05.010890+00:00
662,5397296736,106.62,0.111,buy,False,2022-11-10T00:53:05.010890+00:00
663,5397296735,106.25,0.111,buy,False,2022-11-10T00:53:05.010890+00:00
664,5397296734,106.2,0.6,buy,False,2022-11-10T00:53:05.010890+00:00
665,5397296733,105.88,0.111,buy,False,2022-11-10T00:53:05.010890+00:00
666,5397296732,105.51,0.111,buy,False,2022-11-10T00:53:05.010890+00:00
667,5397296731,105.13,0.111,buy,False,2022-11-10T00:53:05.010890+00:00
668,5397296730,104.76,0.111,buy,False,2022-11-10T00:53:05.010890+00:00
669,5397296729,104.39,0.111,buy,False,2022-11-10T00:53:05.010890+00:00
670,5397296728,104.02,0.029,buy,False,2022-11-10T00:53:05.010890+00:00
671,5397296727,103.65,0.111,buy,False,2022-11-10T00:53:05.010890+00:00
672,5397296726,103.6,0.6,buy,False,2022-11-10T00:53:05.010890+00:00
673,5397296725,103.28,0.111,buy,False,2022-11-10T00:53:05.010890+00:00
674,5397296724,102.91,0.111,buy,False,2022-11-10T00:53:05.010890+00:00
675,5397296723,102.54,0.111,buy,False,2022-11-10T00:53:05.010890+00:00
676,5397296722,102.17,0.111,buy,False,2022-11-10T00:53:05.010890+00:00
677,5397296721,101.8,0.111,buy,False,2022-11-10T00:53:05.010890+00:00
678,5397296720,101.43,0.111,buy,False,2022-11-10T00:53:05.010890+00:00
679,5397296719,101.1,0.6,buy,False,2022-11-10T00:53:05.010890+00:00
680,5397296718,101.06,0.111,buy,False,2022-11-10T00:53:05.010890+00:00
681,5397296717,100.7,0.003,buy,False,2022-11-10T00:53:05.010890+00:00
682,5397296716,100.69,0.111,buy,False,2022-11-10T00:53:05.010890+00:00
683,5397296715,100.31,0.111,buy,False,2022-11-10T00:53:05.010890+00:00
684,5397296714,99.94,0.111,buy,False,2022-11-10T00:53:05.010890+00:00
685,5397296713,99.57,0.111,buy,False,2022-11-10T00:53:05.010890+00:00
686,5397296712,99.2,0.111,buy,False,2022-11-10T00:53:05.010890+00:00
687,5397239501,99.0,0.741,sell,False,2022-11-10T00:46:10.647745+00:00
688,5397239369,98.83,0.111,buy,False,2022-11-10T00:46:09.099575+00:00
689,5397239368,98.6,0.6,buy,False,2022-11-10T00:46:09.099575+00:00
690,5397239367,98.46,0.111,buy,False,2022-11-10T00:46:09.099575+00:00
691,5397239366,98.09,0.111,buy,False,2022-11-10T00:46:09.099575+00:00
692,5397238390,97.72,0.111,buy,False,2022-11-10T00:45:59.251561+00:00
693,5397238389,97.35,0.111,buy,False,2022-11-10T00:45:59.251561+00:00
694,5397238388,96.98,0.111,buy,False,2022-11-10T00:45:59.251561+00:00
695,5397238387,96.61,0.111,buy,False,2022-11-10T00:45:59.251561+00:00
696,5397238386,96.24,0.111,buy,False,2022-11-10T00:45:59.251561+00:00
697,5397238385,95.87,0.111,buy,False,2022-11-10T00:45:59.251561+00:00
698,5397238384,95.49,0.111,buy,False,2022-11-10T00:45:59.251561+00:00
699,5397238383,95.12,0.111,buy,False,2022-11-10T00:45:59.251561+00:00
700,5397237338,94.75,0.111,buy,False,2022-11-10T00:45:48.881293+00:00
701,5397237337,94.38,0.111,buy,False,2022-11-10T00:45:48.881293+00:00
702,5397237336,94.01,0.111,buy,False,2022-11-10T00:45:48.881293+00:00
703,5397237335,93.64,0.111,buy,False,2022-11-10T00:45:48.881293+00:00
704,5397237334,93.27,0.111,buy,False,2022-11-10T00:45:48.881293+00:00
705,5397237333,92.9,0.111,buy,False,2022-11-10T00:45:48.881293+00:00
706,5397237332,92.53,0.111,buy,False,2022-11-10T00:45:48.881293+00:00
707,5397237331,92.16,0.111,buy,False,2022-11-10T00:45:48.881293+00:00
708,5397236470,91.79,0.111,buy,False,2022-11-10T00:45:40.653072+00:00
709,5397236469,91.42,0.111,buy,False,2022-11-10T00:45:40.653072+00:00
710,5397213482,91.0,12.397,sell,False,2022-11-10T00:43:34.270047+00:00
711,5397213481,91.04,0.111,sell,False,2022-11-10T00:43:34.270047+00:00
712,5397213480,91.42,0.111,sell,False,2022-11-10T00:43:34.270047+00:00
713,5397213479,91.79,0.111,sell,False,2022-11-10T00:43:34.270047+00:00
714,5397213478,92.16,0.111,sell,False,2022-11-10T00:43:34.270047+00:00
715,5397213477,92.53,0.111,sell,False,2022-11-10T00:43:34.270047+00:00
716,5397213476,92.9,0.111,sell,False,2022-11-10T00:43:34.270047+00:00
717,5397213475,93.1,11.302,sell,False,2022-11-10T00:43:34.270047+00:00
718,5397213474,93.27,0.111,sell,False,2022-11-10T00:43:34.270047+00:00
719,5397213473,93.64,0.111,sell,False,2022-11-10T00:43:34.270047+00:00
720,5397213472,94.01,0.111,sell,False,2022-11-10T00:43:34.270047+00:00
721,5397213471,94.38,0.111,sell,False,2022-11-10T00:43:34.270047+00:00
722,5397213470,94.75,0.111,sell,False,2022-11-10T00:43:34.270047+00:00
723,5397213469,95.12,0.111,sell,False,2022-11-10T00:43:34.270047+00:00
724,5397213468,95.49,0.111,sell,False,2022-11-10T00:43:34.270047+00:00
725,5397213467,95.87,0.111,sell,False,2022-11-10T00:43:34.270047+00:00
726,5397213466,96.1,0.6,sell,False,2022-11-10T00:43:34.270047+00:00
727,5397213465,96.24,0.111,sell,False,2022-11-10T00:43:34.270047+00:00
728,5397213464,96.61,0.111,sell,False,2022-11-10T00:43:34.270047+00:00
729,5397213463,96.98,0.111,sell,False,2022-11-10T00:43:34.270047+00:00
730,5397213462,97.35,0.111,sell,False,2022-11-10T00:43:34.270047+00:00
731,5397213461,97.36,0.741,sell,False,2022-11-10T00:43:34.270047+00:00
732,5397213460,97.72,0.111,sell,False,2022-11-10T00:43:34.270047+00:00
733,5397213459,98.09,0.111,sell,False,2022-11-10T00:43:34.270047+00:00
734,5397213458,98.46,0.111,sell,False,2022-11-10T00:43:34.270047+00:00
735,5397213457,98.83,0.111,sell,False,2022-11-10T00:43:34.270047+00:00
736,5397213456,99.2,0.11,sell,False,2022-11-10T00:43:34.270047+00:00
737,5397213455,99.2,0.111,sell,False,2022-11-10T00:43:34.270047+00:00
738,5397144195,99.57,0.111,buy,False,2022-11-10T00:36:01.270651+00:00
739,5397144194,99.2,0.111,buy,False,2022-11-10T00:36:01.270651+00:00
740,5397141675,98.83,0.111,buy,False,2022-11-10T00:35:46.293531+00:00
741,5397141674,98.6,0.6,buy,False,2022-11-10T00:35:46.293531+00:00
742,5397141673,98.46,0.111,buy,False,2022-11-10T00:35:46.293531+00:00
743,5397141672,98.09,0.111,buy,False,2022-11-10T00:35:46.293531+00:00
744,5397141671,97.72,0.111,buy,False,2022-11-10T00:35:46.293531+00:00
745,5397141670,97.35,0.111,buy,False,2022-11-10T00:35:46.293531+00:00
746,5397138706,97.0,0.745,sell,False,2022-11-10T00:35:31.091043+00:00
747,5397138080,96.98,0.111,buy,False,2022-11-10T00:35:28.497362+00:00
748,5397138079,96.61,0.111,buy,False,2022-11-10T00:35:28.497362+00:00
749,5397138078,96.24,0.111,buy,False,2022-11-10T00:35:28.497362+00:00
750,5397130489,94.01,0.043,buy,False,2022-11-10T00:34:44.689118+00:00
751,5397130488,93.64,0.111,buy,False,2022-11-10T00:34:44.689118+00:00
752,5397126213,96.1,0.023,sell,False,2022-11-10T00:34:13.055881+00:00
753,5397126212,96.1,0.045,sell,False,2022-11-10T00:34:13.055881+00:00
754,5397126126,96.1,0.111,sell,False,2022-11-10T00:34:12.165420+00:00
755,5397126018,96.1,0.111,sell,False,2022-11-10T00:34:11.089165+00:00
756,5397125957,96.1,0.111,sell,False,2022-11-10T00:34:10.639814+00:00
757,5397125903,96.1,0.111,sell,False,2022-11-10T00:34:10.078907+00:00
758,5397125851,96.1,0.111,sell,False,2022-11-10T00:34:09.652882+00:00
759,5397121186,93.1,0.179,sell,False,2022-11-10T00:33:34.960972+00:00
760,5397121185,93.27,0.111,sell,False,2022-11-10T00:33:34.960972+00:00
761,5397121184,93.64,0.111,sell,False,2022-11-10T00:33:34.960972+00:00
762,5397121183,94.01,0.111,sell,False,2022-11-10T00:33:34.960972+00:00
763,5397121182,94.38,0.111,sell,False,2022-11-10T00:33:34.960972+00:00
764,5397121181,94.75,0.111,sell,False,2022-11-10T00:33:34.960972+00:00
765,5397121180,95.12,0.111,sell,False,2022-11-10T00:33:34.960972+00:00
766,5397121179,95.49,0.111,sell,False,2022-11-10T00:33:34.960972+00:00
767,5397121178,95.87,0.111,sell,False,2022-11-10T00:33:34.960972+00:00
768,5397121177,96.24,0.111,sell,False,2022-11-10T00:33:34.960972+00:00
769,5397121176,96.61,0.111,sell,False,2022-11-10T00:33:34.960972+00:00
770,5397121175,96.98,0.111,sell,False,2022-11-10T00:33:34.960972+00:00
771,5397121174,97.35,0.111,sell,False,2022-11-10T00:33:34.960972+00:00
772,5397121173,97.72,0.111,sell,False,2022-11-10T00:33:34.960972+00:00
773,5397121172,98.09,0.111,sell,False,2022-11-10T00:33:34.960972+00:00
774,5397121171,98.46,0.111,sell,False,2022-11-10T00:33:34.960972+00:00
775,5397121170,98.6,0.6,sell,False,2022-11-10T00:33:34.960972+00:00
776,5397121169,98.83,0.111,sell,False,2022-11-10T00:33:34.960972+00:00
777,5397121168,99.2,0.111,sell,False,2022-11-10T00:33:34.960972+00:00
778,5397121167,99.57,0.111,sell,False,2022-11-10T00:33:34.960972+00:00
779,5397121166,99.7,0.003,sell,False,2022-11-10T00:33:34.960972+00:00
780,5397121165,99.94,0.111,sell,False,2022-11-10T00:33:34.960972+00:00
781,5397121164,100.31,0.111,sell,False,2022-11-10T00:33:34.960972+00:00
782,5397121163,100.69,0.111,sell,False,2022-11-10T00:33:34.960972+00:00
783,5397121162,100.86,0.817,sell,False,2022-11-10T00:33:34.960972+00:00
784,5397121161,101.06,0.111,sell,False,2022-11-10T00:33:34.960972+00:00
785,5397121160,101.1,0.246,sell,False,2022-11-10T00:33:34.960972+00:00
786,5397121159,101.43,0.111,sell,False,2022-11-10T00:33:34.960972+00:00
787,5397121158,101.8,0.111,sell,False,2022-11-10T00:33:34.960972+00:00
788,5397121157,102.17,0.111,sell,False,2022-11-10T00:33:34.960972+00:00
789,5397121156,102.54,0.111,sell,False,2022-11-10T00:33:34.960972+00:00
790,5397121155,102.91,0.111,sell,False,2022-11-10T00:33:34.960972+00:00
791,5397121154,103.28,0.111,sell,False,2022-11-10T00:33:34.960972+00:00
792,5397121153,103.6,0.047,sell,False,2022-11-10T00:33:34.960972+00:00
793,5397001818,104.02,0.082,buy,False,2022-11-10T00:22:51.116712+00:00
794,5396948716,103.6,0.553,sell,False,2022-11-10T00:16:40.654565+00:00
795,5396948715,103.65,0.111,sell,False,2022-11-10T00:16:40.654565+00:00
796,5396948714,104.02,0.111,sell,False,2022-11-10T00:16:40.654565+00:00
797,5396948713,104.39,0.111,sell,False,2022-11-10T00:16:40.654565+00:00
798,5396948712,104.76,0.111,sell,False,2022-11-10T00:16:40.654565+00:00
799,5396948711,104.77,0.3,sell,False,2022-11-10T00:16:40.654565+00:00
800,5396948710,105.13,0.111,sell,False,2022-11-10T00:16:40.654565+00:00
801,5396948709,105.51,0.111,sell,False,2022-11-10T00:16:40.654565+00:00
802,5396948708,105.88,0.111,sell,False,2022-11-10T00:16:40.654565+00:00
803,5396948707,106.2,0.045,sell,False,2022-11-10T00:16:40.654565+00:00
804,5396948706,106.25,0.111,sell,False,2022-11-10T00:16:40.654565+00:00
805,5396948705,106.62,0.103,sell,False,2022-11-10T00:16:40.654565+00:00
806,5396948704,106.62,0.111,sell,False,2022-11-10T00:16:40.654565+00:00
807,5396868763,106.63,0.445,sell,False,2022-11-10T00:11:13.103012+00:00
808,5396868762,106.99,0.111,sell,False,2022-11-10T00:11:13.103012+00:00
809,5396868761,107.36,0.111,sell,False,2022-11-10T00:11:13.103012+00:00
810,5396868760,107.73,0.111,sell,False,2022-11-10T00:11:13.103012+00:00
811,5396868759,108.1,0.111,sell,False,2022-11-10T00:11:13.103012+00:00
812,5396868758,108.47,0.111,sell,False,2022-11-10T00:11:13.103012+00:00
813,5396838189,105.88,0.111,buy,False,2022-11-10T00:07:57.210595+00:00
814,5396838188,105.51,0.111,buy,False,2022-11-10T00:07:57.210595+00:00
815,5396838187,105.13,0.111,buy,False,2022-11-10T00:07:57.210595+00:00
816,5396838186,104.76,0.111,buy,False,2022-11-10T00:07:57.210595+00:00
817,5396838185,104.39,0.111,buy,False,2022-11-10T00:07:57.210595+00:00
818,5396837178,109.21,0.069,buy,False,2022-11-10T00:07:51.898057+00:00
819,5396837177,108.84,0.111,buy,False,2022-11-10T00:07:51.898057+00:00
820,5396837176,108.7,0.599,buy,False,2022-11-10T00:07:51.898057+00:00
821,5396837175,108.47,0.111,buy,False,2022-11-10T00:07:51.898057+00:00
822,5396837174,108.1,0.111,buy,False,2022-11-10T00:07:51.898057+00:00
823,5396837173,107.73,0.111,buy,False,2022-11-10T00:07:51.898057+00:00
824,5396837172,107.36,0.111,buy,False,2022-11-10T00:07:51.898057+00:00
825,5396837171,106.99,0.111,buy,False,2022-11-10T00:07:51.898057+00:00
826,5396837170,106.98,0.334,buy,False,2022-11-10T00:07:51.898057+00:00
827,5396837169,106.62,0.11,buy,False,2022-11-10T00:07:51.898057+00:00
828,5396837168,106.62,0.111,buy,False,2022-11-10T00:07:51.898057+00:00
829,5396837167,106.25,0.111,buy,False,2022-11-10T00:07:51.898057+00:00
830,5396835043,103.66,0.334,sell,False,2022-11-10T00:07:42.392367+00:00
831,5396835042,104.02,0.111,sell,False,2022-11-10T00:07:42.392367+00:00
832,5396835041,104.39,0.111,sell,False,2022-11-10T00:07:42.392367+00:00
833,5396835040,104.76,0.111,sell,False,2022-11-10T00:07:42.392367+00:00
834,5396835039,105.13,0.111,sell,False,2022-11-10T00:07:42.392367+00:00
835,5396835038,105.51,0.111,sell,False,2022-11-10T00:07:42.392367+00:00
836,5396835037,105.88,0.111,sell,False,2022-11-10T00:07:42.392367+00:00
837,5396797258,108.7,0.001,buy,False,2022-11-10T00:03:57.360173+00:00
838,5396797257,106.2,0.11,buy,False,2022-11-10T00:03:57.360173+00:00
839,5396797114,106.2,0.111,buy,False,2022-11-10T00:03:56.511282+00:00
840,5396796883,106.2,0.111,buy,False,2022-11-10T00:03:55.779073+00:00
841,5396796618,106.2,0.111,buy,False,2022-11-10T00:03:54.907805+00:00
842,5396796501,106.2,0.111,buy,False,2022-11-10T00:03:54.153221+00:00
843,5396796348,106.2,0.046,buy,False,2022-11-10T00:03:53.152787+00:00
844,5396796347,106.19,0.065,buy,False,2022-11-10T00:03:53.152787+00:00
845,5396796175,106.19,0.111,buy,False,2022-11-10T00:03:52.433316+00:00
846,5396795948,106.19,0.111,buy,False,2022-11-10T00:03:51.759514+00:00
847,5396795472,106.19,0.111,buy,False,2022-11-10T00:03:50.430025+00:00
848,5396795245,106.19,0.111,buy,False,2022-11-10T00:03:49.527702+00:00
849,5396795038,106.19,0.111,buy,False,2022-11-10T00:03:48.582274+00:00
850,5396794835,106.19,0.111,buy,False,2022-11-10T00:03:47.654595+00:00
851,5396781147,101.1,0.354,sell,False,2022-11-10T00:02:58.531194+00:00
852,5396781146,102.3,0.022,sell,False,2022-11-10T00:02:58.531194+00:00
853,5396781145,102.3,0.624,sell,False,2022-11-10T00:02:58.531194+00:00
854,5396776713,102.3,0.111,sell,False,2022-11-10T00:02:47.958802+00:00
855,5396776532,102.3,0.032,sell,False,2022-11-10T00:02:47.590890+00:00
856,5396776531,103.6,0.079,sell,False,2022-11-10T00:02:47.590890+00:00
857,5396775974,103.6,0.111,sell,False,2022-11-10T00:02:46.077938+00:00
858,5396775593,103.6,0.057,sell,False,2022-11-10T00:02:45.499087+00:00
859,5396775592,103.74,0.054,sell,False,2022-11-10T00:02:45.499087+00:00
860,5396775398,103.74,0.111,sell,False,2022-11-10T00:02:44.997641+00:00
861,5396775216,103.74,0.111,sell,False,2022-11-10T00:02:44.338599+00:00
862,5396775115,103.74,0.111,sell,False,2022-11-10T00:02:43.904338+00:00
863,5396775035,103.74,0.111,sell,False,2022-11-10T00:02:43.416802+00:00
864,5396774867,103.74,0.111,sell,False,2022-11-10T00:02:42.847018+00:00
865,5396774718,103.74,0.111,sell,False,2022-11-10T00:02:42.261480+00:00
866,5396774235,103.6,0.111,sell,False,2022-11-10T00:02:40.810920+00:00
867,5396774008,103.6,0.111,sell,False,2022-11-10T00:02:40.248683+00:00
868,5396773880,103.6,0.111,sell,False,2022-11-10T00:02:39.731019+00:00
869,5396773636,103.6,0.02,sell,False,2022-11-10T00:02:39.206614+00:00
870,5396773635,105.18,0.091,sell,False,2022-11-10T00:02:39.206614+00:00
871,5396773485,105.18,0.111,sell,False,2022-11-10T00:02:38.751474+00:00
872,5396773410,105.18,0.111,sell,False,2022-11-10T00:02:38.350180+00:00
873,5396773306,105.18,0.111,sell,False,2022-11-10T00:02:37.819920+00:00
874,5396772971,105.18,0.111,sell,False,2022-11-10T00:02:37.270061+00:00
875,5396772839,105.18,0.111,sell,False,2022-11-10T00:02:36.721722+00:00
876,5396772605,105.18,0.031,sell,False,2022-11-10T00:02:35.937529+00:00
877,5396772604,106.2,0.08,sell,False,2022-11-10T00:02:35.937529+00:00
878,5396772266,106.2,0.111,sell,False,2022-11-10T00:02:35.309040+00:00
879,5396772104,106.2,0.111,sell,False,2022-11-10T00:02:34.782091+00:00
880,5396772015,106.2,0.111,sell,False,2022-11-10T00:02:34.246138+00:00
881,5396771886,106.2,0.111,sell,False,2022-11-10T00:02:33.756904+00:00
882,5396771649,106.2,0.076,sell,False,2022-11-10T00:02:33.148813+00:00
883,5396771648,106.63,0.022,sell,False,2022-11-10T00:02:33.148813+00:00
884,5396771647,106.63,0.013,sell,False,2022-11-10T00:02:33.148813+00:00
885,5396771495,106.63,0.111,sell,False,2022-11-10T00:02:32.486725+00:00
886,5396771391,106.63,0.111,sell,False,2022-11-10T00:02:31.904545+00:00
887,5396771206,106.63,0.111,sell,False,2022-11-10T00:02:31.208591+00:00
888,5396771137,106.63,0.111,sell,False,2022-11-10T00:02:30.837375+00:00
889,5396771043,106.63,0.111,sell,False,2022-11-10T00:02:30.463581+00:00
890,5396770924,106.63,0.068,sell,False,2022-11-10T00:02:30.100626+00:00
891,5396770923,108.07,0.043,sell,False,2022-11-10T00:02:30.100626+00:00
892,5396770568,108.07,0.111,sell,False,2022-11-10T00:02:29.178345+00:00
893,5396769240,108.07,0.111,sell,False,2022-11-10T00:02:28.158881+00:00
894,5396769092,108.07,0.111,sell,False,2022-11-10T00:02:27.438647+00:00
895,5396768322,108.07,0.111,sell,False,2022-11-10T00:02:25.622710+00:00
896,5396767451,108.07,0.11,sell,False,2022-11-10T00:02:24.540201+00:00
897,5396767450,109.51,0.001,sell,False,2022-11-10T00:02:24.540201+00:00
898,5396766880,109.51,0.111,sell,False,2022-11-10T00:02:23.235523+00:00
899,5396766750,109.51,0.111,sell,False,2022-11-10T00:02:22.384747+00:00
900,5396766601,109.51,0.111,sell,False,2022-11-10T00:02:21.446828+00:00
901,5396766418,109.51,0.111,sell,False,2022-11-10T00:02:20.510979+00:00
902,5396766258,109.51,0.111,sell,False,2022-11-10T00:02:19.694710+00:00
903,5396766153,109.51,0.005,sell,False,2022-11-10T00:02:18.962826+00:00
904,5396766152,110.95,0.022,sell,False,2022-11-10T00:02:18.962826+00:00
905,5396766151,110.95,0.084,sell,False,2022-11-10T00:02:18.962826+00:00
906,5396766023,110.95,0.111,sell,False,2022-11-10T00:02:18.250982+00:00
907,5396765902,110.95,0.111,sell,False,2022-11-10T00:02:17.515223+00:00
908,5396765731,110.95,0.111,sell,False,2022-11-10T00:02:16.610333+00:00
909,5396765455,110.95,0.111,sell,False,2022-11-10T00:02:15.784694+00:00
910,5396752906,112.39,0.496,sell,False,2022-11-10T00:01:11.545144+00:00
911,5396752725,113.83,0.464,sell,False,2022-11-10T00:01:11.008796+00:00
912,5396752262,100.7,0.003,buy,False,2022-11-10T00:01:07.619729+00:00
913,5396751346,93.64,0.111,sell,False,2022-11-10T00:01:03.395954+00:00
914,5396751345,94.01,0.111,sell,False,2022-11-10T00:01:03.395954+00:00
915,5396751344,94.38,0.111,sell,False,2022-11-10T00:01:03.395954+00:00
916,5396751343,94.75,0.111,sell,False,2022-11-10T00:01:03.395954+00:00
917,5396751342,95.12,0.111,sell,False,2022-11-10T00:01:03.395954+00:00
918,5396751341,95.49,0.111,sell,False,2022-11-10T00:01:03.395954+00:00
919,5396751340,95.87,0.111,sell,False,2022-11-10T00:01:03.395954+00:00
920,5396751339,96.24,0.111,sell,False,2022-11-10T00:01:03.395954+00:00
921,5396751338,96.61,0.111,sell,False,2022-11-10T00:01:03.395954+00:00
922,5396751337,96.98,0.111,sell,False,2022-11-10T00:01:03.395954+00:00
923,5396751336,97.35,0.111,sell,False,2022-11-10T00:01:03.395954+00:00
924,5396751335,97.72,0.111,sell,False,2022-11-10T00:01:03.395954+00:00
925,5396751334,98.09,0.111,sell,False,2022-11-10T00:01:03.395954+00:00
926,5396751333,98.46,0.111,sell,False,2022-11-10T00:01:03.395954+00:00
927,5396751332,98.83,0.111,sell,False,2022-11-10T00:01:03.395954+00:00
928,5396751331,99.2,0.111,sell,False,2022-11-10T00:01:03.395954+00:00
929,5396751330,99.57,0.111,sell,False,2022-11-10T00:01:03.395954+00:00
930,5396751329,99.7,0.003,sell,False,2022-11-10T00:01:03.395954+00:00
931,5396751328,99.94,0.111,sell,False,2022-11-10T00:01:03.395954+00:00
932,5396751327,100.31,0.111,sell,False,2022-11-10T00:01:03.395954+00:00
933,5396751326,100.69,0.111,sell,False,2022-11-10T00:01:03.395954+00:00
934,5396751325,101.06,0.111,sell,False,2022-11-10T00:01:03.395954+00:00
935,5396751324,101.43,0.111,sell,False,2022-11-10T00:01:03.395954+00:00
936,5396751323,101.8,0.111,sell,False,2022-11-10T00:01:03.395954+00:00
937,5396751322,102.17,0.111,sell,False,2022-11-10T00:01:03.395954+00:00
938,5396751321,102.54,0.111,sell,False,2022-11-10T00:01:03.395954+00:00
939,5396751320,102.91,0.111,sell,False,2022-11-10T00:01:03.395954+00:00
940,5396751319,103.28,0.111,sell,False,2022-11-10T00:01:03.395954+00:00
941,5396751318,103.65,0.111,sell,False,2022-11-10T00:01:03.395954+00:00
942,5396751317,104.02,0.111,sell,False,2022-11-10T00:01:03.395954+00:00
943,5396751316,104.39,0.111,sell,False,2022-11-10T00:01:03.395954+00:00
944,5396751315,104.76,0.111,sell,False,2022-11-10T00:01:03.395954+00:00
945,5396751314,105.13,0.111,sell,False,2022-11-10T00:01:03.395954+00:00
946,5396751313,105.51,0.111,sell,False,2022-11-10T00:01:03.395954+00:00
947,5396751312,105.88,0.111,sell,False,2022-11-10T00:01:03.395954+00:00
948,5396751311,106.25,0.111,sell,False,2022-11-10T00:01:03.395954+00:00
949,5396751310,106.62,0.111,sell,False,2022-11-10T00:01:03.395954+00:00
950,5396751309,106.99,0.111,sell,False,2022-11-10T00:01:03.395954+00:00
951,5396751308,107.36,0.111,sell,False,2022-11-10T00:01:03.395954+00:00
952,5396751307,107.73,0.111,sell,False,2022-11-10T00:01:03.395954+00:00
953,5396751306,108.1,0.111,sell,False,2022-11-10T00:01:03.395954+00:00
954,5396751305,108.47,0.111,sell,False,2022-11-10T00:01:03.395954+00:00
955,5396751304,108.7,0.6,sell,False,2022-11-10T00:01:03.395954+00:00
956,5396751303,108.84,0.111,sell,False,2022-11-10T00:01:03.395954+00:00
957,5396751302,109.21,0.111,sell,False,2022-11-10T00:01:03.395954+00:00
958,5396751301,109.58,0.111,sell,False,2022-11-10T00:01:03.395954+00:00
959,5396751300,109.96,0.111,sell,False,2022-11-10T00:01:03.395954+00:00
960,5396751299,110.33,0.111,sell,False,2022-11-10T00:01:03.395954+00:00
961,5396751298,110.7,0.111,sell,False,2022-11-10T00:01:03.395954+00:00
962,5396751297,111.07,0.111,sell,False,2022-11-10T00:01:03.395954+00:00
963,5396751296,111.2,0.6,sell,False,2022-11-10T00:01:03.395954+00:00
964,5396751295,111.44,0.111,sell,False,2022-11-10T00:01:03.395954+00:00
965,5396751294,111.81,0.111,sell,False,2022-11-10T00:01:03.395954+00:00
966,5396751293,112.18,0.111,sell,False,2022-11-10T00:01:03.395954+00:00
967,5396751292,112.55,0.111,sell,False,2022-11-10T00:01:03.395954+00:00
968,5396751291,112.92,0.111,sell,False,2022-11-10T00:01:03.395954+00:00
969,5396751290,113.29,0.111,sell,False,2022-11-10T00:01:03.395954+00:00
970,5396751289,113.66,0.111,sell,False,2022-11-10T00:01:03.395954+00:00
971,5396751288,113.7,0.6,sell,False,2022-11-10T00:01:03.395954+00:00
972,5396751287,114.03,0.111,sell,False,2022-11-10T00:01:03.395954+00:00
973,5396751286,114.4,0.111,sell,False,2022-11-10T00:01:03.395954+00:00
974,5396751285,114.78,0.111,sell,False,2022-11-10T00:01:03.395954+00:00
975,5396751284,115.15,0.111,sell,False,2022-11-10T00:01:03.395954+00:00
976,5396751283,115.27,0.439,sell,False,2022-11-10T00:01:03.395954+00:00
977,5396751282,115.52,0.111,sell,False,2022-11-10T00:01:03.395954+00:00
978,5396751281,115.89,0.103,sell,False,2022-11-10T00:01:03.395954+00:00
979,5396751280,116.26,0.111,sell,False,2022-11-10T00:01:03.395954+00:00
980,5396751279,116.71,0.302,sell,False,2022-11-10T00:01:03.395954+00:00
981,5396740263,116.63,0.111,buy,False,2022-11-10T00:00:16.614345+00:00
982,5396737473,115.89,0.008,sell,False,2022-11-10T00:00:06.160180+00:00
983,5396737472,116.26,0.111,sell,False,2022-11-10T00:00:06.160180+00:00
984,5396737471,116.3,0.017,sell,False,2022-11-10T00:00:06.160180+00:00
985,5396737470,116.63,0.11,sell,False,2022-11-10T00:00:06.160180+00:00
986,5396737469,118.15,0.388,sell,False,2022-11-10T00:00:06.160180+00:00
987,5396737468,119.59,0.366,sell,False,2022-11-10T00:00:06.160180+00:00
988,5396733437,116.63,0.001,sell,False,2022-11-09T23:59:49.796952+00:00
989,5396733436,118.8,0.6,sell,False,2022-11-09T23:59:49.796952+00:00
990,5396733435,121.04,0.344,sell,False,2022-11-09T23:59:49.796952+00:00
991,5396733434,122.48,0.055,sell,False,2022-11-09T23:59:49.796952+00:00
992,5396732838,122.48,0.269,sell,False,2022-11-09T23:59:46.379401+00:00
993,5396732837,122.49,0.731,sell,False,2022-11-09T23:59:46.379401+00:00
994,5396725989,123.8,0.305,buy,False,2022-11-09T23:59:09.560962+00:00
995,5396725955,123.8,0.222,buy,False,2022-11-09T23:59:09.199735+00:00
996,5396725954,121.3,0.02,buy,False,2022-11-09T23:59:09.199735+00:00
997,5396725953,121.3,0.045,buy,False,2022-11-09T23:59:09.199735+00:00
998,5396723611,121.3,0.27,buy,False,2022-11-09T23:58:53.981515+00:00
999,5396723588,121.3,0.255,buy,False,2022-11-09T23:58:53.663529+00:00
1000,5396722948,121.3,0.03,buy,False,2022-11-09T23:58:50.016369+00:00
1001,5396722947,121.29,0.21,buy,False,2022-11-09T23:58:50.016369+00:00
1002,5396722921,121.29,0.226,buy,False,2022-11-09T23:58:49.668897+00:00
1003,5396721466,121.29,0.213,buy,False,2022-11-09T23:58:38.414362+00:00
1004,5396721421,121.29,0.09,buy,False,2022-11-09T23:58:38.100508+00:00
1005,5396721420,117.0,0.111,buy,False,2022-11-09T23:58:38.100508+00:00
1006,5396720411,116.3,0.583,sell,False,2022-11-09T23:58:32.481628+00:00
1007,5396720410,116.63,0.111,sell,False,2022-11-09T23:58:32.481628+00:00
1008,5396720409,118.8,0.306,sell,False,2022-11-09T23:58:32.481628+00:00
1009,5396719930,118.8,0.294,sell,False,2022-11-09T23:58:28.712527+00:00
1010,5396719929,121.3,0.6,sell,False,2022-11-09T23:58:28.712527+00:00
1011,5396719928,121.31,0.106,sell,False,2022-11-09T23:58:28.712527+00:00
1012,5396719417,121.31,0.633,sell,False,2022-11-09T23:58:25.120925+00:00
1013,5396719416,135.45,0.189,sell,False,2022-11-09T23:58:25.120925+00:00
1014,5396719415,136.89,0.178,sell,False,2022-11-09T23:58:25.120925+00:00
1015,5396716161,138.33,0.168,sell,False,2022-11-09T23:58:06.543166+00:00
1016,5396716160,139.77,0.158,sell,False,2022-11-09T23:58:06.543166+00:00
1017,5396711979,141.21,0.149,sell,False,2022-11-09T23:57:43.073094+00:00
1018,5396711978,142.65,0.141,sell,False,2022-11-09T23:57:43.073094+00:00
1019,5396709256,144.0,24.424,buy,False,2022-11-09T23:57:26.460555+00:00
1020,5396708031,144.0,0.07,buy,False,2022-11-09T23:57:18.685747+00:00
1021,5396704005,144.0,0.549,buy,False,2022-11-09T23:56:55.027035+00:00
1022,5396704004,144.0,0.08,buy,False,2022-11-09T23:56:55.027035+00:00
1023,5396704003,139.0,0.08,buy,False,2022-11-09T23:56:55.027035+00:00
1024,5396704002,138.0,2.96,buy,False,2022-11-09T23:56:55.027035+00:00
1025,5396704001,138.0,0.11,buy,False,2022-11-09T23:56:55.027035+00:00
1026,5396704000,123.8,0.6,buy,False,2022-11-09T23:56:55.027035+00:00
1027,5396703999,121.3,0.021,buy,False,2022-11-09T23:56:55.027035+00:00
1028,5396703998,121.3,0.6,buy,False,2022-11-09T23:56:55.027035+00:00
1029,5396698670,138.0,4.89,buy,False,2022-11-09T23:56:23.228246+00:00
1030,5396698669,138.0,0.058,buy,False,2022-11-09T23:56:23.228246+00:00
1031,5396698668,120.0,3.231,buy,False,2022-11-09T23:56:23.228246+00:00
1032,5396698667,118.8,0.6,buy,False,2022-11-09T23:56:23.228246+00:00
1033,5396698666,116.3,0.6,buy,False,2022-11-09T23:56:23.228246+00:00
1034,5396698665,113.7,0.021,buy,False,2022-11-09T23:56:23.228246+00:00
1035,5396698664,113.7,0.6,buy,False,2022-11-09T23:56:23.228246+00:00
1036,5396693616,120.0,1.769,buy,False,2022-11-09T23:55:51.992887+00:00
1037,5396693615,117.0,0.111,buy,False,2022-11-09T23:55:51.992887+00:00
1038,5396693614,116.63,0.111,buy,False,2022-11-09T23:55:51.992887+00:00
1039,5396693613,116.26,0.111,buy,False,2022-11-09T23:55:51.992887+00:00
1040,5396693612,115.89,0.111,buy,False,2022-11-09T23:55:51.992887+00:00
1041,5396693611,115.52,0.111,buy,False,2022-11-09T23:55:51.992887+00:00
1042,5396693610,115.15,0.111,buy,False,2022-11-09T23:55:51.992887+00:00
1043,5396693609,114.78,0.111,buy,False,2022-11-09T23:55:51.992887+00:00
1044,5396693608,114.4,0.111,buy,False,2022-11-09T23:55:51.992887+00:00
1045,5396693607,114.03,0.111,buy,False,2022-11-09T23:55:51.992887+00:00
1046,5396693606,113.66,0.111,buy,False,2022-11-09T23:55:51.992887+00:00
1047,5396693605,113.29,0.111,buy,False,2022-11-09T23:55:51.992887+00:00
1048,5396693604,112.92,0.111,buy,False,2022-11-09T23:55:51.992887+00:00
1049,5396693603,112.55,0.111,buy,False,2022-11-09T23:55:51.992887+00:00
1050,5396693602,112.18,0.111,buy,False,2022-11-09T23:55:51.992887+00:00
1051,5396693601,111.81,0.111,buy,False,2022-11-09T23:55:51.992887+00:00
1052,5396693600,111.44,0.111,buy,False,2022-11-09T23:55:51.992887+00:00
1053,5396693599,111.2,0.6,buy,False,2022-11-09T23:55:51.992887+00:00
1054,5396693598,111.07,0.111,buy,False,2022-11-09T23:55:51.992887+00:00
1055,5396693597,110.7,0.111,buy,False,2022-11-09T23:55:51.992887+00:00
1056,5396693596,110.33,0.111,buy,False,2022-11-09T23:55:51.992887+00:00
1057,5396693595,109.96,0.111,buy,False,2022-11-09T23:55:51.992887+00:00
1058,5396693594,109.58,0.111,buy,False,2022-11-09T23:55:51.992887+00:00
1059,5396693593,109.21,0.111,buy,False,2022-11-09T23:55:51.992887+00:00
1060,5396693592,108.84,0.111,buy,False,2022-11-09T23:55:51.992887+00:00
1061,5396693591,108.7,0.512,buy,False,2022-11-09T23:55:51.992887+00:00
1062,5396693590,108.47,0.111,buy,False,2022-11-09T23:55:51.992887+00:00
1063,5396693589,108.1,0.111,buy,False,2022-11-09T23:55:51.992887+00:00
1064,5396693588,107.73,0.111,buy,False,2022-11-09T23:55:51.992887+00:00
1065,5396693587,107.36,0.111,buy,False,2022-11-09T23:55:51.992887+00:00
1066,5396693586,106.99,0.111,buy,False,2022-11-09T23:55:51.992887+00:00
1067,5396693585,106.62,0.111,buy,False,2022-11-09T23:55:51.992887+00:00
1068,5396693584,106.25,0.111,buy,False,2022-11-09T23:55:51.992887+00:00
1069,5396693583,106.2,0.6,buy,False,2022-11-09T23:55:51.992887+00:00
1070,5396693582,105.88,0.111,buy,False,2022-11-09T23:55:51.992887+00:00
1071,5396693581,105.13,0.016,buy,False,2022-11-09T23:55:51.992887+00:00
1072,5396693580,104.92,1.919,buy,False,2022-11-09T23:55:51.992887+00:00
1073,5396693579,104.76,0.111,buy,False,2022-11-09T23:55:51.992887+00:00
1074,5396693578,104.75,0.389,buy,False,2022-11-09T23:55:51.992887+00:00
1075,5396693577,104.75,0.165,buy,False,2022-11-09T23:55:51.992887+00:00
1076,5396693576,104.75,0.111,buy,False,2022-11-09T23:55:51.992887+00:00
1077,5396693575,103.65,0.1,buy,False,2022-11-09T23:55:51.992887+00:00
1078,5396693574,102.54,0.086,buy,False,2022-11-09T23:55:51.992887+00:00
1079,5396693573,102.17,0.07,buy,False,2022-11-09T23:55:51.992887+00:00
1080,5396693572,101.8,0.111,buy,False,2022-11-09T23:55:51.992887+00:00
1081,5396690158,101.11,0.389,sell,False,2022-11-09T23:55:32.400130+00:00
1082,5396690157,101.43,0.111,sell,False,2022-11-09T23:55:32.400130+00:00
1083,5396634865,101.11,0.111,sell,False,2022-11-09T23:49:57.990292+00:00
1084,5396634790,101.11,0.054,sell,False,2022-11-09T23:49:57.615651+00:00
1085,5396634789,101.16,0.057,sell,False,2022-11-09T23:49:57.615651+00:00
1086,5396634599,101.16,0.111,sell,False,2022-11-09T23:49:56.610076+00:00
1087,5396634547,101.16,0.111,sell,False,2022-11-09T23:49:56.224055+00:00
1088,5396634468,101.11,0.111,sell,False,2022-11-09T23:49:55.834059+00:00
1089,5396634447,102.17,0.041,buy,False,2022-11-09T23:49:55.660434+00:00
1090,5396634446,101.8,0.111,buy,False,2022-11-09T23:49:55.660434+00:00
1091,5396634445,101.43,0.111,buy,False,2022-11-09T23:49:55.660434+00:00
1092,5396633893,103.36,0.025,sell,False,2022-11-09T23:49:52.616138+00:00
1093,5396633697,103.36,0.111,sell,False,2022-11-09T23:49:51.697502+00:00
1094,5396633692,103.28,0.111,buy,False,2022-11-09T23:49:51.673346+00:00
1095,5396633389,104.46,0.011,sell,False,2022-11-09T23:49:50.034095+00:00
1096,5396633300,104.46,0.111,sell,False,2022-11-09T23:49:49.273937+00:00
1097,5396633123,104.46,0.111,sell,False,2022-11-09T23:49:48.530663+00:00
1098,5396632808,105.56,0.095,sell,False,2022-11-09T23:49:46.900327+00:00
1099,5396632636,105.56,0.111,sell,False,2022-11-09T23:49:46.041178+00:00
1100,5396626437,103.6,0.014,buy,False,2022-11-09T23:49:16.807896+00:00
1101,5396626248,103.6,0.207,buy,False,2022-11-09T23:49:16.445616+00:00
1102,5396625235,103.6,0.195,buy,False,2022-11-09T23:49:12.454737+00:00
1103,5396625129,103.6,0.184,buy,False,2022-11-09T23:49:11.971700+00:00
1104,5396624565,109.96,0.088,sell,False,2022-11-09T23:49:09.671988+00:00
1105,5396623959,109.96,0.003,sell,False,2022-11-09T23:49:07.414160+00:00
1106,5396622604,110.42,0.79,buy,False,2022-11-09T23:49:01.703026+00:00
1107,5396622603,110.33,0.111,buy,False,2022-11-09T23:49:01.703026+00:00
1108,5396622602,109.96,0.111,buy,False,2022-11-09T23:49:01.703026+00:00
1109,5396622601,108.75,4.503,buy,False,2022-11-09T23:49:01.703026+00:00
1110,5396621806,88.81,0.53,sell,False,2022-11-09T23:48:57.602034+00:00
1111,5396621805,88.81,0.578,sell,False,2022-11-09T23:48:57.602034+00:00
1112,5396621804,88.82,0.111,sell,False,2022-11-09T23:48:57.602034+00:00
1113,5396621803,89.19,0.111,sell,False,2022-11-09T23:48:57.602034+00:00
1114,5396621802,89.2,8.759,sell,False,2022-11-09T23:48:57.602034+00:00
1115,5396621715,89.2,1.241,sell,False,2022-11-09T23:48:57.053746+00:00
1116,5396621714,89.29,0.453,sell,False,2022-11-09T23:48:57.053746+00:00
1117,5396621713,89.56,0.111,sell,False,2022-11-09T23:48:57.053746+00:00
1118,5396621712,89.93,0.111,sell,False,2022-11-09T23:48:57.053746+00:00
1119,5396621711,90.3,0.111,sell,False,2022-11-09T23:48:57.053746+00:00
1120,5396621710,90.67,0.111,sell,False,2022-11-09T23:48:57.053746+00:00
1121,5396621709,91.04,0.111,sell,False,2022-11-09T23:48:57.053746+00:00
1122,5396621708,91.42,0.111,sell,False,2022-11-09T23:48:57.053746+00:00
1123,5396621707,91.79,0.111,sell,False,2022-11-09T23:48:57.053746+00:00
1124,5396621706,92.16,0.111,sell,False,2022-11-09T23:48:57.053746+00:00
1125,5396621705,92.53,0.111,sell,False,2022-11-09T23:48:57.053746+00:00
1126,5396621704,92.9,0.111,sell,False,2022-11-09T23:48:57.053746+00:00
1127,5396621703,93.27,0.111,sell,False,2022-11-09T23:48:57.053746+00:00
1128,5396621702,93.64,0.111,sell,False,2022-11-09T23:48:57.053746+00:00
1129,5396621701,94.01,0.111,sell,False,2022-11-09T23:48:57.053746+00:00
1130,5396621700,94.38,0.111,sell,False,2022-11-09T23:48:57.053746+00:00
1131,5396621699,94.75,0.111,sell,False,2022-11-09T23:48:57.053746+00:00
1132,5396621698,95.12,0.111,sell,False,2022-11-09T23:48:57.053746+00:00
1133,5396621697,95.49,0.111,sell,False,2022-11-09T23:48:57.053746+00:00
1134,5396621696,95.87,0.111,sell,False,2022-11-09T23:48:57.053746+00:00
1135,5396621695,96.24,0.111,sell,False,2022-11-09T23:48:57.053746+00:00
1136,5396621694,96.61,0.111,sell,False,2022-11-09T23:48:57.053746+00:00
1137,5396621693,96.98,0.111,sell,False,2022-11-09T23:48:57.053746+00:00
1138,5396621692,97.35,0.111,sell,False,2022-11-09T23:48:57.053746+00:00
1139,5396621691,97.72,0.111,sell,False,2022-11-09T23:48:57.053746+00:00
1140,5396621690,98.09,0.111,sell,False,2022-11-09T23:48:57.053746+00:00
1141,5396621689,98.46,0.111,sell,False,2022-11-09T23:48:57.053746+00:00
1142,5396621688,98.83,0.111,sell,False,2022-11-09T23:48:57.053746+00:00
1143,5396621687,99.2,0.111,sell,False,2022-11-09T23:48:57.053746+00:00
1144,5396621686,99.57,0.111,sell,False,2022-11-09T23:48:57.053746+00:00
1145,5396621685,99.7,0.003,sell,False,2022-11-09T23:48:57.053746+00:00
1146,5396621684,99.85,0.417,sell,False,2022-11-09T23:48:57.053746+00:00
1147,5396621683,99.86,0.11,sell,False,2022-11-09T23:48:57.053746+00:00
1148,5396621682,101.1,0.6,sell,False,2022-11-09T23:48:57.053746+00:00
1149,5396621681,103.6,0.6,sell,False,2022-11-09T23:48:57.053746+00:00
1150,5396621680,106.2,0.6,sell,False,2022-11-09T23:48:57.053746+00:00
1151,5396621679,106.21,0.79,sell,False,2022-11-09T23:48:57.053746+00:00
1152,5396618824,109.58,0.111,buy,False,2022-11-09T23:48:39.247700+00:00
1153,5396618823,109.21,0.111,buy,False,2022-11-09T23:48:39.247700+00:00
1154,5396618822,108.84,0.111,buy,False,2022-11-09T23:48:39.247700+00:00
1155,5396618821,108.7,0.6,buy,False,2022-11-09T23:48:39.247700+00:00
1156,5396618820,108.47,0.111,buy,False,2022-11-09T23:48:39.247700+00:00
1157,5396618819,108.1,0.111,buy,False,2022-11-09T23:48:39.247700+00:00
1158,5396618818,107.73,0.111,buy,False,2022-11-09T23:48:39.247700+00:00
1159,5396618817,107.36,0.111,buy,False,2022-11-09T23:48:39.247700+00:00
1160,5396618816,106.99,0.111,buy,False,2022-11-09T23:48:39.247700+00:00
1161,5396618815,106.62,0.111,buy,False,2022-11-09T23:48:39.247700+00:00
1162,5396618814,106.25,0.111,buy,False,2022-11-09T23:48:39.247700+00:00
1163,5396618813,106.2,0.6,buy,False,2022-11-09T23:48:39.247700+00:00
1164,5396618812,105.88,0.111,buy,False,2022-11-09T23:48:39.247700+00:00
1165,5396618811,105.51,0.111,buy,False,2022-11-09T23:48:39.247700+00:00
1166,5396618810,105.13,0.111,buy,False,2022-11-09T23:48:39.247700+00:00
1167,5396618809,104.76,0.111,buy,False,2022-11-09T23:48:39.247700+00:00
1168,5396618808,104.39,0.111,buy,False,2022-11-09T23:48:39.247700+00:00
1169,5396618807,104.02,0.111,buy,False,2022-11-09T23:48:39.247700+00:00
1170,5396618806,103.65,0.111,buy,False,2022-11-09T23:48:39.247700+00:00
1171,5396618805,103.6,0.6,buy,False,2022-11-09T23:48:39.247700+00:00
1172,5396618804,103.59,0.753,buy,False,2022-11-09T23:48:39.247700+00:00
1173,5396618803,101.06,0.063,buy,False,2022-11-09T23:48:39.247700+00:00
1174,5396618802,100.69,0.111,buy,False,2022-11-09T23:48:39.247700+00:00
1175,5396618801,100.31,0.111,buy,False,2022-11-09T23:48:39.247700+00:00
1176,5396579750,100.3,0.059,buy,False,2022-11-09T23:45:38.797281+00:00
1177,5396579749,99.94,0.111,buy,False,2022-11-09T23:45:38.797281+00:00
1178,5396579748,99.57,0.111,buy,False,2022-11-09T23:45:38.797281+00:00
1179,5396579747,99.2,0.111,buy,False,2022-11-09T23:45:38.797281+00:00
1180,5396578162,102.23,0.048,sell,False,2022-11-09T23:45:30.086672+00:00
1181,5396577997,102.23,0.111,sell,False,2022-11-09T23:45:28.948925+00:00
1182,5396577782,102.23,0.111,sell,False,2022-11-09T23:45:27.985800+00:00
1183,5396577621,102.23,0.099,sell,False,2022-11-09T23:45:27.116915+00:00
1184,5396577620,103.42,0.012,sell,False,2022-11-09T23:45:27.116915+00:00
1185,5396577383,103.42,0.111,sell,False,2022-11-09T23:45:25.932413+00:00
1186,5396577033,103.42,0.111,sell,False,2022-11-09T23:45:24.764687+00:00
1187,5396576873,103.42,0.111,sell,False,2022-11-09T23:45:23.839118+00:00
1188,5396573282,100.7,0.003,buy,False,2022-11-09T23:45:07.400661+00:00
1189,5396572015,98.6,0.288,sell,False,2022-11-09T23:45:02.949214+00:00
1190,5396572014,98.83,0.111,sell,False,2022-11-09T23:45:02.949214+00:00
1191,5396572013,99.2,0.111,sell,False,2022-11-09T23:45:02.949214+00:00
1192,5396572012,99.57,0.111,sell,False,2022-11-09T23:45:02.949214+00:00
1193,5396572011,99.7,0.003,sell,False,2022-11-09T23:45:02.949214+00:00
1194,5396572010,99.94,0.111,sell,False,2022-11-09T23:45:02.949214+00:00
1195,5396572009,100.31,0.027,sell,False,2022-11-09T23:45:02.949214+00:00
1196,5396572008,100.69,0.111,sell,False,2022-11-09T23:45:02.949214+00:00
1197,5396572007,101.06,0.111,sell,False,2022-11-09T23:45:02.949214+00:00
1198,5396572006,101.1,0.6,sell,False,2022-11-09T23:45:02.949214+00:00
1199,5396572005,101.43,0.111,sell,False,2022-11-09T23:45:02.949214+00:00
1200,5396572004,101.8,0.111,sell,False,2022-11-09T23:45:02.949214+00:00
1201,5396572003,102.17,0.076,sell,False,2022-11-09T23:45:02.949214+00:00
1202,5396572002,102.54,0.111,sell,False,2022-11-09T23:45:02.949214+00:00
1203,5396572001,102.91,0.111,sell,False,2022-11-09T23:45:02.949214+00:00
1204,5396572000,103.28,0.111,sell,False,2022-11-09T23:45:02.949214+00:00
1205,5396571999,103.6,0.6,sell,False,2022-11-09T23:45:02.949214+00:00
1206,5396571998,103.65,0.111,sell,False,2022-11-09T23:45:02.949214+00:00
1207,5396571997,104.02,0.111,sell,False,2022-11-09T23:45:02.949214+00:00
1208,5396571996,104.39,0.111,sell,False,2022-11-09T23:45:02.949214+00:00
1209,5396571995,104.61,0.327,sell,False,2022-11-09T23:45:02.949214+00:00
1210,5396571994,104.76,0.111,sell,False,2022-11-09T23:45:02.949214+00:00
1211,5396571993,105.13,0.111,sell,False,2022-11-09T23:45:02.949214+00:00
1212,5396571992,105.51,0.057,sell,False,2022-11-09T23:45:02.949214+00:00
1213,5396569222,105.51,0.054,sell,False,2022-11-09T23:44:44.019694+00:00
1214,5396569221,105.8,0.308,sell,False,2022-11-09T23:44:44.019694+00:00
1215,5396569220,105.88,0.111,sell,False,2022-11-09T23:44:44.019694+00:00
1216,5396569219,106.2,0.527,sell,False,2022-11-09T23:44:44.019694+00:00
1217,5396555678,106.2,0.073,sell,False,2022-11-09T23:43:31.473618+00:00
1218,5396555677,106.25,0.111,sell,False,2022-11-09T23:43:31.473618+00:00
1219,5396555676,106.62,0.111,sell,False,2022-11-09T23:43:31.473618+00:00
1220,5396555675,106.98,0.291,sell,False,2022-11-09T23:43:31.473618+00:00
1221,5396555674,106.99,0.111,sell,False,2022-11-09T23:43:31.473618+00:00
1222,5396555673,107.36,0.111,sell,False,2022-11-09T23:43:31.473618+00:00
1223,5396555672,107.73,0.111,sell,False,2022-11-09T23:43:31.473618+00:00
1224,5396555671,108.1,0.081,sell,False,2022-11-09T23:43:31.473618+00:00
1225,5396540470,108.1,0.03,sell,False,2022-11-09T23:42:20.643329+00:00
1226,5396540469,108.17,0.274,sell,False,2022-11-09T23:42:20.643329+00:00
1227,5396540468,108.47,0.111,sell,False,2022-11-09T23:42:20.643329+00:00
1228,5396540467,108.7,0.6,sell,False,2022-11-09T23:42:20.643329+00:00
1229,5396540466,108.84,0.095,sell,False,2022-11-09T23:42:20.643329+00:00
1230,5396540465,109.21,0.111,sell,False,2022-11-09T23:42:20.643329+00:00
1231,5396540464,109.36,0.258,sell,False,2022-11-09T23:42:20.643329+00:00
1232,5396540463,109.58,0.111,sell,False,2022-11-09T23:42:20.643329+00:00
1233,5396540462,109.96,0.111,sell,False,2022-11-09T23:42:20.643329+00:00
1234,5396540461,109.97,0.477,sell,False,2022-11-09T23:42:20.643329+00:00
1235,5396540460,110.33,0.111,sell,False,2022-11-09T23:42:20.643329+00:00
1236,5396540459,110.7,0.111,sell,False,2022-11-09T23:42:20.643329+00:00
1237,5396540458,111.07,0.111,sell,False,2022-11-09T23:42:20.643329+00:00
1238,5396540457,111.2,0.6,sell,False,2022-11-09T23:42:20.643329+00:00
1239,5396540456,111.44,0.111,sell,False,2022-11-09T23:42:20.643329+00:00
1240,5396534900,111.45,0.335,sell,False,2022-11-09T23:41:51.067838+00:00
1241,5396534899,111.81,0.111,sell,False,2022-11-09T23:41:51.067838+00:00
1242,5396534898,112.18,0.111,sell,False,2022-11-09T23:41:51.067838+00:00
1243,5396534897,112.55,0.111,sell,False,2022-11-09T23:41:51.067838+00:00
1244,5396534896,112.92,0.111,sell,False,2022-11-09T23:41:51.067838+00:00
1245,5396534895,113.29,0.111,sell,False,2022-11-09T23:41:51.067838+00:00
1246,5396534894,113.66,0.11,sell,False,2022-11-09T23:41:51.067838+00:00
1247,5396495852,113.66,0.001,sell,False,2022-11-09T23:38:28.310331+00:00
1248,5396495851,114.03,0.111,sell,False,2022-11-09T23:38:28.310331+00:00
1249,5396495850,114.4,0.111,sell,False,2022-11-09T23:38:28.310331+00:00
1250,5396495849,114.78,0.111,sell,False,2022-11-09T23:38:28.310331+00:00
1251,5396422045,114.78,0.03,buy,False,2022-11-09T23:31:27.979260+00:00
1252,5396422044,114.4,0.111,buy,False,2022-11-09T23:31:27.979260+00:00
1253,5396422043,114.03,0.111,buy,False,2022-11-09T23:31:27.979260+00:00
1254,5396422042,113.7,0.6,buy,False,2022-11-09T23:31:27.979260+00:00
1255,5396422041,113.66,0.111,buy,False,2022-11-09T23:31:27.979260+00:00
1256,5396422040,113.29,0.111,buy,False,2022-11-09T23:31:27.979260+00:00
1257,5396422039,112.92,0.111,buy,False,2022-11-09T23:31:27.979260+00:00
1258,5396422038,112.55,0.111,buy,False,2022-11-09T23:31:27.979260+00:00
1259,5396422037,112.54,0.797,buy,False,2022-11-09T23:31:27.979260+00:00
1260,5396422036,112.18,0.111,buy,False,2022-11-09T23:31:27.979260+00:00
1261,5396422035,111.81,0.111,buy,False,2022-11-09T23:31:27.979260+00:00
1262,5396422034,111.44,0.111,buy,False,2022-11-09T23:31:27.979260+00:00
1263,5396422033,111.07,0.111,buy,False,2022-11-09T23:31:27.979260+00:00
1264,5396422032,110.7,0.111,buy,False,2022-11-09T23:31:27.979260+00:00
1265,5396422031,110.0,0.035,buy,False,2022-11-09T23:31:27.979260+00:00
1266,5396414533,110.33,0.111,sell,False,2022-11-09T23:30:51.721635+00:00
1267,5396414532,110.55,0.243,sell,False,2022-11-09T23:30:51.721635+00:00
1268,5396414531,110.7,0.109,sell,False,2022-11-09T23:30:51.721635+00:00
1269,5396414530,111.74,0.229,sell,False,2022-11-09T23:30:51.721635+00:00
1270,5396412644,110.7,0.002,sell,False,2022-11-09T23:30:42.507989+00:00
1271,5396412643,111.07,0.111,sell,False,2022-11-09T23:30:42.507989+00:00
1272,5396412642,111.2,0.6,sell,False,2022-11-09T23:30:42.507989+00:00
1273,5396412641,111.44,0.111,sell,False,2022-11-09T23:30:42.507989+00:00
1274,5396412640,111.81,0.111,sell,False,2022-11-09T23:30:42.507989+00:00
1275,5396412639,112.18,0.111,sell,False,2022-11-09T23:30:42.507989+00:00
1276,5396412638,112.55,0.111,sell,False,2022-11-09T23:30:42.507989+00:00
1277,5396412637,112.92,0.111,sell,False,2022-11-09T23:30:42.507989+00:00
1278,5396412636,112.93,0.216,sell,False,2022-11-09T23:30:42.507989+00:00
1279,5396412635,113.29,0.111,sell,False,2022-11-09T23:30:42.507989+00:00
1280,5396412634,113.66,0.02,sell,False,2022-11-09T23:30:42.507989+00:00
1281,5396412633,114.12,0.203,sell,False,2022-11-09T23:30:42.507989+00:00
1282,5396410494,115.31,0.081,sell,False,2022-11-09T23:30:33.394028+00:00
1283,5396410431,115.31,0.111,sell,False,2022-11-09T23:30:33.048882+00:00
1284,5396407170,113.66,0.091,sell,False,2022-11-09T23:30:16.263951+00:00
1285,5396407169,113.7,0.6,sell,False,2022-11-09T23:30:16.263951+00:00
1286,5396407168,114.03,0.111,sell,False,2022-11-09T23:30:16.263951+00:00
1287,5396407167,114.4,0.111,sell,False,2022-11-09T23:30:16.263951+00:00
1288,5396407166,114.78,0.111,sell,False,2022-11-09T23:30:16.263951+00:00
1289,5396407165,115.15,0.111,sell,False,2022-11-09T23:30:16.263951+00:00
1290,5396407164,115.16,0.797,sell,False,2022-11-09T23:30:16.263951+00:00
1291,5396407163,115.52,0.111,sell,False,2022-11-09T23:30:16.263951+00:00
1292,5396407162,115.89,0.111,sell,False,2022-11-09T23:30:16.263951+00:00
1293,5396407161,116.26,0.111,sell,False,2022-11-09T23:30:16.263951+00:00
1294,5396407160,116.49,0.181,sell,False,2022-11-09T23:30:16.263951+00:00
1295,5396407159,116.63,0.111,sell,False,2022-11-09T23:30:16.263951+00:00
1296,5396407158,117.68,0.17,sell,False,2022-11-09T23:30:16.263951+00:00
1297,5396403855,118.8,0.085,buy,False,2022-11-09T23:30:01.783795+00:00
1298,5396393352,120.0,5.0,buy,False,2022-11-09T23:29:07.645053+00:00
1299,5396393351,117.0,0.111,buy,False,2022-11-09T23:29:07.645053+00:00
1300,5396393350,116.63,0.111,buy,False,2022-11-09T23:29:07.645053+00:00
1301,5396393349,116.3,0.6,buy,False,2022-11-09T23:29:07.645053+00:00
1302,5396393348,116.26,0.111,buy,False,2022-11-09T23:29:07.645053+00:00
1303,5396393347,115.89,0.111,buy,False,2022-11-09T23:29:07.645053+00:00
1304,5396393346,115.52,0.111,buy,False,2022-11-09T23:29:07.645053+00:00
1305,5396393345,115.15,0.111,buy,False,2022-11-09T23:29:07.645053+00:00
1306,5396393344,114.78,0.111,buy,False,2022-11-09T23:29:07.645053+00:00
1307,5396393343,114.4,0.111,buy,False,2022-11-09T23:29:07.645053+00:00
1308,5396393342,114.03,0.111,buy,False,2022-11-09T23:29:07.645053+00:00
1309,5396393341,113.7,0.6,buy,False,2022-11-09T23:29:07.645053+00:00
1310,5396393340,113.66,0.111,buy,False,2022-11-09T23:29:07.645053+00:00
1311,5396393339,113.29,0.111,buy,False,2022-11-09T23:29:07.645053+00:00
1312,5396393338,112.55,0.111,buy,False,2022-11-09T23:29:07.645053+00:00
1313,5396393337,112.18,0.111,buy,False,2022-11-09T23:29:07.645053+00:00
1314,5396393336,111.81,0.111,buy,False,2022-11-09T23:29:07.645053+00:00
1315,5396393335,111.44,0.111,buy,False,2022-11-09T23:29:07.645053+00:00
1316,5396393334,111.2,0.6,buy,False,2022-11-09T23:29:07.645053+00:00
1317,5396393333,111.07,0.111,buy,False,2022-11-09T23:29:07.645053+00:00
1318,5396393332,110.88,3.013,buy,False,2022-11-09T23:29:07.645053+00:00
1319,5396393331,110.7,0.111,buy,False,2022-11-09T23:29:07.645053+00:00
1320,5396393330,110.33,0.111,buy,False,2022-11-09T23:29:07.645053+00:00
1321,5396393329,109.96,0.111,buy,False,2022-11-09T23:29:07.645053+00:00
1322,5396393328,109.58,0.101,buy,False,2022-11-09T23:29:07.645053+00:00
1323,5396393327,109.58,0.111,buy,False,2022-11-09T23:29:07.645053+00:00
1324,5396361851,108.84,0.016,sell,False,2022-11-09T23:26:05.347057+00:00
1325,5396361850,109.21,0.111,sell,False,2022-11-09T23:26:05.347057+00:00
1326,5396361849,109.58,0.104,sell,False,2022-11-09T23:26:05.347057+00:00
1327,5396361848,109.96,0.111,sell,False,2022-11-09T23:26:05.347057+00:00
1328,5396361847,110.33,0.111,sell,False,2022-11-09T23:26:05.347057+00:00
1329,5396343565,110.88,0.231,buy,False,2022-11-09T23:24:28.969139+00:00
1330,5396343564,110.7,0.111,buy,False,2022-11-09T23:24:28.969139+00:00
1331,5396343563,110.33,0.111,buy,False,2022-11-09T23:24:28.969139+00:00
1332,5396323708,109.58,0.007,sell,False,2022-11-09T23:23:04.775509+00:00
1333,5396295463,109.96,0.111,buy,False,2022-11-09T23:21:27.828183+00:00
1334,5396295462,109.58,0.111,buy,False,2022-11-09T23:21:27.828183+00:00
1335,5396295461,109.21,0.111,buy,False,2022-11-09T23:21:27.828183+00:00
1336,5396295460,108.84,0.111,buy,False,2022-11-09T23:21:27.828183+00:00
1337,5396295459,108.7,0.6,buy,False,2022-11-09T23:21:27.828183+00:00
1338,5396295458,108.47,0.111,buy,False,2022-11-09T23:21:27.828183+00:00
1339,5396295457,108.1,0.111,buy,False,2022-11-09T23:21:27.828183+00:00
1340,5396295456,108.09,0.741,buy,False,2022-11-09T23:21:27.828183+00:00
1341,5396295455,107.73,0.111,buy,False,2022-11-09T23:21:27.828183+00:00
1342,5396295454,107.36,0.111,buy,False,2022-11-09T23:21:27.828183+00:00
1343,5396295453,106.99,0.111,buy,False,2022-11-09T23:21:27.828183+00:00
1344,5396295452,106.62,0.111,buy,False,2022-11-09T23:21:27.828183+00:00
1345,5396278935,105.89,0.186,sell,False,2022-11-09T23:19:57.187740+00:00
1346,5396278934,106.2,0.259,sell,False,2022-11-09T23:19:57.187740+00:00
1347,5396278933,106.25,0.111,sell,False,2022-11-09T23:19:57.187740+00:00
1348,5396278932,106.62,0.111,sell,False,2022-11-09T23:19:57.187740+00:00
1349,5396278931,106.99,0.111,sell,False,2022-11-09T23:19:57.187740+00:00
1350,5396278930,107.36,0.111,sell,False,2022-11-09T23:19:57.187740+00:00
1351,5396278929,107.73,0.111,sell,False,2022-11-09T23:19:57.187740+00:00
1352,5396274593,108.46,0.29,buy,False,2022-11-09T23:19:34.684974+00:00
1353,5396274592,108.1,0.111,buy,False,2022-11-09T23:19:34.684974+00:00
1354,5396274591,107.73,0.111,buy,False,2022-11-09T23:19:34.684974+00:00
1355,5396274590,107.36,0.111,buy,False,2022-11-09T23:19:34.684974+00:00
1356,5396274589,106.99,0.111,buy,False,2022-11-09T23:19:34.684974+00:00
1357,5396274588,106.62,0.111,buy,False,2022-11-09T23:19:34.684974+00:00
1358,5396270551,106.2,0.334,sell,False,2022-11-09T23:19:18.076327+00:00
1359,5396270550,106.25,0.111,sell,False,2022-11-09T23:19:18.076327+00:00
1360,5396270549,106.62,0.111,sell,False,2022-11-09T23:19:18.076327+00:00
1361,5396270548,106.99,0.111,sell,False,2022-11-09T23:19:18.076327+00:00
1362,5396270547,107.36,0.111,sell,False,2022-11-09T23:19:18.076327+00:00
1363,5396270546,107.73,0.111,sell,False,2022-11-09T23:19:18.076327+00:00
1364,5396270545,108.1,0.111,sell,False,2022-11-09T23:19:18.076327+00:00
1365,5396254890,106.2,0.007,sell,False,2022-11-09T23:18:11.569605+00:00
1366,5396254889,106.32,0.104,sell,False,2022-11-09T23:18:11.569605+00:00
1367,5396254821,106.32,0.111,sell,False,2022-11-09T23:18:11.159393+00:00
1368,5396254684,106.32,0.111,sell,False,2022-11-09T23:18:10.684075+00:00
1369,5396254589,106.32,0.111,sell,False,2022-11-09T23:18:10.199779+00:00
1370,5396254518,106.32,0.111,sell,False,2022-11-09T23:18:09.826798+00:00
1371,5396254430,106.32,0.003,sell,False,2022-11-09T23:18:09.407447+00:00
1372,5396254429,107.7,0.108,sell,False,2022-11-09T23:18:09.407447+00:00
1373,5396254359,107.7,0.111,sell,False,2022-11-09T23:18:08.827206+00:00
1374,5396254308,107.7,0.044,sell,False,2022-11-09T23:18:08.436692+00:00
1375,5396254307,108.7,0.022,sell,False,2022-11-09T23:18:08.436692+00:00
1376,5396254306,108.7,0.045,sell,False,2022-11-09T23:18:08.436692+00:00
1377,5396254208,108.7,0.111,sell,False,2022-11-09T23:18:08.042751+00:00
1378,5396254149,108.7,0.111,sell,False,2022-11-09T23:18:07.717621+00:00
1379,5396253778,108.7,0.111,sell,False,2022-11-09T23:18:07.364688+00:00
1380,5396253725,108.7,0.111,sell,False,2022-11-09T23:18:07.015736+00:00
1381,5396253686,108.7,0.111,sell,False,2022-11-09T23:18:06.668734+00:00
1382,5396250455,107.7,0.255,sell,False,2022-11-09T23:17:49.978891+00:00
1383,5396250454,109.09,0.345,sell,False,2022-11-09T23:17:49.978891+00:00
1384,5396249904,108.7,0.142,buy,False,2022-11-09T23:17:47.447134+00:00
1385,5396249594,102.17,0.035,sell,False,2022-11-09T23:17:46.067651+00:00
1386,5396249593,102.54,0.111,sell,False,2022-11-09T23:17:46.067651+00:00
