,id,price,size,side,liquidation,time
0,5400499960,160.0,0.2,buy,False,2022-11-10T08:02:34.865547+00:00
1,5399700872,159.21,0.65,sell,False,2022-11-10T06:31:30.984360+00:00
2,5399448517,159.6,0.2,sell,False,2022-11-10T05:57:43.309875+00:00
3,5396386562,202.7,0.93,buy,False,2022-11-09T23:28:35.427255+00:00
4,5393483450,202.8,0.01,sell,False,2022-11-09T20:03:37.940434+00:00
5,5393483244,202.31,5.43,buy,False,2022-11-09T20:03:36.595090+00:00
6,5393483243,199.84,9.82,buy,False,2022-11-09T20:03:36.595090+00:00
7,5393483242,194.96,14.71,buy,False,2022-11-09T20:03:36.595090+00:00
8,5393483241,187.98,0.08,buy,False,2022-11-09T20:03:36.595090+00:00
9,5393450521,168.87,0.17,buy,False,2022-11-09T20:01:02.368833+00:00
10,5393433629,166.54,0.75,buy,False,2022-11-09T19:59:48.791686+00:00
11,5393433628,166.53,0.72,buy,False,2022-11-09T19:59:48.791686+00:00
12,5391345784,159.61,0.72,sell,False,2022-11-09T17:32:10.306193+00:00
13,5389400185,160.82,28.53,sell,False,2022-11-09T15:32:34.577955+00:00
14,5388694128,160.0,0.2,buy,False,2022-11-09T14:35:01.724624+00:00
15,5388694127,159.6,0.2,buy,False,2022-11-09T14:35:01.724624+00:00
16,5388692602,159.2,0.2,buy,False,2022-11-09T14:34:54.317194+00:00
17,5388677968,158.8,0.2,buy,False,2022-11-09T14:33:43.410687+00:00
18,5388673273,158.4,0.2,buy,False,2022-11-09T14:33:24.798194+00:00
19,5388616456,158.0,0.2,buy,False,2022-11-09T14:29:49.558368+00:00
20,5388429223,157.6,0.2,buy,False,2022-11-09T14:12:32.039017+00:00
21,5388429222,157.59,1.63,buy,False,2022-11-09T14:12:32.039017+00:00
22,5388365187,157.2,0.2,buy,False,2022-11-09T14:06:04.690711+00:00
23,5388037679,156.75,1.91,sell,False,2022-11-09T13:34:24.403864+00:00
24,5388037678,156.8,0.2,sell,False,2022-11-09T13:34:24.403864+00:00
25,5388037406,157.2,0.2,sell,False,2022-11-09T13:34:22.891353+00:00
26,5388037227,157.6,0.2,sell,False,2022-11-09T13:34:21.459017+00:00
27,5388036926,157.61,1.63,sell,False,2022-11-09T13:34:19.835581+00:00
28,5388036619,158.0,0.2,sell,False,2022-11-09T13:34:18.381959+00:00
29,5388036327,158.4,0.2,sell,False,2022-11-09T13:34:16.863220+00:00
30,5387929854,158.8,0.1,sell,False,2022-11-09T13:24:24.549917+00:00
31,5387919159,159.2,0.2,sell,False,2022-11-09T13:23:37.958284+00:00
32,5387642981,159.6,0.2,sell,False,2022-11-09T13:07:50.819328+00:00
33,5384131511,160.0,0.18,buy,False,2022-11-09T09:23:56.664175+00:00
34,5383967286,160.0,0.01,buy,False,2022-11-09T09:15:47.008262+00:00
35,5383967275,160.0,0.01,buy,False,2022-11-09T09:15:46.996785+00:00
36,5383804240,159.6,4.49,buy,False,2022-11-09T09:07:31.490763+00:00
37,5383803992,159.59,1.61,buy,False,2022-11-09T09:07:30.960008+00:00
38,5383752394,159.6,0.19,sell,False,2022-11-09T09:03:56.517050+00:00
39,5377813206,159.87,0.5,sell,False,2022-11-09T00:34:39.869130+00:00
40,5375841907,159.78,1.42,sell,False,2022-11-08T22:03:37.947940+00:00
41,5375238688,159.78,0.17,sell,False,2022-11-08T21:28:00.791459+00:00
42,5375238485,159.78,0.73,sell,False,2022-11-08T21:27:59.194044+00:00
43,5375238311,159.78,0.01,sell,False,2022-11-08T21:27:57.727817+00:00
44,5375238037,159.78,0.01,sell,False,2022-11-08T21:27:56.126194+00:00
45,5375237824,159.78,0.01,sell,False,2022-11-08T21:27:54.676857+00:00
46,5375237175,159.78,0.03,sell,False,2022-11-08T21:27:53.088958+00:00
47,5375236942,159.78,0.05,sell,False,2022-11-08T21:27:51.625797+00:00
48,5375236491,159.78,0.11,sell,False,2022-11-08T21:27:50.049739+00:00
49,5375223875,159.78,0.01,sell,False,2022-11-08T21:27:05.420712+00:00
50,5375223660,159.78,0.01,sell,False,2022-11-08T21:27:03.977674+00:00
51,5375223270,159.78,0.01,sell,False,2022-11-08T21:27:02.380330+00:00
52,5375222850,159.78,0.01,sell,False,2022-11-08T21:27:00.935730+00:00
53,5375222555,159.78,0.01,sell,False,2022-11-08T21:26:59.344381+00:00
54,5375222359,159.78,0.01,sell,False,2022-11-08T21:26:57.916959+00:00
55,5375222017,159.78,0.01,sell,False,2022-11-08T21:26:56.108344+00:00
56,5375221275,159.78,0.01,sell,False,2022-11-08T21:26:54.267637+00:00
57,5375220963,159.78,0.01,sell,False,2022-11-08T21:26:52.818841+00:00
58,5375220690,159.78,0.01,sell,False,2022-11-08T21:26:51.234994+00:00
59,5375220430,159.78,0.01,sell,False,2022-11-08T21:26:49.837275+00:00
60,5375219836,159.78,0.01,sell,False,2022-11-08T21:26:48.238181+00:00
61,5375219550,159.78,0.01,sell,False,2022-11-08T21:26:46.744541+00:00
62,5375218910,159.78,0.01,sell,False,2022-11-08T21:26:45.181775+00:00
63,5375218445,159.78,0.01,sell,False,2022-11-08T21:26:43.691357+00:00
64,5375217963,159.78,0.01,sell,False,2022-11-08T21:26:42.099199+00:00
65,5375217573,159.78,0.01,sell,False,2022-11-08T21:26:40.674916+00:00
66,5375217164,159.78,0.01,sell,False,2022-11-08T21:26:39.062005+00:00
67,5375216754,159.78,0.01,sell,False,2022-11-08T21:26:37.608519+00:00
68,5375216383,159.78,0.01,sell,False,2022-11-08T21:26:36.024095+00:00
69,5375215987,159.78,0.01,sell,False,2022-11-08T21:26:34.576820+00:00
70,5375215636,159.78,0.01,sell,False,2022-11-08T21:26:32.970560+00:00
71,5375215298,159.78,0.01,sell,False,2022-11-08T21:26:31.527494+00:00
72,5375214755,159.78,0.01,sell,False,2022-11-08T21:26:29.936381+00:00
73,5375214339,159.78,0.01,sell,False,2022-11-08T21:26:28.483585+00:00
74,5375214036,159.78,0.01,sell,False,2022-11-08T21:26:26.898313+00:00
75,5375213488,159.78,0.01,sell,False,2022-11-08T21:26:25.452631+00:00
76,5375213068,159.78,0.01,sell,False,2022-11-08T21:26:23.848789+00:00
77,5375212504,159.78,0.01,sell,False,2022-11-08T21:26:22.241667+00:00
78,5375212100,159.78,0.01,sell,False,2022-11-08T21:26:20.816108+00:00
79,5375211784,159.78,0.01,sell,False,2022-11-08T21:26:19.372079+00:00
80,5375210660,159.78,0.01,sell,False,2022-11-08T21:26:17.331761+00:00
81,5375210258,159.78,0.01,sell,False,2022-11-08T21:26:15.737888+00:00
82,5375209906,159.78,0.01,sell,False,2022-11-08T21:26:14.182109+00:00
83,5375209493,159.78,0.01,sell,False,2022-11-08T21:26:12.649601+00:00
84,5375209094,159.6,0.01,sell,False,2022-11-08T21:26:11.248692+00:00
85,5375208744,159.78,0.01,sell,False,2022-11-08T21:26:09.659087+00:00
86,5375208423,159.78,0.01,sell,False,2022-11-08T21:26:08.206816+00:00
87,5375207907,159.78,0.01,sell,False,2022-11-08T21:26:06.176246+00:00
88,5375207525,159.78,0.01,sell,False,2022-11-08T21:26:04.301081+00:00
89,5375206289,159.78,0.01,sell,False,2022-11-08T21:26:00.189952+00:00
90,5375205902,159.78,0.01,sell,False,2022-11-08T21:25:58.501951+00:00
91,5375205657,159.78,0.01,sell,False,2022-11-08T21:25:57.050091+00:00
92,5374163732,160.01,0.51,sell,False,2022-11-08T20:28:43.420674+00:00
93,5374160625,160.27,1.88,sell,False,2022-11-08T20:28:33.224871+00:00
94,5374157194,160.25,0.61,sell,False,2022-11-08T20:28:22.721293+00:00
95,5374031809,160.0,0.2,buy,False,2022-11-08T20:22:51.871418+00:00
96,5373455102,159.6,0.2,buy,False,2022-11-08T20:02:49.558893+00:00
97,5372283042,158.8,0.1,sell,False,2022-11-08T19:32:03.558674+00:00
98,5371528712,159.2,0.2,buy,False,2022-11-08T19:16:44.975810+00:00
99,5371388240,158.62,1.0,sell,False,2022-11-08T19:12:33.967761+00:00
100,5371388239,158.8,0.2,sell,False,2022-11-08T19:12:33.967761+00:00
101,5371165519,159.2,0.2,buy,False,2022-11-08T19:05:06.371019+00:00
102,5371165518,158.8,0.2,buy,False,2022-11-08T19:05:06.371019+00:00
103,5371165517,158.79,1.62,buy,False,2022-11-08T19:05:06.371019+00:00
104,5370937719,158.4,0.2,sell,False,2022-11-08T18:57:26.624734+00:00
105,5370937718,158.8,0.2,sell,False,2022-11-08T18:57:26.624734+00:00
106,5370937717,159.2,0.2,sell,False,2022-11-08T18:57:26.624734+00:00
107,5370937716,159.6,0.2,sell,False,2022-11-08T18:57:26.624734+00:00
108,5366312014,159.62,245.55,buy,False,2022-11-08T16:36:15.783837+00:00
109,5366311997,159.62,57.8,sell,False,2022-11-08T16:36:15.716799+00:00
110,5366311996,159.63,1.62,sell,False,2022-11-08T16:36:15.716799+00:00
111,5366311995,160.61,34.97,sell,False,2022-11-08T16:36:15.716799+00:00
112,5366311994,160.91,1.72,sell,False,2022-11-08T16:36:15.716799+00:00
113,5365553015,160.0,0.2,buy,False,2022-11-08T16:15:12.057904+00:00
114,5364982134,159.6,0.2,sell,False,2022-11-08T16:05:43.830151+00:00
115,5363499321,160.0,0.2,buy,False,2022-11-08T14:42:26.985880+00:00
116,5363447939,159.6,0.2,buy,False,2022-11-08T14:40:23.067992+00:00
117,5363422421,159.2,0.2,buy,False,2022-11-08T14:39:17.607891+00:00
118,5363422420,158.8,0.2,buy,False,2022-11-08T14:39:17.607891+00:00
119,5363365640,158.4,0.2,buy,False,2022-11-08T14:37:03.449678+00:00
120,5363354898,158.0,0.2,buy,False,2022-11-08T14:36:32.126626+00:00
121,5363348768,157.6,0.2,sell,False,2022-11-08T14:36:20.571613+00:00
122,5363327820,158.0,0.2,sell,False,2022-11-08T14:35:51.136703+00:00
123,5363318914,158.4,0.2,buy,False,2022-11-08T14:35:16.281446+00:00
124,5363317725,158.39,0.22,buy,False,2022-11-08T14:35:11.654667+00:00
125,5363315682,158.0,0.2,buy,False,2022-11-08T14:35:03.153637+00:00
126,5363315260,157.6,0.2,buy,False,2022-11-08T14:35:02.506768+00:00
127,5363084174,157.2,0.2,sell,False,2022-11-08T14:19:43.508859+00:00
128,5362901823,157.6,0.2,sell,False,2022-11-08T14:06:55.849849+00:00
129,5362829458,158.0,0.2,sell,False,2022-11-08T14:02:35.805695+00:00
130,5362826668,158.4,0.2,sell,False,2022-11-08T14:02:24.829848+00:00
131,5362581914,158.8,0.2,buy,False,2022-11-08T13:45:45.657182+00:00
132,5362514773,158.4,0.2,sell,False,2022-11-08T13:37:16.994279+00:00
133,5362456988,158.8,0.2,sell,False,2022-11-08T13:29:49.620359+00:00
134,5362439911,159.2,0.2,sell,False,2022-11-08T13:27:39.741859+00:00
135,5362435526,159.6,0.2,sell,False,2022-11-08T13:27:03.770063+00:00
136,5358406839,160.56,1.23,sell,False,2022-11-08T06:39:45.915696+00:00
137,5355707356,160.55,1.53,sell,False,2022-11-08T04:20:53.342788+00:00
138,5353643299,160.56,0.2,sell,False,2022-11-08T03:07:05.561871+00:00
139,5353643209,160.56,0.2,sell,False,2022-11-08T03:07:05.098986+00:00
140,5353638873,158.9,0.2,sell,False,2022-11-08T03:06:50.858441+00:00
141,5353638715,158.9,0.02,sell,False,2022-11-08T03:06:50.366910+00:00
142,5353638714,160.56,0.18,sell,False,2022-11-08T03:06:50.366910+00:00
143,5353638657,160.56,0.2,sell,False,2022-11-08T03:06:50.025710+00:00
144,5353638601,160.56,0.2,sell,False,2022-11-08T03:06:49.699816+00:00
145,5353635063,160.56,0.2,sell,False,2022-11-08T03:06:36.997981+00:00
146,5353634994,160.56,0.2,sell,False,2022-11-08T03:06:36.601372+00:00
147,5353634928,160.56,0.2,sell,False,2022-11-08T03:06:36.256206+00:00
148,5353634754,160.56,0.2,sell,False,2022-11-08T03:06:35.609494+00:00
149,5353631776,160.56,0.2,sell,False,2022-11-08T03:06:27.091122+00:00
150,5353631681,160.56,0.2,sell,False,2022-11-08T03:06:26.686627+00:00
151,5353631456,160.56,0.2,sell,False,2022-11-08T03:06:25.830038+00:00
152,5353631399,160.56,0.2,sell,False,2022-11-08T03:06:25.491971+00:00
153,5353628045,154.4,0.2,buy,False,2022-11-08T03:06:17.005185+00:00
154,5353628044,154.0,0.2,buy,False,2022-11-08T03:06:17.005185+00:00
155,5353627676,153.6,0.2,buy,False,2022-11-08T03:06:16.460724+00:00
156,5353627675,153.2,0.2,buy,False,2022-11-08T03:06:16.460724+00:00
157,5353627674,153.19,0.81,buy,False,2022-11-08T03:06:16.460724+00:00
158,5350125742,152.93,0.81,sell,False,2022-11-07T21:31:04.933334+00:00
159,5347116947,157.2,1.59,buy,False,2022-11-07T15:16:35.793789+00:00
160,5347104238,157.2,0.99,buy,False,2022-11-07T15:15:56.866430+00:00
161,5347104045,157.2,7.82,buy,False,2022-11-07T15:15:55.402936+00:00
162,5347103678,157.2,9.19,buy,False,2022-11-07T15:15:52.058958+00:00
163,5347090468,157.3,7.0,buy,False,2022-11-07T15:14:40.030678+00:00
164,5347090134,157.3,7.68,buy,False,2022-11-07T15:14:37.162302+00:00
165,5347089665,157.3,6.59,buy,False,2022-11-07T15:14:34.691039+00:00
166,5347089435,157.3,7.29,buy,False,2022-11-07T15:14:31.650864+00:00
167,5347089247,157.3,6.48,buy,False,2022-11-07T15:14:29.253308+00:00
168,5347088908,157.3,7.59,buy,False,2022-11-07T15:14:27.728006+00:00
169,5347088805,157.3,6.74,buy,False,2022-11-07T15:14:27.197744+00:00
170,5347088776,157.3,7.55,buy,False,2022-11-07T15:14:26.666977+00:00
171,5347088699,157.3,7.67,buy,False,2022-11-07T15:14:26.130083+00:00
172,5347088671,157.3,6.56,buy,False,2022-11-07T15:14:25.596772+00:00
173,5347088640,157.39,1.99,sell,False,2022-11-07T15:14:25.050029+00:00
174,5347082509,157.5,8.5,buy,False,2022-11-07T15:13:51.528724+00:00
175,5347082317,157.5,9.66,buy,False,2022-11-07T15:13:49.689221+00:00
176,5347082277,157.5,8.53,buy,False,2022-11-07T15:13:49.149042+00:00
177,5347082275,157.59,1.85,sell,False,2022-11-07T15:13:49.079969+00:00
178,5347080473,157.4,25.58,buy,False,2022-11-07T15:13:34.429589+00:00
179,5347080424,157.4,29.6,buy,False,2022-11-07T15:13:33.878978+00:00
180,5347080404,157.61,2.2,sell,False,2022-11-07T15:13:33.789479+00:00
181,5346935463,156.0,43.3,buy,False,2022-11-07T15:00:12.273724+00:00
182,5346932296,156.0,83.8,buy,False,2022-11-07T14:59:54.683340+00:00
183,5346930425,156.0,63.19,buy,False,2022-11-07T14:59:39.564251+00:00
184,5346928318,156.0,61.71,buy,False,2022-11-07T14:59:23.852895+00:00
185,5346928312,156.0,8.2,buy,False,2022-11-07T14:59:23.629437+00:00
186,5346928289,156.0,7.04,buy,False,2022-11-07T14:59:22.960155+00:00
187,5346928176,156.0,8.47,buy,False,2022-11-07T14:59:22.431595+00:00
188,5346928148,156.0,8.43,buy,False,2022-11-07T14:59:21.899018+00:00
189,5346928116,156.0,7.78,buy,False,2022-11-07T14:59:21.359718+00:00
190,5346928088,156.0,8.08,buy,False,2022-11-07T14:59:20.724825+00:00
191,5346875393,153.39,0.13,sell,False,2022-11-07T14:53:31.980967+00:00
192,5346577754,150.0,0.2,buy,False,2022-11-07T14:30:02.411265+00:00
193,5346577753,149.7,0.2,buy,False,2022-11-07T14:30:02.411265+00:00
194,5346577752,149.69,1.59,buy,False,2022-11-07T14:30:02.411265+00:00
195,5345587660,149.69,0.13,buy,False,2022-11-07T12:21:52.877490+00:00
196,5345178375,149.1,0.13,sell,False,2022-11-07T11:25:14.409806+00:00
197,5345178374,149.4,0.2,sell,False,2022-11-07T11:25:14.409806+00:00
198,5345178373,149.7,0.2,sell,False,2022-11-07T11:25:14.409806+00:00
199,5345178372,152.0,0.01,sell,False,2022-11-07T11:25:14.409806+00:00
200,5343841352,153.4,0.65,sell,False,2022-11-07T08:25:56.063730+00:00
201,5342752349,155.1,7.48,sell,False,2022-11-07T06:56:44.580719+00:00
202,5342752069,155.1,7.64,sell,False,2022-11-07T06:56:41.636613+00:00
203,5342751768,155.1,8.51,sell,False,2022-11-07T06:56:38.611703+00:00
204,5342751296,155.1,8.73,sell,False,2022-11-07T06:56:35.271475+00:00
205,5342751011,155.1,9.23,sell,False,2022-11-07T06:56:31.936501+00:00
206,5342750493,155.1,0.81,sell,False,2022-11-07T06:56:28.966194+00:00
207,5342750492,155.1,7.41,sell,False,2022-11-07T06:56:28.966194+00:00
208,5342750166,155.1,10.41,sell,False,2022-11-07T06:56:25.075103+00:00
209,5342749798,155.1,10.1,sell,False,2022-11-07T06:56:21.753024+00:00
210,5342749537,155.1,10.16,sell,False,2022-11-07T06:56:17.945704+00:00
211,5342749501,155.1,9.73,sell,False,2022-11-07T06:56:17.406710+00:00
212,5342749495,155.01,2.18,buy,False,2022-11-07T06:56:17.349194+00:00
213,5342748435,155.0,7.26,sell,False,2022-11-07T06:56:09.175614+00:00
214,5342748196,155.0,7.47,sell,False,2022-11-07T06:56:06.272158+00:00
215,5342748045,155.0,3.55,sell,False,2022-11-07T06:56:03.466680+00:00
216,5342748044,155.0,3.81,sell,False,2022-11-07T06:56:03.466680+00:00
217,5342747870,155.0,7.44,sell,False,2022-11-07T06:56:00.807978+00:00
218,5342747658,155.0,8.17,sell,False,2022-11-07T06:55:57.855196+00:00
219,5342747304,155.0,7.81,sell,False,2022-11-07T06:55:54.747684+00:00
220,5342747008,155.0,7.26,sell,False,2022-11-07T06:55:52.064307+00:00
221,5342746813,155.0,8.22,sell,False,2022-11-07T06:55:49.090235+00:00
222,5342746608,155.0,7.28,sell,False,2022-11-07T06:55:46.367096+00:00
223,5342746607,155.0,0.05,sell,False,2022-11-07T06:55:46.367096+00:00
224,5342746426,155.0,7.3,sell,False,2022-11-07T06:55:43.738652+00:00
225,5342746226,155.0,7.45,sell,False,2022-11-07T06:55:40.966160+00:00
226,5342745975,155.0,8.23,sell,False,2022-11-07T06:55:37.966774+00:00
227,5342745797,155.0,6.95,sell,False,2022-11-07T06:55:35.274190+00:00
228,5342745481,155.0,7.27,sell,False,2022-11-07T06:55:32.564469+00:00
229,5342744786,155.0,7.83,sell,False,2022-11-07T06:55:29.698880+00:00
230,5342744453,155.0,4.91,sell,False,2022-11-07T06:55:26.912564+00:00
231,5342744452,155.0,2.03,sell,False,2022-11-07T06:55:26.912564+00:00
232,5342744090,155.0,7.69,sell,False,2022-11-07T06:55:24.190195+00:00
233,5342743830,155.0,7.54,sell,False,2022-11-07T06:55:21.170818+00:00
234,5342743615,155.0,6.93,sell,False,2022-11-07T06:55:18.806020+00:00
235,5342743249,155.0,8.03,sell,False,2022-11-07T06:55:15.865868+00:00
236,5342742957,155.0,7.91,sell,False,2022-11-07T06:55:12.776931+00:00
237,5342742709,155.0,7.56,sell,False,2022-11-07T06:55:10.096177+00:00
238,5342742439,155.0,6.99,sell,False,2022-11-07T06:55:07.372371+00:00
239,5342742208,155.0,7.81,sell,False,2022-11-07T06:55:04.366816+00:00
240,5342742061,155.0,6.79,sell,False,2022-11-07T06:55:01.966667+00:00
241,5342741861,155.0,6.94,sell,False,2022-11-07T06:54:59.279694+00:00
242,5342741674,155.0,6.86,sell,False,2022-11-07T06:54:56.570849+00:00
243,5342741475,155.0,7.77,sell,False,2022-11-07T06:54:53.863494+00:00
244,5342741289,155.0,6.87,sell,False,2022-11-07T06:54:51.173680+00:00
245,5342741011,155.0,7.31,sell,False,2022-11-07T06:54:48.464969+00:00
246,5342740704,155.0,3.97,sell,False,2022-11-07T06:54:45.775239+00:00
247,5342740703,155.0,1.72,sell,False,2022-11-07T06:54:45.775239+00:00
248,5342740702,155.0,1.92,sell,False,2022-11-07T06:54:45.775239+00:00
249,5342740513,155.0,7.55,sell,False,2022-11-07T06:54:42.785177+00:00
250,5342740288,155.0,7.27,sell,False,2022-11-07T06:54:40.068336+00:00
251,5342740004,155.0,8.17,sell,False,2022-11-07T06:54:37.083052+00:00
252,5342739857,155.0,7.82,sell,False,2022-11-07T06:54:34.378131+00:00
253,5342739696,155.0,8.47,sell,False,2022-11-07T06:54:31.068396+00:00
254,5342739389,155.0,7.47,sell,False,2022-11-07T06:54:28.368699+00:00
255,5342739154,155.0,7.33,sell,False,2022-11-07T06:54:25.658037+00:00
256,5342738913,155.0,7.06,sell,False,2022-11-07T06:54:22.975268+00:00
257,5342738715,155.0,6.43,sell,False,2022-11-07T06:54:21.152962+00:00
258,5342738572,155.0,6.54,sell,False,2022-11-07T06:54:20.615877+00:00
259,5342738541,155.0,7.41,sell,False,2022-11-07T06:54:20.084863+00:00
260,5342738528,155.0,7.73,sell,False,2022-11-07T06:54:19.538489+00:00
261,5342738484,155.0,6.48,sell,False,2022-11-07T06:54:18.992009+00:00
262,5342738459,155.0,7.39,sell,False,2022-11-07T06:54:18.460963+00:00
263,5342738453,154.96,2.24,buy,False,2022-11-07T06:54:18.304706+00:00
264,5342738452,154.95,1.72,buy,False,2022-11-07T06:54:18.304706+00:00
265,5342714427,155.11,0.94,sell,False,2022-11-07T06:50:02.413839+00:00
266,5342713991,155.1,5.06,sell,False,2022-11-07T06:50:00.212717+00:00
267,5342713605,155.1,13.95,sell,False,2022-11-07T06:49:57.202271+00:00
268,5342713554,155.1,15.67,sell,False,2022-11-07T06:49:56.637707+00:00
269,5342713462,155.1,13.28,sell,False,2022-11-07T06:49:56.037281+00:00
270,5342713455,154.95,2.03,buy,False,2022-11-07T06:49:55.954280+00:00
271,5340478630,154.95,0.02,buy,False,2022-11-07T01:30:39.007161+00:00
272,5336931342,153.83,0.76,sell,False,2022-11-06T18:04:42.128992+00:00
273,5319936730,154.35,0.07,buy,False,2022-11-04T23:15:46.804843+00:00
274,5314725333,150.0,0.2,buy,False,2022-11-04T13:40:56.617792+00:00
275,5314721551,149.7,0.2,sell,False,2022-11-04T13:40:30.740767+00:00
276,5314679982,150.0,0.2,buy,False,2022-11-04T13:36:23.069086+00:00
277,5314676010,149.7,0.2,buy,False,2022-11-04T13:36:02.398282+00:00
278,5314675752,149.4,0.2,buy,False,2022-11-04T13:36:00.290168+00:00
279,5314669382,149.1,0.2,buy,False,2022-11-04T13:35:21.586685+00:00
280,5314668758,148.8,0.2,buy,False,2022-11-04T13:35:17.552463+00:00
281,5314668650,148.5,0.2,buy,False,2022-11-04T13:35:17.017316+00:00
282,5314667170,148.2,0.2,sell,False,2022-11-04T13:35:07.878891+00:00
283,5314664853,148.5,0.2,sell,False,2022-11-04T13:35:02.820654+00:00
284,5314664852,148.8,0.03,sell,False,2022-11-04T13:35:02.820654+00:00
285,5314664796,148.8,0.01,sell,False,2022-11-04T13:35:02.618387+00:00
286,5314664773,148.8,0.01,sell,False,2022-11-04T13:35:02.562910+00:00
287,5314664695,148.8,0.01,sell,False,2022-11-04T13:35:02.338850+00:00
288,5314664469,148.8,0.01,sell,False,2022-11-04T13:35:02.059617+00:00
289,5314664459,148.8,0.01,sell,False,2022-11-04T13:35:02.049676+00:00
290,5314664360,148.8,0.02,sell,False,2022-11-04T13:35:01.786118+00:00
291,5314664358,148.8,0.02,sell,False,2022-11-04T13:35:01.785582+00:00
292,5314664312,148.8,0.04,sell,False,2022-11-04T13:35:01.427948+00:00
293,5314664309,148.8,0.04,sell,False,2022-11-04T13:35:01.421057+00:00
294,5314663410,149.1,0.2,sell,False,2022-11-04T13:34:56.574026+00:00
295,5314663244,149.4,0.2,sell,False,2022-11-04T13:34:55.800482+00:00
296,5314659304,149.7,0.2,sell,False,2022-11-04T13:34:26.774947+00:00
297,5312899546,156.81,0.02,buy,False,2022-11-04T11:17:21.267363+00:00
298,5312899227,155.21,0.21,buy,False,2022-11-04T11:17:18.598070+00:00
299,5312073330,150.0,0.2,buy,False,2022-11-04T09:27:38.928649+00:00
300,5312072725,149.7,0.2,buy,False,2022-11-04T09:27:33.802054+00:00
301,5312066799,149.4,0.2,buy,False,2022-11-04T09:26:38.325358+00:00
302,5312060259,149.1,0.2,buy,False,2022-11-04T09:25:40.482293+00:00
303,5312059579,148.8,0.2,buy,False,2022-11-04T09:25:33.278242+00:00
304,5312057839,148.5,0.2,sell,False,2022-11-04T09:25:18.318035+00:00
305,5312057591,148.8,0.2,sell,False,2022-11-04T09:25:17.409259+00:00
306,5312056088,149.1,0.2,sell,False,2022-11-04T09:25:05.844725+00:00
307,5312055995,149.4,0.2,sell,False,2022-11-04T09:25:05.037276+00:00
308,5312054925,149.7,0.2,sell,False,2022-11-04T09:24:55.403765+00:00
309,5311868708,154.13,2.52,buy,False,2022-11-04T09:06:26.858543+00:00
310,5311868707,153.87,5.08,buy,False,2022-11-04T09:06:26.858543+00:00
311,5311868706,152.67,3.66,buy,False,2022-11-04T09:06:26.858543+00:00
312,5311866705,151.86,0.09,buy,False,2022-11-04T09:06:17.069412+00:00
313,5311813437,150.0,0.2,buy,False,2022-11-04T08:59:57.404009+00:00
314,5311812742,149.7,0.2,buy,False,2022-11-04T08:59:53.563980+00:00
315,5311807158,149.4,0.2,buy,False,2022-11-04T08:59:06.845222+00:00
316,5311806899,149.1,0.2,buy,False,2022-11-04T08:59:04.600337+00:00
317,5311806679,148.8,0.2,buy,False,2022-11-04T08:59:01.940886+00:00
318,5311806201,148.5,0.2,buy,False,2022-11-04T08:58:59.391888+00:00
319,5311801267,148.2,0.2,buy,False,2022-11-04T08:58:20.249854+00:00
320,5311801005,147.9,0.2,buy,False,2022-11-04T08:58:19.079952+00:00
321,5311797695,147.6,0.2,buy,False,2022-11-04T08:57:54.117050+00:00
322,5311797326,147.3,0.2,buy,False,2022-11-04T08:57:50.272978+00:00
323,5311796717,147.0,0.2,buy,False,2022-11-04T08:57:47.172377+00:00
324,5311796514,146.7,0.2,buy,False,2022-11-04T08:57:45.059291+00:00
325,5311796120,146.4,0.2,buy,False,2022-11-04T08:57:42.448537+00:00
326,5311795894,146.1,0.2,buy,False,2022-11-04T08:57:40.418583+00:00
327,5311664977,145.8,0.2,buy,False,2022-11-04T08:41:52.966232+00:00
328,5311472468,145.5,0.2,buy,False,2022-11-04T08:18:28.698586+00:00
329,5311446670,145.2,0.2,buy,False,2022-11-04T08:16:07.904168+00:00
330,5305826045,144.9,0.2,buy,False,2022-11-03T19:48:47.850358+00:00
331,5305524147,144.68,0.06,buy,False,2022-11-03T18:55:46.608865+00:00
332,5305488884,144.6,0.2,buy,False,2022-11-03T18:47:54.088458+00:00
333,5305432970,144.3,0.2,sell,False,2022-11-03T18:36:57.448491+00:00
334,5305411841,144.6,0.2,buy,False,2022-11-03T18:33:00.620711+00:00
335,5305272600,144.3,0.2,buy,False,2022-11-03T18:12:34.048443+00:00
336,5305098591,144.0,0.2,buy,False,2022-11-03T17:51:12.316462+00:00
337,5305068660,143.7,0.2,buy,False,2022-11-03T17:46:36.540856+00:00
338,5305028033,143.4,0.2,sell,False,2022-11-03T17:39:50.605385+00:00
339,5305015328,143.7,0.2,sell,False,2022-11-03T17:37:38.054488+00:00
340,5304991508,144.0,0.2,buy,False,2022-11-03T17:33:14.066646+00:00
341,5304990467,143.7,0.2,buy,False,2022-11-03T17:33:03.906838+00:00
342,5304987822,143.4,0.2,buy,False,2022-11-03T17:32:32.013692+00:00
343,5304874614,143.1,0.2,buy,False,2022-11-03T17:15:41.785593+00:00
344,5304817983,142.8,0.2,sell,False,2022-11-03T17:06:12.147682+00:00
345,5304814888,143.1,0.2,sell,False,2022-11-03T17:05:40.737454+00:00
346,5304793305,143.4,0.2,sell,False,2022-11-03T17:02:22.353265+00:00
347,5304790314,143.7,0.2,sell,False,2022-11-03T17:02:05.013948+00:00
348,5304782821,144.0,0.2,buy,False,2022-11-03T17:01:18.667992+00:00
349,5304709843,143.7,0.2,sell,False,2022-11-03T16:49:52.939031+00:00
350,5304531657,144.0,0.2,buy,False,2022-11-03T16:21:17.941048+00:00
351,5304302028,143.7,0.2,buy,False,2022-11-03T15:47:56.960274+00:00
352,5304292000,143.4,0.2,buy,False,2022-11-03T15:46:25.145923+00:00
353,5304254925,143.1,0.2,buy,False,2022-11-03T15:40:45.376446+00:00
354,5304247100,142.8,0.2,buy,False,2022-11-03T15:39:38.002694+00:00
355,5304134759,142.5,0.2,sell,False,2022-11-03T15:24:31.786790+00:00
356,5304128281,142.8,0.01,sell,False,2022-11-03T15:23:31.294620+00:00
357,5304128277,142.8,0.01,sell,False,2022-11-03T15:23:31.273859+00:00
358,5304128144,142.8,0.01,sell,False,2022-11-03T15:23:30.523695+00:00
359,5304128129,142.8,0.01,sell,False,2022-11-03T15:23:30.442494+00:00
360,5304128101,142.8,0.01,sell,False,2022-11-03T15:23:29.963226+00:00
361,5304128097,142.8,0.01,sell,False,2022-11-03T15:23:29.899382+00:00
362,5304128067,142.8,0.01,sell,False,2022-11-03T15:23:29.423257+00:00
363,5304128066,142.8,0.01,sell,False,2022-11-03T15:23:29.422371+00:00
364,5304128037,142.8,0.02,sell,False,2022-11-03T15:23:29.060347+00:00
365,5304128034,142.8,0.02,sell,False,2022-11-03T15:23:29.037712+00:00
366,5304128024,142.8,0.04,sell,False,2022-11-03T15:23:28.672431+00:00
367,5304128019,142.8,0.04,sell,False,2022-11-03T15:23:28.617360+00:00
368,5304083363,143.1,0.2,sell,False,2022-11-03T15:16:56.432662+00:00
369,5304067486,143.4,0.2,sell,False,2022-11-03T15:14:59.084741+00:00
370,5304064776,143.7,0.2,sell,False,2022-11-03T15:14:36.424099+00:00
371,5304057939,144.0,0.2,sell,False,2022-11-03T15:13:43.131422+00:00
372,5304052550,144.3,0.2,sell,False,2022-11-03T15:12:55.778877+00:00
373,5303923550,144.6,0.2,sell,False,2022-11-03T14:57:16.268509+00:00
374,5303859852,144.9,0.2,buy,False,2022-11-03T14:49:50.237772+00:00
375,5303853687,144.6,0.2,buy,False,2022-11-03T14:49:07.250020+00:00
376,5303847950,144.3,0.2,buy,False,2022-11-03T14:48:28.154086+00:00
377,5303694290,144.0,0.2,buy,False,2022-11-03T14:29:41.826429+00:00
378,5303681795,143.7,0.2,buy,False,2022-11-03T14:28:21.071043+00:00
379,5303649512,143.4,0.2,sell,False,2022-11-03T14:25:01.907388+00:00
380,5303619130,143.7,0.2,sell,False,2022-11-03T14:21:31.280176+00:00
381,5303616845,144.0,0.2,sell,False,2022-11-03T14:21:16.462441+00:00
382,5303593505,144.3,0.2,buy,False,2022-11-03T14:19:17.631431+00:00
383,5303581014,144.0,0.2,sell,False,2022-11-03T14:17:58.555182+00:00
384,5303579874,144.3,0.2,sell,False,2022-11-03T14:17:48.221723+00:00
385,5303576346,144.6,0.2,sell,False,2022-11-03T14:17:25.654556+00:00
386,5303565880,144.9,0.2,sell,False,2022-11-03T14:16:39.497252+00:00
387,5303538017,145.2,0.2,buy,False,2022-11-03T14:15:06.072801+00:00
388,5303467811,144.9,0.2,buy,False,2022-11-03T14:07:06.193555+00:00
389,5303467583,144.6,0.2,buy,False,2022-11-03T14:07:03.646016+00:00
390,5303464475,144.3,0.2,buy,False,2022-11-03T14:06:44.333635+00:00
391,5303462363,144.13,0.05,buy,False,2022-11-03T14:06:32.037851+00:00
392,5303460837,144.0,0.2,buy,False,2022-11-03T14:06:24.665436+00:00
393,5303441462,143.7,0.2,buy,False,2022-11-03T14:04:42.595819+00:00
394,5303434877,143.4,0.2,buy,False,2022-11-03T14:04:20.191839+00:00
395,5303428615,143.1,0.2,buy,False,2022-11-03T14:03:41.324994+00:00
396,5303428011,142.8,0.2,buy,False,2022-11-03T14:03:38.987768+00:00
397,5303424442,142.5,0.2,buy,False,2022-11-03T14:03:14.926468+00:00
398,5303424441,142.48,0.04,buy,False,2022-11-03T14:03:14.926468+00:00
399,5303419444,142.2,0.2,buy,False,2022-11-03T14:02:41.055364+00:00
400,5303418374,141.9,0.2,buy,False,2022-11-03T14:02:34.339939+00:00
401,5303413597,141.6,0.2,buy,False,2022-11-03T14:02:12.227776+00:00
402,5303403430,141.3,0.2,buy,False,2022-11-03T14:01:29.147398+00:00
403,5303367316,141.0,0.2,buy,False,2022-11-03T13:59:56.164920+00:00
404,5303318777,140.7,0.2,sell,False,2022-11-03T13:54:16.647424+00:00
405,5303317743,141.0,0.2,sell,False,2022-11-03T13:54:04.321575+00:00
406,5303316625,141.3,0.2,sell,False,2022-11-03T13:53:52.284340+00:00
407,5303313090,141.6,0.16,buy,False,2022-11-03T13:53:13.520795+00:00
408,5303310819,141.6,0.04,buy,False,2022-11-03T13:52:46.957919+00:00
409,5303310517,141.3,0.2,buy,False,2022-11-03T13:52:43.049991+00:00
410,5303310516,141.28,0.04,buy,False,2022-11-03T13:52:43.049991+00:00
411,5303309066,141.0,0.2,buy,False,2022-11-03T13:52:30.281781+00:00
412,5303293124,140.7,0.2,buy,False,2022-11-03T13:50:53.590906+00:00
413,5303283471,140.4,0.2,sell,False,2022-11-03T13:49:27.655346+00:00
414,5303276631,140.7,0.2,sell,False,2022-11-03T13:48:42.587292+00:00
415,5303269561,141.0,0.2,buy,False,2022-11-03T13:47:48.993867+00:00
416,5303264425,140.69,0.06,sell,False,2022-11-03T13:47:08.840389+00:00
417,5303264135,140.7,0.2,buy,False,2022-11-03T13:47:05.558326+00:00
418,5303262428,140.4,0.16,buy,False,2022-11-03T13:46:55.774759+00:00
419,5303260071,140.4,0.04,buy,False,2022-11-03T13:46:34.700648+00:00
420,5303258406,140.1,0.2,buy,False,2022-11-03T13:46:28.006301+00:00
421,5303257664,139.8,0.2,buy,False,2022-11-03T13:46:22.071308+00:00
422,5303257663,139.77,0.04,buy,False,2022-11-03T13:46:22.071308+00:00
423,5303242475,139.5,0.2,buy,False,2022-11-03T13:45:18.449017+00:00
424,5303224095,139.2,0.2,buy,False,2022-11-03T13:44:01.329747+00:00
425,5303222714,138.9,0.2,buy,False,2022-11-03T13:43:44.618854+00:00
426,5303210773,138.6,0.2,sell,False,2022-11-03T13:42:08.316167+00:00
427,5303190719,138.9,0.16,buy,False,2022-11-03T13:40:24.173452+00:00
428,5303183542,138.9,0.04,buy,False,2022-11-03T13:39:30.372152+00:00
429,5303183267,138.6,0.2,buy,False,2022-11-03T13:39:26.741034+00:00
430,5303183117,138.56,0.04,buy,False,2022-11-03T13:39:26.209569+00:00
431,5303182130,138.3,0.2,buy,False,2022-11-03T13:39:17.682508+00:00
432,5303182092,138.0,0.2,buy,False,2022-11-03T13:39:17.151788+00:00
433,5303181688,137.7,0.16,buy,False,2022-11-03T13:39:13.246642+00:00
434,5303148879,137.7,0.04,buy,False,2022-11-03T13:35:25.452013+00:00
435,5303144870,137.4,0.2,buy,False,2022-11-03T13:35:02.013848+00:00
436,5303144869,137.18,0.23,buy,False,2022-11-03T13:35:02.013848+00:00
437,5303144818,137.1,0.2,buy,False,2022-11-03T13:35:01.486369+00:00
438,5303140526,136.8,0.2,buy,False,2022-11-03T13:34:36.524902+00:00
439,5303129921,136.5,0.2,buy,False,2022-11-03T13:33:54.611794+00:00
440,5303128290,136.2,0.2,buy,False,2022-11-03T13:33:49.927613+00:00
441,5303122546,135.9,0.2,buy,False,2022-11-03T13:33:31.783663+00:00
442,5303121917,135.6,0.2,buy,False,2022-11-03T13:33:27.617259+00:00
443,5303121916,135.3,0.2,buy,False,2022-11-03T13:33:27.617259+00:00
444,5303121825,135.0,0.2,buy,False,2022-11-03T13:33:27.085595+00:00
445,5302941242,134.7,0.2,buy,False,2022-11-03T13:08:12.951629+00:00
446,5302934161,134.4,0.2,buy,False,2022-11-03T13:07:02.409441+00:00
447,5302933408,134.1,0.2,buy,False,2022-11-03T13:06:53.478470+00:00
448,5302887835,133.8,0.2,sell,False,2022-11-03T13:01:32.580331+00:00
449,5302886441,134.1,0.2,sell,False,2022-11-03T13:01:25.024120+00:00
450,5302850055,134.4,0.2,sell,False,2022-11-03T12:56:39.524842+00:00
451,5302848945,134.7,0.2,sell,False,2022-11-03T12:56:28.260760+00:00
452,5302847386,135.0,0.2,sell,False,2022-11-03T12:56:16.635671+00:00
453,5302840507,135.3,0.2,sell,False,2022-11-03T12:55:09.044433+00:00
454,5302758288,135.6,0.2,sell,False,2022-11-03T12:47:34.612642+00:00
455,5302748194,135.9,0.2,buy,False,2022-11-03T12:45:53.913440+00:00
456,5302747691,135.6,0.2,buy,False,2022-11-03T12:45:45.513017+00:00
457,5302737905,135.3,0.2,buy,False,2022-11-03T12:44:00.938389+00:00
458,5302737364,135.0,0.2,buy,False,2022-11-03T12:43:51.683990+00:00
459,5302737046,134.7,0.2,buy,False,2022-11-03T12:43:46.520771+00:00
460,5302735514,134.4,0.2,buy,False,2022-11-03T12:43:31.982896+00:00
461,5302734220,134.1,0.2,buy,False,2022-11-03T12:43:16.762435+00:00
462,5302734124,133.8,0.2,buy,False,2022-11-03T12:43:15.684530+00:00
463,5302721294,133.5,0.2,sell,False,2022-11-03T12:41:21.417550+00:00
464,5302695185,133.8,0.2,sell,False,2022-11-03T12:38:03.141238+00:00
465,5302691816,134.1,0.2,sell,False,2022-11-03T12:37:41.715667+00:00
466,5302636259,134.4,0.2,sell,False,2022-11-03T12:31:09.455855+00:00
467,5302579857,134.7,0.2,sell,False,2022-11-03T12:25:04.221807+00:00
468,5302486259,135.0,0.2,buy,False,2022-11-03T12:12:20.489134+00:00
469,5302484987,134.7,0.2,buy,False,2022-11-03T12:12:09.965886+00:00
470,5302360964,134.4,0.2,sell,False,2022-11-03T11:59:47.128792+00:00
471,5302358865,134.7,0.2,sell,False,2022-11-03T11:59:27.497715+00:00
472,5302358541,135.0,0.2,sell,False,2022-11-03T11:59:22.742269+00:00
473,5302358301,135.3,0.2,sell,False,2022-11-03T11:59:19.709393+00:00
474,5302358300,135.3,0.19,sell,False,2022-11-03T11:59:19.709393+00:00
475,5302347049,135.6,0.2,sell,False,2022-11-03T11:57:32.985819+00:00
476,5302346215,135.9,0.2,sell,False,2022-11-03T11:57:26.321599+00:00
477,5301990103,136.2,0.2,sell,False,2022-11-03T11:25:27.538725+00:00
478,5301988066,136.5,0.2,sell,False,2022-11-03T11:25:12.691250+00:00
479,5301983099,136.8,0.2,sell,False,2022-11-03T11:24:33.035319+00:00
480,5301903543,137.1,0.2,buy,False,2022-11-03T11:16:52.058136+00:00
481,5301899966,136.8,0.2,buy,False,2022-11-03T11:16:35.487861+00:00
482,5301898629,136.5,0.2,buy,False,2022-11-03T11:16:22.827947+00:00
483,5301862067,136.2,0.2,buy,False,2022-11-03T11:11:39.929755+00:00
484,5301852376,135.9,0.2,sell,False,2022-11-03T11:10:55.231309+00:00
485,5301844417,136.2,0.2,sell,False,2022-11-03T11:10:06.033836+00:00
486,5301840611,136.5,0.2,buy,False,2022-11-03T11:09:31.376605+00:00
487,5301821310,136.2,0.2,sell,False,2022-11-03T11:06:29.564054+00:00
488,5301820841,136.5,0.2,sell,False,2022-11-03T11:06:26.347996+00:00
489,5301819524,136.8,0.2,sell,False,2022-11-03T11:06:19.441108+00:00
490,5301818966,137.1,0.2,sell,False,2022-11-03T11:06:14.733742+00:00
491,5301818203,137.34,0.06,sell,False,2022-11-03T11:06:10.514141+00:00
492,5301818125,137.4,0.2,sell,False,2022-11-03T11:06:09.712482+00:00
493,5301813392,137.7,0.2,sell,False,2022-11-03T11:05:38.049792+00:00
494,5301813006,138.0,0.2,sell,False,2022-11-03T11:05:33.857320+00:00
495,5301812718,138.3,0.2,sell,False,2022-11-03T11:05:31.195446+00:00
496,5301811472,138.6,0.16,sell,False,2022-11-03T11:05:19.713911+00:00
497,5301804666,138.6,0.04,sell,False,2022-11-03T11:04:27.697549+00:00
498,5301804191,138.9,0.2,sell,False,2022-11-03T11:04:23.252161+00:00
499,5301803382,139.2,0.2,sell,False,2022-11-03T11:04:18.461686+00:00
500,5301802408,139.5,0.2,sell,False,2022-11-03T11:04:08.764431+00:00
501,5301802184,139.51,0.02,sell,False,2022-11-03T11:04:06.318595+00:00
502,5301801837,139.73,0.06,sell,False,2022-11-03T11:04:03.765678+00:00
503,5301801754,139.8,0.2,sell,False,2022-11-03T11:04:02.744384+00:00
504,5301801015,140.1,0.2,sell,False,2022-11-03T11:03:54.064877+00:00
505,5301800244,140.4,0.2,sell,False,2022-11-03T11:03:46.644480+00:00
506,5301794065,140.7,0.2,sell,False,2022-11-03T11:02:57.020346+00:00
507,5301792779,141.0,0.2,sell,False,2022-11-03T11:02:46.465551+00:00
508,5301709629,141.3,0.2,sell,False,2022-11-03T10:50:59.847936+00:00
509,5301706519,141.6,0.2,sell,False,2022-11-03T10:50:36.406685+00:00
510,5301433015,141.9,0.2,buy,False,2022-11-03T10:09:51.288056+00:00
511,5301334904,141.6,0.16,buy,False,2022-11-03T09:57:29.517589+00:00
512,5301267170,141.6,0.04,buy,False,2022-11-03T09:45:10.597782+00:00
513,5301265226,141.32,0.06,sell,False,2022-11-03T09:44:44.878786+00:00
514,5300708981,141.3,0.2,sell,False,2022-11-03T08:05:53.486202+00:00
515,5296517796,141.35,0.4,sell,False,2022-11-02T20:31:35.756768+00:00
516,5295937920,141.6,0.2,buy,False,2022-11-02T19:46:50.469535+00:00
517,5295936852,141.51,1.88,buy,False,2022-11-02T19:46:45.492366+00:00
518,5295936769,141.3,0.2,buy,False,2022-11-02T19:46:44.851892+00:00
519,5295754353,141.0,0.2,sell,False,2022-11-02T19:32:20.508773+00:00
520,5295666150,141.3,0.2,sell,False,2022-11-02T19:28:20.177370+00:00
521,5295541980,141.6,0.2,sell,False,2022-11-02T19:24:22.382891+00:00
522,5295490123,141.9,0.2,sell,False,2022-11-02T19:21:20.578639+00:00
523,5295471133,142.2,0.2,sell,False,2022-11-02T19:20:32.902709+00:00
524,5295387843,142.5,0.2,sell,False,2022-11-02T19:15:23.034289+00:00
525,5295372123,142.8,0.2,sell,False,2022-11-02T19:14:14.732299+00:00
526,5295309639,143.1,0.2,buy,False,2022-11-02T19:09:45.844625+00:00
527,5295290200,142.8,0.2,buy,False,2022-11-02T19:08:57.456585+00:00
528,5295234199,142.5,0.2,buy,False,2022-11-02T19:05:50.332800+00:00
529,5295009357,142.2,0.2,sell,False,2022-11-02T18:53:41.904836+00:00
530,5294936144,142.5,0.2,sell,False,2022-11-02T18:51:47.326764+00:00
531,5294906831,142.8,0.2,sell,False,2022-11-02T18:51:18.463683+00:00
532,5294869499,143.1,0.2,sell,False,2022-11-02T18:50:19.899414+00:00
533,5294808493,143.4,0.2,sell,False,2022-11-02T18:46:49.427334+00:00
534,5294803103,143.7,0.2,sell,False,2022-11-02T18:46:36.583450+00:00
535,5294676581,144.0,0.2,buy,False,2022-11-02T18:42:13.890266+00:00
536,5294674461,143.7,0.2,buy,False,2022-11-02T18:42:12.135429+00:00
537,5294608405,143.4,0.2,buy,False,2022-11-02T18:40:27.035295+00:00
538,5294571421,143.1,0.2,sell,False,2022-11-02T18:39:18.584513+00:00
539,5294565225,143.4,0.2,sell,False,2022-11-02T18:39:08.403489+00:00
540,5294492881,143.7,0.2,sell,False,2022-11-02T18:38:00.241447+00:00
541,5294481442,144.0,0.2,sell,False,2022-11-02T18:37:51.270504+00:00
542,5294466184,144.3,0.2,sell,False,2022-11-02T18:37:35.590892+00:00
543,5294445528,144.6,0.2,sell,False,2022-11-02T18:37:09.124231+00:00
544,5294427195,144.6,0.2,sell,False,2022-11-02T18:36:55.827998+00:00
545,5294377941,145.2,0.2,buy,False,2022-11-02T18:35:55.406527+00:00
546,5294278875,144.9,0.2,sell,False,2022-11-02T18:31:30.269897+00:00
547,5294128342,145.2,0.2,buy,False,2022-11-02T18:22:11.642598+00:00
548,5294123066,144.9,0.2,buy,False,2022-11-02T18:21:46.005637+00:00
549,5293945992,144.6,0.2,buy,False,2022-11-02T18:12:32.964995+00:00
550,5293706848,144.3,0.2,buy,False,2022-11-02T18:05:19.050844+00:00
551,5293582303,144.0,0.2,buy,False,2022-11-02T18:02:15.958544+00:00
552,5293550152,143.7,0.2,buy,False,2022-11-02T18:01:52.369487+00:00
553,5293515180,143.4,0.2,buy,False,2022-11-02T18:01:26.981865+00:00
554,5293234231,143.1,0.2,buy,False,2022-11-02T17:51:02.894372+00:00
555,5293110193,142.8,0.2,sell,False,2022-11-02T17:26:33.069716+00:00
556,5293046231,143.1,0.2,sell,False,2022-11-02T17:14:41.877880+00:00
557,5293032728,143.4,0.2,sell,False,2022-11-02T17:12:30.184739+00:00
558,5292910506,143.7,0.2,buy,False,2022-11-02T16:57:20.509125+00:00
559,5292878349,143.4,0.2,buy,False,2022-11-02T16:51:38.170381+00:00
560,5292861139,143.1,0.2,buy,False,2022-11-02T16:49:54.102384+00:00
561,5292817229,142.8,0.2,sell,False,2022-11-02T16:43:23.291246+00:00
562,5292806667,143.1,0.2,sell,False,2022-11-02T16:42:11.185770+00:00
563,5292676073,143.4,0.2,buy,False,2022-11-02T16:20:26.567792+00:00
564,5292480768,143.1,0.2,buy,False,2022-11-02T15:37:03.991650+00:00
565,5292473343,142.8,0.2,buy,False,2022-11-02T15:34:46.377192+00:00
566,5292469124,142.5,0.2,buy,False,2022-11-02T15:33:35.611297+00:00
567,5292458977,142.2,0.2,buy,False,2022-11-02T15:31:08.336295+00:00
568,5292429087,141.9,0.2,sell,False,2022-11-02T15:22:31.330993+00:00
569,5292418495,142.2,0.2,sell,False,2022-11-02T15:19:39.385332+00:00
570,5292374641,142.5,0.2,sell,False,2022-11-02T15:11:01.452908+00:00
571,5292371560,142.8,0.2,sell,False,2022-11-02T15:10:20.907342+00:00
572,5292355691,143.1,0.2,sell,False,2022-11-02T15:06:46.228171+00:00
573,5292336908,143.4,0.2,sell,False,2022-11-02T15:03:26.048779+00:00
574,5292319395,143.7,0.2,buy,False,2022-11-02T15:00:16.052885+00:00
575,5292107634,143.4,0.2,buy,False,2022-11-02T14:21:21.502452+00:00
576,5292037396,143.1,0.2,buy,False,2022-11-02T14:12:57.640704+00:00
577,5292018850,142.8,0.2,sell,False,2022-11-02T14:09:06.679078+00:00
578,5292016208,143.1,0.2,sell,False,2022-11-02T14:08:32.574983+00:00
579,5291997275,143.4,0.2,sell,False,2022-11-02T14:05:00.255513+00:00
580,5291959408,143.7,0.2,sell,False,2022-11-02T13:57:08.969049+00:00
581,5291923554,144.0,0.2,buy,False,2022-11-02T13:49:48.446458+00:00
582,5291920758,143.7,0.2,buy,False,2022-11-02T13:49:19.663444+00:00
583,5291911023,143.4,0.2,buy,False,2022-11-02T13:47:30.100937+00:00
584,5291909073,143.1,0.2,buy,False,2022-11-02T13:47:05.244249+00:00
585,5291904486,142.8,0.2,buy,False,2022-11-02T13:46:07.087183+00:00
586,5291885073,142.5,0.2,sell,False,2022-11-02T13:42:33.431919+00:00
587,5291863135,142.8,0.2,sell,False,2022-11-02T13:38:54.046636+00:00
588,5291857531,143.1,0.2,sell,False,2022-11-02T13:37:47.532328+00:00
589,5291853940,143.4,0.2,sell,False,2022-11-02T13:37:08.069345+00:00
590,5291851268,143.7,0.2,sell,False,2022-11-02T13:36:39.897633+00:00
591,5291836891,144.0,0.2,sell,False,2022-11-02T13:35:07.653425+00:00
592,5291835927,144.3,0.2,sell,False,2022-11-02T13:35:02.581734+00:00
593,5291835846,144.6,0.2,sell,False,2022-11-02T13:35:01.775635+00:00
594,5291790810,144.9,0.2,buy,False,2022-11-02T13:30:27.796275+00:00
595,5291790572,144.6,0.2,buy,False,2022-11-02T13:30:24.794449+00:00
596,5291789991,144.3,0.2,buy,False,2022-11-02T13:30:21.933454+00:00
597,5291667688,143.78,0.8,sell,False,2022-11-02T13:04:31.917402+00:00
598,5291667687,144.0,0.2,sell,False,2022-11-02T13:04:31.917402+00:00
599,5291520128,144.3,0.2,sell,False,2022-11-02T12:31:23.079882+00:00
600,5291479326,144.6,0.2,sell,False,2022-11-02T12:24:36.081245+00:00
601,5291012428,144.9,0.2,sell,False,2022-11-02T10:55:04.949511+00:00
602,5290741511,145.2,0.2,buy,False,2022-11-02T10:08:07.503259+00:00
603,5290739866,145.1,0.4,buy,False,2022-11-02T10:07:55.909927+00:00
604,5290543583,144.9,0.2,buy,False,2022-11-02T09:57:25.597553+00:00
605,5290351770,144.6,0.2,buy,False,2022-11-02T09:33:41.888586+00:00
606,5289798106,144.39,0.8,buy,False,2022-11-02T08:11:35.440967+00:00
607,5289798105,144.3,0.2,buy,False,2022-11-02T08:11:35.440967+00:00
608,5285451739,144.0,0.2,buy,False,2022-11-01T19:49:59.654712+00:00
609,5285435990,143.7,0.2,buy,False,2022-11-01T19:47:32.499665+00:00
610,5285373634,143.4,0.2,sell,False,2022-11-01T19:32:44.274585+00:00
611,5285365631,143.7,0.2,sell,False,2022-11-01T19:30:57.190437+00:00
612,5285341415,144.0,0.2,sell,False,2022-11-01T19:25:42.994870+00:00
613,5285319795,144.3,0.2,buy,False,2022-11-01T19:20:59.205126+00:00
614,5285316322,144.0,0.2,buy,False,2022-11-01T19:19:49.090495+00:00
615,5285232987,143.7,0.2,buy,False,2022-11-01T18:59:48.014308+00:00
616,5285221821,143.4,0.2,buy,False,2022-11-01T18:57:11.759487+00:00
617,5285060603,143.1,0.2,buy,False,2022-11-01T18:19:43.769977+00:00
618,5284939288,142.8,0.2,sell,False,2022-11-01T17:57:34.039775+00:00
619,5284843835,143.1,0.2,sell,False,2022-11-01T17:38:33.904191+00:00
620,5284767410,143.4,0.2,buy,False,2022-11-01T17:21:43.322534+00:00
621,5284748239,143.1,0.2,buy,False,2022-11-01T17:17:23.712126+00:00
622,5284739369,142.8,0.2,buy,False,2022-11-01T17:15:48.977712+00:00
623,5284720632,142.5,0.2,buy,False,2022-11-01T17:12:01.579237+00:00
624,5284663926,142.2,0.2,buy,False,2022-11-01T17:00:04.929173+00:00
625,5284652339,141.9,0.2,buy,False,2022-11-01T16:56:57.373573+00:00
626,5284443550,141.6,0.2,sell,False,2022-11-01T16:24:44.686548+00:00
627,5284420788,141.9,0.2,sell,False,2022-11-01T16:21:02.716869+00:00
628,5284239034,142.2,0.2,sell,False,2022-11-01T15:47:26.258323+00:00
629,5284102483,142.5,0.2,sell,False,2022-11-01T15:20:49.309798+00:00
630,5283981396,142.8,0.2,buy,False,2022-11-01T15:00:25.165552+00:00
631,5283972859,142.5,0.2,sell,False,2022-11-01T14:59:00.746526+00:00
632,5283967918,142.8,0.2,sell,False,2022-11-01T14:58:20.726713+00:00
633,5283892427,143.1,0.2,sell,False,2022-11-01T14:43:45.126689+00:00
634,5283889752,143.4,0.2,sell,False,2022-11-01T14:43:14.484045+00:00
635,5283876669,143.7,0.2,sell,False,2022-11-01T14:41:05.333965+00:00
636,5283862507,144.0,0.2,sell,False,2022-11-01T14:39:33.503658+00:00
637,5283858884,144.3,0.2,sell,False,2022-11-01T14:39:10.202959+00:00
638,5283853529,144.6,0.2,sell,False,2022-11-01T14:38:06.185253+00:00
639,5283852493,144.9,0.2,sell,False,2022-11-01T14:37:53.988054+00:00
640,5283832408,145.2,0.2,buy,False,2022-11-01T14:34:56.641692+00:00
641,5283812878,144.9,0.2,buy,False,2022-11-01T14:32:04.493519+00:00
642,5283772555,144.6,0.2,sell,False,2022-11-01T14:26:21.895662+00:00
643,5283770466,144.9,0.2,sell,False,2022-11-01T14:25:58.387455+00:00
644,5283764551,145.2,0.2,sell,False,2022-11-01T14:25:05.207009+00:00
645,5283760656,145.5,0.2,sell,False,2022-11-01T14:24:14.963454+00:00
646,5283744905,145.8,0.2,buy,False,2022-11-01T14:21:53.555402+00:00
647,5283738820,145.5,0.2,buy,False,2022-11-01T14:21:07.111567+00:00
648,5283735896,145.2,0.2,buy,False,2022-11-01T14:20:49.340307+00:00
649,5283708526,144.9,0.2,buy,False,2022-11-01T14:17:38.045897+00:00
650,5283697498,144.6,0.2,buy,False,2022-11-01T14:16:38.771857+00:00
651,5283688168,144.3,0.2,buy,False,2022-11-01T14:15:35.234004+00:00
652,5283671366,144.0,0.2,buy,False,2022-11-01T14:13:49.448922+00:00
653,5283626918,143.7,0.2,sell,False,2022-11-01T14:10:01.423746+00:00
654,5283615773,144.0,0.2,sell,False,2022-11-01T14:08:55.111414+00:00
655,5283611223,144.3,0.2,sell,False,2022-11-01T14:08:23.494503+00:00
656,5283603037,144.6,0.2,sell,False,2022-11-01T14:07:44.668409+00:00
657,5283592991,144.9,0.2,sell,False,2022-11-01T14:06:45.408282+00:00
658,5283563159,145.2,0.2,buy,False,2022-11-01T14:03:48.863974+00:00
659,5283531197,144.9,0.2,sell,False,2022-11-01T14:01:06.312651+00:00
660,5283503461,145.2,0.2,sell,False,2022-11-01T13:59:54.505344+00:00
661,5283469221,145.5,0.2,sell,False,2022-11-01T13:54:49.829620+00:00
662,5283460571,145.8,0.2,sell,False,2022-11-01T13:53:39.637462+00:00
663,5283438793,146.1,0.2,buy,False,2022-11-01T13:51:41.091840+00:00
664,5283417244,145.8,0.2,buy,False,2022-11-01T13:49:50.783000+00:00
665,5283416033,145.5,0.2,buy,False,2022-11-01T13:49:44.526642+00:00
666,5283384246,145.2,0.2,sell,False,2022-11-01T13:48:03.960785+00:00
667,5283378508,145.5,0.2,sell,False,2022-11-01T13:47:52.144830+00:00
668,5283328710,145.82,6.12,sell,False,2022-11-01T13:45:42.911320+00:00
669,5283328416,145.8,0.2,sell,False,2022-11-01T13:45:41.778600+00:00
670,5283294544,146.1,0.2,sell,False,2022-11-01T13:43:45.345628+00:00
671,5283283507,146.4,0.2,sell,False,2022-11-01T13:42:56.422535+00:00
672,5283267501,146.7,0.2,sell,False,2022-11-01T13:42:02.144434+00:00
673,5283267357,147.0,0.2,sell,False,2022-11-01T13:42:00.123995+00:00
674,5283257619,147.3,0.2,sell,False,2022-11-01T13:41:07.690637+00:00
675,5283256711,147.6,0.2,sell,False,2022-11-01T13:41:01.884349+00:00
676,5283250443,147.75,1.0,sell,False,2022-11-01T13:40:03.473272+00:00
677,5283249494,147.9,0.2,buy,False,2022-11-01T13:39:55.078213+00:00
678,5283245442,147.6,0.2,buy,False,2022-11-01T13:39:18.611893+00:00
679,5283243455,147.3,0.2,buy,False,2022-11-01T13:39:07.663488+00:00
680,5283230798,147.0,0.2,buy,False,2022-11-01T13:37:00.785817+00:00
681,5283228852,146.48,5.92,sell,False,2022-11-01T13:36:39.585542+00:00
682,5283228851,146.7,0.2,sell,False,2022-11-01T13:36:39.585542+00:00
683,5283228797,147.0,0.2,sell,False,2022-11-01T13:36:38.603123+00:00
684,5283227351,147.31,1.88,sell,False,2022-11-01T13:36:26.800441+00:00
685,5283227206,147.3,0.2,sell,False,2022-11-01T13:36:25.812017+00:00
686,5283227205,147.6,0.2,sell,False,2022-11-01T13:36:25.812017+00:00
687,5283225710,147.9,0.2,sell,False,2022-11-01T13:36:11.928374+00:00
688,5283224014,148.2,0.2,sell,False,2022-11-01T13:36:04.917849+00:00
689,5283222550,148.5,0.2,sell,False,2022-11-01T13:35:58.377828+00:00
690,5283215339,148.8,0.2,buy,False,2022-11-01T13:35:03.544625+00:00
691,5283215252,148.5,0.2,buy,False,2022-11-01T13:35:02.423355+00:00
692,5283215251,148.2,0.2,buy,False,2022-11-01T13:35:02.423355+00:00
693,5283214152,147.9,0.2,buy,False,2022-11-01T13:34:54.481002+00:00
694,5283213964,147.6,0.2,buy,False,2022-11-01T13:34:52.331607+00:00
695,5283213924,147.3,0.2,buy,False,2022-11-01T13:34:51.794673+00:00
696,5283213267,147.0,0.2,buy,False,2022-11-01T13:34:49.908021+00:00
697,5283212937,146.7,0.2,buy,False,2022-11-01T13:34:45.657624+00:00
698,5283209236,146.4,0.2,buy,False,2022-11-01T13:34:17.739772+00:00
699,5283207413,146.1,0.2,buy,False,2022-11-01T13:33:58.786490+00:00
700,5283206933,145.8,0.2,buy,False,2022-11-01T13:33:53.719396+00:00
701,5283206455,145.5,0.2,buy,False,2022-11-01T13:33:48.552890+00:00
702,5283205742,145.2,0.2,buy,False,2022-11-01T13:33:41.136742+00:00
703,5283189604,144.9,0.2,buy,False,2022-11-01T13:32:01.417637+00:00
704,5283183983,144.6,0.2,buy,False,2022-11-01T13:31:27.789332+00:00
705,5283183538,144.3,0.2,buy,False,2022-11-01T13:31:25.572457+00:00
706,5283183262,144.0,0.2,buy,False,2022-11-01T13:31:25.003323+00:00
707,5283182660,143.7,0.2,buy,False,2022-11-01T13:31:20.961349+00:00
708,5282794870,143.4,0.2,buy,False,2022-11-01T12:19:55.961293+00:00
709,5282787797,143.1,0.2,buy,False,2022-11-01T12:18:51.985032+00:00
710,5282623850,142.8,0.2,buy,False,2022-11-01T11:56:50.739927+00:00
711,5282547949,142.5,0.2,buy,False,2022-11-01T11:42:15.093676+00:00
712,5282533888,142.2,0.2,buy,False,2022-11-01T11:39:11.209956+00:00
713,5282421753,141.9,0.2,buy,False,2022-11-01T11:22:20.940400+00:00
714,5282418874,141.67,1.5,buy,False,2022-11-01T11:22:01.569931+00:00
715,5282418564,141.6,0.2,buy,False,2022-11-01T11:21:58.521626+00:00
716,5282262372,141.3,0.2,buy,False,2022-11-01T11:08:22.381438+00:00
717,5282259646,141.0,0.2,buy,False,2022-11-01T11:08:00.983655+00:00
718,5282219321,140.7,0.2,sell,False,2022-11-01T11:03:26.832695+00:00
719,5282219231,141.0,0.2,sell,False,2022-11-01T11:03:26.033487+00:00
720,5282150115,141.3,0.2,buy,False,2022-11-01T10:54:20.245925+00:00
721,5282123739,141.0,0.2,buy,False,2022-11-01T10:49:25.946017+00:00
722,5282122874,140.7,0.2,buy,False,2022-11-01T10:49:15.648789+00:00
723,5282122259,140.4,0.2,buy,False,2022-11-01T10:49:09.895980+00:00
724,5282087187,140.26,1.0,buy,False,2022-11-01T10:43:28.550049+00:00
725,5282043495,140.1,0.2,buy,False,2022-11-01T10:37:25.513894+00:00
726,5281570122,139.8,0.2,buy,False,2022-11-01T09:40:59.776342+00:00
727,5281531530,139.5,0.2,buy,False,2022-11-01T09:35:47.896772+00:00
728,5281235364,139.2,0.2,buy,False,2022-11-01T08:51:13.122179+00:00
729,5281198761,138.9,0.2,buy,False,2022-11-01T08:43:37.756185+00:00
730,5281182120,138.6,0.2,buy,False,2022-11-01T08:39:54.473462+00:00
731,5281147451,138.3,0.2,sell,False,2022-11-01T08:32:10.538033+00:00
732,5281147003,138.6,0.2,sell,False,2022-11-01T08:32:04.844424+00:00
733,5281144926,138.9,0.2,sell,False,2022-11-01T08:31:43.329581+00:00
734,5281144721,139.2,0.2,sell,False,2022-11-01T08:31:41.179532+00:00
735,5281083430,139.5,0.2,buy,False,2022-11-01T08:20:52.772773+00:00
736,5281030904,139.2,0.2,buy,False,2022-11-01T08:10:19.415533+00:00
737,5281016650,138.9,0.2,buy,False,2022-11-01T08:07:24.460240+00:00
738,5281003558,138.6,0.2,buy,False,2022-11-01T08:05:24.144650+00:00
739,5280997285,138.3,0.2,buy,False,2022-11-01T08:04:47.907602+00:00
740,5280996401,138.0,0.2,buy,False,2022-11-01T08:04:40.120916+00:00
741,5276631691,137.7,0.2,sell,False,2022-10-31T19:50:53.413027+00:00
742,5276484262,138.0,0.2,buy,False,2022-10-31T19:22:34.719870+00:00
743,5276416104,137.7,0.2,sell,False,2022-10-31T19:10:18.323287+00:00
744,5276398199,138.0,0.2,sell,False,2022-10-31T19:08:09.045825+00:00
745,5276216275,138.3,0.2,buy,False,2022-10-31T18:38:30.541705+00:00
746,5276079621,138.0,0.2,buy,False,2022-10-31T18:19:19.899110+00:00
747,5276031650,137.7,0.2,sell,False,2022-10-31T18:10:25.620914+00:00
748,5275931114,138.0,0.2,sell,False,2022-10-31T17:53:02.521237+00:00
749,5275831552,138.3,0.2,buy,False,2022-10-31T17:38:32.996737+00:00
750,5275736194,138.0,0.2,sell,False,2022-10-31T17:22:30.313744+00:00
751,5275571535,138.3,0.2,sell,False,2022-10-31T17:01:30.884953+00:00
752,5275534451,138.6,0.2,buy,False,2022-10-31T16:56:01.593569+00:00
753,5275433633,138.3,0.2,sell,False,2022-10-31T16:42:42.889463+00:00
754,5275408520,138.6,0.2,sell,False,2022-10-31T16:40:08.541943+00:00
755,5275406484,138.9,0.2,sell,False,2022-10-31T16:39:43.245907+00:00
756,5275369412,139.2,0.2,sell,False,2022-10-31T16:34:48.722939+00:00
757,5275045432,139.5,0.2,sell,False,2022-10-31T16:07:04.272316+00:00
758,5274999181,139.8,0.2,sell,False,2022-10-31T16:02:27.787521+00:00
759,5274942175,140.1,0.2,sell,False,2022-10-31T15:58:18.016523+00:00
760,5274844639,140.4,0.2,buy,False,2022-10-31T15:51:01.017055+00:00
761,5274765312,140.1,0.2,sell,False,2022-10-31T15:38:45.764925+00:00
762,5274738781,140.4,0.2,buy,False,2022-10-31T15:34:45.208025+00:00
763,5274727471,140.1,0.2,buy,False,2022-10-31T15:32:54.524582+00:00
764,5274685390,139.8,0.2,buy,False,2022-10-31T15:27:34.196732+00:00
765,5274558533,139.5,0.2,buy,False,2022-10-31T15:11:36.631972+00:00
766,5274457695,139.2,0.2,sell,False,2022-10-31T15:03:20.180508+00:00
767,5274335203,139.5,0.2,buy,False,2022-10-31T14:51:47.494971+00:00
768,5274304247,139.2,0.2,buy,False,2022-10-31T14:48:28.036487+00:00
769,5274243106,138.9,0.2,buy,False,2022-10-31T14:43:25.487343+00:00
770,5274210698,138.6,0.2,buy,False,2022-10-31T14:41:42.303478+00:00
771,5274204866,138.3,0.2,buy,False,2022-10-31T14:41:32.073761+00:00
772,5274170002,138.0,0.2,sell,False,2022-10-31T14:39:48.522028+00:00
773,5274105082,138.3,0.2,sell,False,2022-10-31T14:35:35.486563+00:00
774,5274089830,138.6,0.2,sell,False,2022-10-31T14:34:58.361493+00:00
775,5274079353,138.9,0.2,sell,False,2022-10-31T14:34:05.018891+00:00
776,5273987554,139.2,0.2,sell,False,2022-10-31T14:26:55.194344+00:00
777,5273956574,139.5,0.2,sell,False,2022-10-31T14:24:30.508471+00:00
778,5273951907,139.8,0.2,sell,False,2022-10-31T14:24:04.691286+00:00
779,5273930917,140.1,0.2,sell,False,2022-10-31T14:22:08.206610+00:00
780,5273904391,140.4,0.2,sell,False,2022-10-31T14:19:55.227350+00:00
781,5273883330,140.7,0.2,buy,False,2022-10-31T14:18:19.825110+00:00
782,5273779952,140.4,0.2,buy,False,2022-10-31T14:11:21.155683+00:00
783,5273779807,140.1,0.2,buy,False,2022-10-31T14:11:20.620699+00:00
784,5273734427,139.8,0.2,buy,False,2022-10-31T14:09:16.464484+00:00
785,5273730663,139.5,0.2,buy,False,2022-10-31T14:09:01.457430+00:00
786,5273654747,139.2,0.2,buy,False,2022-10-31T14:04:23.264899+00:00
787,5273396932,138.9,0.2,buy,False,2022-10-31T13:56:57.118936+00:00
788,5273317246,138.6,0.2,sell,False,2022-10-31T13:54:01.858907+00:00
789,5273295831,138.9,0.2,sell,False,2022-10-31T13:52:21.759019+00:00
790,5273151630,139.2,0.2,buy,False,2022-10-31T13:41:31.724345+00:00
791,5273114997,138.9,0.2,buy,False,2022-10-31T13:38:08.763758+00:00
792,5273100691,138.6,0.2,sell,False,2022-10-31T13:36:38.275952+00:00
793,5273081631,138.91,0.16,buy,False,2022-10-31T13:35:01.712336+00:00
794,5273081630,138.9,0.2,buy,False,2022-10-31T13:35:01.712336+00:00
795,5273081489,138.6,0.2,buy,False,2022-10-31T13:35:01.095765+00:00
796,5273081488,138.3,0.2,buy,False,2022-10-31T13:35:01.095765+00:00
797,5272160791,138.0,0.2,buy,False,2022-10-31T11:33:01.783488+00:00
798,5272121824,137.7,0.2,buy,False,2022-10-31T11:27:20.604786+00:00
799,5271394822,137.4,0.2,sell,False,2022-10-31T10:00:37.651686+00:00
800,5270809375,137.7,0.2,sell,False,2022-10-31T08:49:00.083557+00:00
801,5247353325,138.0,0.2,buy,False,2022-10-28T19:17:27.804814+00:00
802,5247312645,137.7,0.2,sell,False,2022-10-28T19:07:53.477532+00:00
803,5247290564,138.0,0.2,sell,False,2022-10-28T19:04:39.260418+00:00
804,5247266254,138.3,0.2,buy,False,2022-10-28T19:00:36.363440+00:00
805,5247255925,138.0,0.2,sell,False,2022-10-28T18:57:39.902927+00:00
806,5247207927,138.3,0.2,sell,False,2022-10-28T18:47:52.372200+00:00
807,5247076421,138.6,0.2,buy,False,2022-10-28T18:18:56.453832+00:00
808,5247053741,138.3,0.2,buy,False,2022-10-28T18:15:36.512179+00:00
809,5246874721,138.0,0.2,sell,False,2022-10-28T17:44:11.246436+00:00
810,5246638945,138.3,0.2,buy,False,2022-10-28T17:13:49.366663+00:00
811,5246421741,138.0,0.2,buy,False,2022-10-28T16:53:03.314445+00:00
812,5246381169,137.7,0.2,sell,False,2022-10-28T16:48:00.426556+00:00
813,5246209658,138.0,0.2,buy,False,2022-10-28T16:32:24.586907+00:00
814,5245984519,137.7,0.2,buy,False,2022-10-28T16:14:30.080501+00:00
815,5245674250,137.4,0.2,buy,False,2022-10-28T15:31:53.592344+00:00
816,5245664143,137.1,0.2,buy,False,2022-10-28T15:30:23.074430+00:00
817,5245642819,136.8,0.2,buy,False,2022-10-28T15:26:43.442532+00:00
818,5245615155,136.5,0.2,buy,False,2022-10-28T15:21:37.061550+00:00
819,5245509336,136.2,0.2,sell,False,2022-10-28T15:07:28.378489+00:00
820,5245464443,136.5,0.2,sell,False,2022-10-28T15:01:53.641373+00:00
821,5245394250,136.8,0.2,buy,False,2022-10-28T14:51:29.453762+00:00
822,5245389225,136.5,0.2,buy,False,2022-10-28T14:50:39.948973+00:00
823,5245367993,136.2,0.2,buy,False,2022-10-28T14:47:43.960781+00:00
824,5245355952,135.9,0.2,buy,False,2022-10-28T14:46:55.369263+00:00
825,5245335798,135.6,0.2,buy,False,2022-10-28T14:44:16.999428+00:00
826,5245279650,135.3,0.2,sell,False,2022-10-28T14:34:10.964544+00:00
827,5245216229,135.6,0.2,buy,False,2022-10-28T14:25:54.633526+00:00
828,5245199764,135.3,0.2,sell,False,2022-10-28T14:24:00.872624+00:00
829,5245191204,135.6,0.2,sell,False,2022-10-28T14:22:27.079723+00:00
830,5245104756,135.9,0.2,sell,False,2022-10-28T14:12:31.140510+00:00
831,5245087508,136.2,0.2,sell,False,2022-10-28T14:11:17.649842+00:00
832,5245082505,136.5,0.2,sell,False,2022-10-28T14:11:01.755969+00:00
833,5245059226,136.8,0.2,sell,False,2022-10-28T14:09:05.160753+00:00
834,5244916971,137.1,0.2,sell,False,2022-10-28T13:56:03.437837+00:00
835,5244910631,137.4,0.2,buy,False,2022-10-28T13:55:19.658249+00:00
836,5244909441,137.1,0.2,buy,False,2022-10-28T13:55:09.500580+00:00
837,5244903174,136.8,0.2,buy,False,2022-10-28T13:54:12.661391+00:00
838,5244884749,136.5,0.2,buy,False,2022-10-28T13:51:46.100275+00:00
839,5244881421,136.2,0.2,buy,False,2022-10-28T13:51:19.192949+00:00
840,5244880556,135.9,0.2,buy,False,2022-10-28T13:51:14.987416+00:00
841,5244871765,135.6,0.2,buy,False,2022-10-28T13:50:14.922236+00:00
842,5244802378,135.3,0.2,buy,False,2022-10-28T13:43:25.373532+00:00
843,5244800635,135.0,0.2,buy,False,2022-10-28T13:43:13.499714+00:00
844,5244799358,134.7,0.2,buy,False,2022-10-28T13:43:03.582332+00:00
845,5244768261,134.4,0.2,buy,False,2022-10-28T13:40:21.825252+00:00
846,5244756913,134.1,0.2,buy,False,2022-10-28T13:39:12.892857+00:00
847,5244742745,133.8,0.2,sell,False,2022-10-28T13:37:59.577606+00:00
848,5244734795,134.1,0.2,sell,False,2022-10-28T13:37:24.079551+00:00
849,5243911925,134.4,0.2,sell,False,2022-10-28T12:28:40.178263+00:00
850,5243802091,134.7,0.2,sell,False,2022-10-28T12:11:16.219758+00:00
851,5243800366,135.0,0.2,buy,False,2022-10-28T12:10:47.101396+00:00
852,5243739793,134.7,0.2,sell,False,2022-10-28T12:00:07.193617+00:00
853,5243609415,135.0,0.2,sell,False,2022-10-28T11:30:03.004563+00:00
854,5243539674,135.3,0.2,buy,False,2022-10-28T11:15:18.062402+00:00
855,5243538381,135.0,0.2,buy,False,2022-10-28T11:15:08.076711+00:00
856,5243487664,134.7,0.2,sell,False,2022-10-28T11:06:11.528361+00:00
857,5243485648,135.0,0.2,sell,False,2022-10-28T11:05:54.935465+00:00
858,5242958990,135.3,0.2,buy,False,2022-10-28T09:19:39.304794+00:00
859,5242927355,135.0,0.2,buy,False,2022-10-28T09:13:58.818425+00:00
860,5242792690,134.7,0.2,buy,False,2022-10-28T08:49:08.619582+00:00
861,5242700351,134.4,0.2,sell,False,2022-10-28T08:37:09.073592+00:00
862,5242698071,134.7,0.2,sell,False,2022-10-28T08:36:39.751457+00:00
863,5242696989,135.0,0.2,buy,False,2022-10-28T08:36:27.732911+00:00
864,5242696490,134.7,0.2,buy,False,2022-10-28T08:36:22.834476+00:00
865,5242572776,134.4,0.2,sell,False,2022-10-28T08:20:39.907314+00:00
866,5242412820,134.7,0.2,sell,False,2022-10-28T08:00:21.878695+00:00
867,5242410774,135.0,0.2,sell,False,2022-10-28T08:00:09.489608+00:00
868,5238087913,135.3,0.2,buy,False,2022-10-27T20:07:10.484322+00:00
869,5238079642,135.0,0.2,sell,False,2022-10-27T20:06:32.660934+00:00
870,5238078444,135.3,0.2,sell,False,2022-10-27T20:06:24.383741+00:00
871,5237927710,135.6,0.2,buy,False,2022-10-27T19:55:39.730561+00:00
872,5237903155,135.3,0.2,buy,False,2022-10-27T19:50:07.957251+00:00
873,5237798787,135.0,0.2,buy,False,2022-10-27T19:32:51.992654+00:00
874,5237781462,134.7,0.2,buy,False,2022-10-27T19:30:50.136044+00:00
875,5237231652,134.4,0.2,sell,False,2022-10-27T17:40:30.501122+00:00
876,5236958135,134.7,0.2,sell,False,2022-10-27T16:53:09.478999+00:00
877,5236827357,135.0,0.2,buy,False,2022-10-27T16:34:02.224655+00:00
878,5236669971,134.7,0.2,buy,False,2022-10-27T16:14:51.181489+00:00
879,5236569763,134.4,0.2,buy,False,2022-10-27T16:02:04.832483+00:00
880,5236442143,134.1,0.2,sell,False,2022-10-27T15:45:16.519499+00:00
881,5236376200,134.4,0.2,sell,False,2022-10-27T15:36:47.995942+00:00
882,5236350033,134.7,0.2,buy,False,2022-10-27T15:33:40.468774+00:00
883,5236306692,134.4,0.2,buy,False,2022-10-27T15:28:19.146976+00:00
884,5236295316,134.1,0.2,buy,False,2022-10-27T15:26:43.707928+00:00
885,5236116381,133.8,0.2,buy,False,2022-10-27T15:01:31.671331+00:00
886,5236097969,133.5,0.2,sell,False,2022-10-27T14:59:49.016168+00:00
887,5236018861,133.8,0.2,sell,False,2022-10-27T14:48:21.108333+00:00
888,5235920053,134.1,0.2,sell,False,2022-10-27T14:37:15.656981+00:00
889,5235916125,134.4,0.2,sell,False,2022-10-27T14:36:59.188292+00:00
890,5235909803,134.7,0.2,sell,False,2022-10-27T14:36:28.292468+00:00
891,5235907532,134.85,0.2,buy,False,2022-10-27T14:36:25.591373+00:00
892,5235891877,135.3,0.2,buy,False,2022-10-27T14:34:24.988916+00:00
893,5235860149,135.0,0.2,sell,False,2022-10-27T14:30:33.920057+00:00
894,5235815764,135.3,0.2,sell,False,2022-10-27T14:24:37.031107+00:00
895,5235735085,135.6,0.2,buy,False,2022-10-27T14:14:15.978314+00:00
896,5235719235,135.3,0.2,buy,False,2022-10-27T14:13:23.579345+00:00
897,5235697175,135.0,0.2,buy,False,2022-10-27T14:12:28.502362+00:00
898,5235692346,134.7,0.2,buy,False,2022-10-27T14:11:37.319483+00:00
899,5235648275,134.4,0.2,buy,False,2022-10-27T14:05:45.819321+00:00
900,5235595924,134.1,0.2,buy,False,2022-10-27T14:02:03.978772+00:00
901,5235496088,133.8,0.2,sell,False,2022-10-27T13:55:19.029489+00:00
902,5235445510,134.1,0.2,sell,False,2022-10-27T13:51:55.755518+00:00
903,5235438931,134.4,0.2,sell,False,2022-10-27T13:51:38.871694+00:00
904,5235363996,134.7,0.2,buy,False,2022-10-27T13:44:38.967715+00:00
905,5235359759,134.4,0.2,buy,False,2022-10-27T13:43:58.680887+00:00
906,5235327765,134.1,0.2,sell,False,2022-10-27T13:40:35.784529+00:00
907,5235323740,134.4,0.2,sell,False,2022-10-27T13:40:12.762002+00:00
908,5235289070,134.7,0.2,sell,False,2022-10-27T13:36:18.443191+00:00
909,5235277768,135.0,0.2,sell,False,2022-10-27T13:35:01.721525+00:00
910,5235270184,135.3,0.2,sell,False,2022-10-27T13:33:58.260822+00:00
911,5235269824,135.6,0.2,sell,False,2022-10-27T13:33:55.782186+00:00
912,5235265871,135.9,0.2,sell,False,2022-10-27T13:33:30.078954+00:00
913,5235258060,136.2,0.2,sell,False,2022-10-27T13:32:33.939587+00:00
914,5235238166,136.5,0.2,sell,False,2022-10-27T13:30:45.510683+00:00
915,5235237646,136.8,0.2,sell,False,2022-10-27T13:30:42.400659+00:00
916,5235233187,137.1,0.2,sell,False,2022-10-27T13:30:18.902274+00:00
917,5235231290,137.4,0.2,sell,False,2022-10-27T13:30:09.814728+00:00
918,5234684016,137.7,0.2,buy,False,2022-10-27T12:32:05.411288+00:00
919,5234617587,137.4,0.2,buy,False,2022-10-27T12:31:04.054031+00:00
920,5233871390,137.1,0.2,sell,False,2022-10-27T10:35:58.748700+00:00
921,5233544659,137.4,0.2,sell,False,2022-10-27T09:40:07.247863+00:00
922,5233083269,137.7,0.2,buy,False,2022-10-27T08:18:15.171045+00:00
923,5232989787,137.4,0.15,buy,False,2022-10-27T08:03:09.828427+00:00
924,5229696312,137.4,0.05,buy,False,2022-10-26T23:16:18.128436+00:00
925,5229696311,137.1,0.2,buy,False,2022-10-26T23:16:18.128436+00:00
926,5228425405,136.8,0.2,buy,False,2022-10-26T19:43:20.514795+00:00
927,5228396940,136.5,0.2,buy,False,2022-10-26T19:38:26.393884+00:00
928,5228389957,136.2,0.2,buy,False,2022-10-26T19:37:28.837896+00:00
929,5228337504,135.9,0.2,sell,False,2022-10-26T19:28:49.270492+00:00
930,5228336264,136.2,0.2,sell,False,2022-10-26T19:28:33.078406+00:00
931,5228335733,136.5,0.2,sell,False,2022-10-26T19:28:26.329542+00:00
932,5228294534,136.8,0.2,buy,False,2022-10-26T19:19:59.660053+00:00
933,5228286268,136.5,0.2,buy,False,2022-10-26T19:18:21.289727+00:00
934,5228270663,136.2,0.2,buy,False,2022-10-26T19:15:52.421165+00:00
935,5228268475,135.9,0.2,buy,False,2022-10-26T19:15:28.997813+00:00
936,5228188152,135.6,0.2,sell,False,2022-10-26T19:02:58.138043+00:00
937,5228067097,135.9,0.2,sell,False,2022-10-26T18:43:48.538809+00:00
938,5227949117,136.2,0.2,sell,False,2022-10-26T18:22:33.998883+00:00
939,5227935495,136.5,0.2,sell,False,2022-10-26T18:20:15.492590+00:00
940,5227909030,136.8,0.2,sell,False,2022-10-26T18:15:42.589131+00:00
941,5227696985,137.1,0.2,buy,False,2022-10-26T17:45:14.149795+00:00
942,5227613850,136.8,0.2,sell,False,2022-10-26T17:32:07.346495+00:00
943,5227306521,137.1,0.2,sell,False,2022-10-26T16:52:35.083636+00:00
944,5227282195,137.4,0.2,sell,False,2022-10-26T16:50:12.512917+00:00
945,5227235697,137.7,0.2,sell,False,2022-10-26T16:45:58.916317+00:00
946,5227200868,138.0,0.2,sell,False,2022-10-26T16:42:21.675844+00:00
947,5227174360,138.3,0.2,sell,False,2022-10-26T16:38:51.573448+00:00
948,5226724984,138.6,0.2,sell,False,2022-10-26T15:47:26.746553+00:00
949,5226696935,138.9,0.2,sell,False,2022-10-26T15:44:33.199319+00:00
950,5226639124,139.2,0.2,sell,False,2022-10-26T15:37:11.867952+00:00
951,5226595135,139.5,0.2,sell,False,2022-10-26T15:32:02.418474+00:00
952,5226576593,139.8,0.08,sell,False,2022-10-26T15:30:17.215561+00:00
953,5226576592,139.8,0.2,sell,False,2022-10-26T15:30:17.215561+00:00
954,5226547347,140.1,0.2,sell,False,2022-10-26T15:26:08.513533+00:00
955,5226527517,140.4,0.2,buy,False,2022-10-26T15:23:38.644564+00:00
956,5226527491,140.1,0.2,buy,False,2022-10-26T15:23:38.099932+00:00
957,5226516103,139.8,0.2,buy,False,2022-10-26T15:22:03.784847+00:00
958,5226437205,139.5,0.2,buy,False,2022-10-26T15:11:32.885287+00:00
959,5226369395,139.2,0.2,buy,False,2022-10-26T15:04:25.379309+00:00
960,5226354106,138.9,0.2,buy,False,2022-10-26T15:03:11.228897+00:00
961,5226285371,138.6,0.2,sell,False,2022-10-26T14:57:09.639550+00:00
962,5226155769,138.9,0.2,buy,False,2022-10-26T14:46:23.174036+00:00
963,5225883167,138.6,0.2,buy,False,2022-10-26T14:27:58.142864+00:00
964,5225328797,138.3,0.2,buy,False,2022-10-26T14:01:03.898563+00:00
965,5225293568,138.0,0.2,sell,False,2022-10-26T13:59:01.848536+00:00
966,5225281262,138.3,0.2,sell,False,2022-10-26T13:57:46.487456+00:00
967,5225277885,138.6,0.2,sell,False,2022-10-26T13:57:08.732247+00:00
968,5225215452,138.9,0.2,buy,False,2022-10-26T13:49:41.833819+00:00
969,5225214177,138.6,0.2,buy,False,2022-10-26T13:49:32.081403+00:00
970,5225214176,138.6,0.1,buy,False,2022-10-26T13:49:32.081403+00:00
971,5225204898,138.3,0.2,buy,False,2022-10-26T13:48:47.885573+00:00
972,5225176745,138.0,0.2,buy,False,2022-10-26T13:46:26.908150+00:00
973,5225161149,137.7,0.2,buy,False,2022-10-26T13:44:50.919062+00:00
974,5225126237,137.4,0.2,sell,False,2022-10-26T13:41:06.500589+00:00
975,5225083740,137.7,0.2,sell,False,2022-10-26T13:38:22.613040+00:00
976,5225049046,138.0,0.2,buy,False,2022-10-26T13:36:47.507326+00:00
977,5225048252,137.7,0.2,buy,False,2022-10-26T13:36:38.930324+00:00
978,5225034325,137.4,0.2,buy,False,2022-10-26T13:35:02.903160+00:00
979,5225034292,137.1,0.2,buy,False,2022-10-26T13:35:02.367733+00:00
980,5225033736,136.8,0.2,buy,False,2022-10-26T13:34:57.887986+00:00
981,5225015739,136.5,0.2,buy,False,2022-10-26T13:32:52.307875+00:00
982,5225012624,136.2,0.2,buy,False,2022-10-26T13:32:36.366608+00:00
983,5225008141,135.9,0.2,buy,False,2022-10-26T13:32:16.373881+00:00
984,5224999698,135.6,0.2,buy,False,2022-10-26T13:31:48.549700+00:00
985,5224283287,135.3,0.2,sell,False,2022-10-26T11:51:06.672871+00:00
986,5223196483,135.6,0.2,sell,False,2022-10-26T08:42:42.742839+00:00
987,5222792713,135.9,0.2,buy,False,2022-10-26T08:06:56.030626+00:00
988,5222743122,135.6,0.09,buy,False,2022-10-26T08:00:19.730943+00:00
989,5222743121,135.6,0.2,buy,False,2022-10-26T08:00:19.730943+00:00
990,5219159247,135.3,0.01,sell,False,2022-10-25T21:00:15.832773+00:00
991,5219159207,135.3,0.01,sell,False,2022-10-25T21:00:15.778445+00:00
992,5219159051,135.3,0.01,sell,False,2022-10-25T21:00:15.339413+00:00
993,5219159042,135.3,0.01,sell,False,2022-10-25T21:00:15.293641+00:00
994,5219158949,135.3,0.01,sell,False,2022-10-25T21:00:14.591359+00:00
995,5219158941,135.3,0.01,sell,False,2022-10-25T21:00:14.566727+00:00
996,5219158873,135.3,0.01,sell,False,2022-10-25T21:00:14.250322+00:00
997,5219158866,135.3,0.01,sell,False,2022-10-25T21:00:14.228713+00:00
998,5219158799,135.3,0.02,sell,False,2022-10-25T21:00:13.568263+00:00
999,5219158798,135.3,0.02,sell,False,2022-10-25T21:00:13.550609+00:00
1000,5219158767,135.3,0.04,sell,False,2022-10-25T21:00:13.161051+00:00
1001,5219158763,135.3,0.04,sell,False,2022-10-25T21:00:13.131373+00:00
1002,5219157300,135.6,0.01,sell,False,2022-10-25T21:00:06.077207+00:00
1003,5219157296,135.6,0.01,sell,False,2022-10-25T21:00:06.052831+00:00
1004,5219157190,135.6,0.01,sell,False,2022-10-25T21:00:05.473572+00:00
1005,5219157184,135.6,0.01,sell,False,2022-10-25T21:00:05.427554+00:00
1006,5219157148,135.6,0.01,sell,False,2022-10-25T21:00:05.054678+00:00
1007,5219157146,135.6,0.01,sell,False,2022-10-25T21:00:05.014464+00:00
1008,5219157102,135.6,0.01,sell,False,2022-10-25T21:00:04.739969+00:00
1009,5219157088,135.6,0.01,sell,False,2022-10-25T21:00:04.643265+00:00
1010,5219156973,135.6,0.01,sell,False,2022-10-25T21:00:04.274763+00:00
1011,5219156963,135.6,0.02,sell,False,2022-10-25T21:00:04.205247+00:00
1012,5219156933,135.6,0.02,sell,False,2022-10-25T21:00:03.936814+00:00
1013,5219156845,135.6,0.03,sell,False,2022-10-25T21:00:03.328394+00:00
1014,5219156794,135.6,0.04,sell,False,2022-10-25T21:00:02.889488+00:00
1015,5217718793,135.9,0.2,buy,False,2022-10-25T18:35:22.521400+00:00
1016,5217695304,135.6,0.2,buy,False,2022-10-25T18:34:11.824333+00:00
1017,5217685021,135.3,0.2,buy,False,2022-10-25T18:33:42.140568+00:00
1018,5217417335,135.0,0.2,buy,False,2022-10-25T18:20:32.752961+00:00
1019,5217364951,134.7,0.2,buy,False,2022-10-25T18:16:20.923984+00:00
1020,5217353923,134.4,0.2,sell,False,2022-10-25T18:15:17.035359+00:00
1021,5217350885,134.7,0.2,sell,False,2022-10-25T18:15:07.178386+00:00
1022,5217334178,135.0,0.2,sell,False,2022-10-25T18:13:44.256288+00:00
1023,5217329841,135.3,0.2,sell,False,2022-10-25T18:13:25.221292+00:00
1024,5217329204,135.6,0.2,sell,False,2022-10-25T18:13:21.617333+00:00
1025,5217328544,135.9,0.2,sell,False,2022-10-25T18:13:17.529413+00:00
1026,5217327545,136.2,0.2,sell,False,2022-10-25T18:13:13.225288+00:00
1027,5217327001,136.5,0.2,sell,False,2022-10-25T18:13:08.723035+00:00
1028,5217326294,136.81,1.9,buy,False,2022-10-25T18:13:04.367912+00:00
1029,5217325514,135.6,0.2,sell,False,2022-10-25T18:12:59.438930+00:00
1030,5217324629,136.2,0.01,buy,False,2022-10-25T18:12:55.758675+00:00
1031,5217324263,136.2,0.01,buy,False,2022-10-25T18:12:54.904359+00:00
1032,5217324212,136.2,0.01,buy,False,2022-10-25T18:12:54.497360+00:00
1033,5217324107,136.2,0.01,buy,False,2022-10-25T18:12:53.859158+00:00
1034,5217323995,136.2,0.01,buy,False,2022-10-25T18:12:52.866007+00:00
1035,5217323952,136.2,0.01,buy,False,2022-10-25T18:12:52.477753+00:00
1036,5217323888,136.2,0.01,buy,False,2022-10-25T18:12:51.772793+00:00
1037,5217323845,136.2,0.01,buy,False,2022-10-25T18:12:51.466648+00:00
1038,5217323691,136.2,0.01,buy,False,2022-10-25T18:12:50.780302+00:00
1039,5217323631,136.2,0.02,buy,False,2022-10-25T18:12:50.420388+00:00
1040,5217323545,136.2,0.02,buy,False,2022-10-25T18:12:50.044061+00:00
1041,5217323362,136.2,0.03,buy,False,2022-10-25T18:12:49.446474+00:00
1042,5217323274,136.2,0.04,buy,False,2022-10-25T18:12:48.932840+00:00
1043,5217322906,138.13,3.96,buy,False,2022-10-25T18:12:46.220018+00:00
1044,5217322905,137.4,0.2,buy,False,2022-10-25T18:12:46.220018+00:00
1045,5217322904,137.1,0.2,buy,False,2022-10-25T18:12:46.220018+00:00
1046,5217322903,136.8,0.2,buy,False,2022-10-25T18:12:46.220018+00:00
1047,5217322902,136.5,0.2,buy,False,2022-10-25T18:12:46.220018+00:00
1048,5217322434,135.9,0.2,sell,False,2022-10-25T18:12:44.438529+00:00
1049,5217318926,136.2,0.2,sell,False,2022-10-25T18:12:32.122488+00:00
1050,5215748952,136.5,0.2,sell,False,2022-10-25T16:49:50.245474+00:00
1051,5215653849,136.8,0.2,sell,False,2022-10-25T16:42:11.474388+00:00
1052,5215624376,137.1,0.2,sell,False,2022-10-25T16:39:25.572309+00:00
1053,5215606031,137.4,0.2,sell,False,2022-10-25T16:37:30.086869+00:00
1054,5215558118,137.7,0.2,sell,False,2022-10-25T16:33:05.961418+00:00
1055,5214907725,138.0,0.2,sell,False,2022-10-25T15:38:11.738310+00:00
1056,5214648583,138.3,0.2,sell,False,2022-10-25T15:12:02.014294+00:00
1057,5214469563,138.6,0.2,buy,False,2022-10-25T14:55:27.926605+00:00
1058,5214423267,138.3,0.2,buy,False,2022-10-25T14:49:31.820714+00:00
1059,5214379819,138.0,0.2,sell,False,2022-10-25T14:43:31.512824+00:00
1060,5214357542,138.3,0.2,buy,False,2022-10-25T14:40:08.885106+00:00
1061,5214295560,138.0,0.2,sell,False,2022-10-25T14:31:51.306512+00:00
1062,5214106797,138.3,30.4,buy,False,2022-10-25T14:09:06.860358+00:00
1063,5214105125,138.3,31.27,buy,False,2022-10-25T14:08:57.558196+00:00
1064,5214103231,138.3,26.5,buy,False,2022-10-25T14:08:49.450225+00:00
1065,5214101150,138.3,25.03,buy,False,2022-10-25T14:08:41.381609+00:00
1066,5214099347,138.3,26.61,buy,False,2022-10-25T14:08:33.261330+00:00
1067,5214097754,138.3,20.76,buy,False,2022-10-25T14:08:26.357159+00:00
1068,5214096375,138.3,19.24,buy,False,2022-10-25T14:08:20.047399+00:00
1069,5214095331,138.3,11.33,buy,False,2022-10-25T14:08:16.099811+00:00
1070,5214095238,138.3,11.52,buy,False,2022-10-25T14:08:15.490008+00:00
1071,5214095182,138.3,9.45,buy,False,2022-10-25T14:08:14.954833+00:00
1072,5214095106,138.3,9.11,buy,False,2022-10-25T14:08:14.265625+00:00
1073,5214094798,138.3,7.02,buy,False,2022-10-25T14:08:12.650546+00:00
1074,5214094797,138.3,0.2,buy,False,2022-10-25T14:08:12.650546+00:00
1075,5214009784,138.0,0.2,sell,False,2022-10-25T14:00:56.280435+00:00
1076,5214000681,138.3,0.2,sell,False,2022-10-25T14:00:13.158352+00:00
1077,5213988009,138.6,0.2,sell,False,2022-10-25T13:59:04.070524+00:00
1078,5213980278,138.9,0.2,sell,False,2022-10-25T13:58:17.348642+00:00
1079,5213933134,139.2,0.2,buy,False,2022-10-25T13:54:31.708892+00:00
1080,5213925742,138.9,0.2,buy,False,2022-10-25T13:54:01.317168+00:00
1081,5213909390,138.6,0.2,buy,False,2022-10-25T13:52:40.353997+00:00
1082,5213901549,138.3,0.2,buy,False,2022-10-25T13:51:41.837483+00:00
1083,5213869188,138.0,0.2,buy,False,2022-10-25T13:49:45.267466+00:00
1084,5213863587,137.7,0.2,buy,False,2022-10-25T13:49:19.817762+00:00
1085,5213824991,137.4,0.2,buy,False,2022-10-25T13:46:11.693973+00:00
1086,5213824673,137.1,0.2,buy,False,2022-10-25T13:46:10.220821+00:00
1087,5213822060,136.8,0.2,buy,False,2022-10-25T13:45:55.214946+00:00
1088,5213815341,136.5,0.2,buy,False,2022-10-25T13:45:23.496762+00:00
1089,5213810862,136.2,0.2,buy,False,2022-10-25T13:45:07.254456+00:00
1090,5213800445,135.9,0.2,buy,False,2022-10-25T13:44:07.235628+00:00
1091,5213786096,135.6,0.2,buy,False,2022-10-25T13:42:20.686381+00:00
1092,5213784215,135.3,0.2,buy,False,2022-10-25T13:42:03.688180+00:00
1093,5213777264,135.0,0.2,buy,False,2022-10-25T13:41:07.591769+00:00
1094,5213734578,134.7,0.2,buy,False,2022-10-25T13:36:17.080825+00:00
1095,5213550002,134.4,0.2,buy,False,2022-10-25T13:20:21.713499+00:00
1096,5213461180,134.1,0.2,buy,False,2022-10-25T13:10:00.326331+00:00
1097,5213256258,133.8,0.2,sell,False,2022-10-25T12:33:12.767469+00:00
1098,5212787145,134.1,0.2,buy,False,2022-10-25T10:16:25.295010+00:00
1099,5212657067,133.8,0.2,sell,False,2022-10-25T09:42:20.121308+00:00
1100,5212289512,134.1,0.16,sell,False,2022-10-25T08:01:35.089919+00:00
1101,5212010896,134.23,0.15,sell,False,2022-10-25T06:24:52.756698+00:00
1102,5211284528,134.37,1.0,sell,False,2022-10-25T02:42:02.526738+00:00
1103,5210458847,134.37,1.5,sell,False,2022-10-24T23:21:54.721471+00:00
1104,5210458006,134.37,1.5,sell,False,2022-10-24T23:21:33.198297+00:00
1105,5210455703,134.15,0.72,sell,False,2022-10-24T23:20:41.383610+00:00
1106,5210455702,134.37,0.78,sell,False,2022-10-24T23:20:41.383610+00:00
1107,5210455032,134.37,1.5,sell,False,2022-10-24T23:20:24.123361+00:00
1108,5210453844,134.38,1.5,sell,False,2022-10-24T23:20:12.834444+00:00
1109,5210452909,134.16,0.72,sell,False,2022-10-24T23:19:58.226398+00:00
1110,5210452908,134.38,0.78,sell,False,2022-10-24T23:19:58.226398+00:00
1111,5210452432,134.38,1.5,sell,False,2022-10-24T23:19:49.400735+00:00
1112,5210452313,134.16,1.5,sell,False,2022-10-24T23:19:45.745430+00:00
1113,5210452061,134.16,0.74,sell,False,2022-10-24T23:19:37.651450+00:00
1114,5210452060,134.38,0.76,sell,False,2022-10-24T23:19:37.651450+00:00
1115,5210451755,134.38,1.5,sell,False,2022-10-24T23:19:26.830665+00:00
1116,5210451103,134.38,1.5,sell,False,2022-10-24T23:19:07.640536+00:00
1117,5210450796,134.17,0.88,sell,False,2022-10-24T23:19:00.090373+00:00
1118,5210450795,134.39,0.62,sell,False,2022-10-24T23:19:00.090373+00:00
1119,5210450562,134.39,1.5,sell,False,2022-10-24T23:18:54.569900+00:00
1120,5210449467,134.39,1.5,sell,False,2022-10-24T23:18:39.111570+00:00
1121,5210449353,134.39,1.5,sell,False,2022-10-24T23:18:35.383476+00:00
1122,5210448493,134.17,0.92,sell,False,2022-10-24T23:18:17.210433+00:00
1123,5210448492,134.37,0.58,sell,False,2022-10-24T23:18:17.210433+00:00
1124,5210448383,134.37,1.5,sell,False,2022-10-24T23:18:14.024797+00:00
1125,5210447982,134.39,1.5,sell,False,2022-10-24T23:18:01.160665+00:00
1126,5210447347,134.17,1.5,sell,False,2022-10-24T23:17:47.244625+00:00
1127,5210446230,134.39,1.5,sell,False,2022-10-24T23:17:26.826963+00:00
1128,5210445270,134.17,1.5,sell,False,2022-10-24T23:17:15.665853+00:00
1129,5210444506,134.4,1.5,sell,False,2022-10-24T23:17:01.454012+00:00
1130,5210443929,134.19,0.23,sell,False,2022-10-24T23:16:49.392457+00:00
1131,5210443928,134.37,1.27,sell,False,2022-10-24T23:16:49.392457+00:00
1132,5210442776,134.4,1.5,sell,False,2022-10-24T23:16:21.447417+00:00
1133,5210441111,134.4,1.5,sell,False,2022-10-24T23:16:04.219310+00:00
1134,5210438441,134.4,1.5,sell,False,2022-10-24T23:15:22.844110+00:00
1135,5210436620,134.4,1.5,sell,False,2022-10-24T23:14:52.522362+00:00
1136,5210435993,134.4,1.5,sell,False,2022-10-24T23:14:30.172370+00:00
1137,5210434828,134.19,1.91,sell,False,2022-10-24T23:14:16.242592+00:00
1138,5210434827,134.38,0.09,sell,False,2022-10-24T23:14:16.242592+00:00
1139,5210419036,134.38,2.0,sell,False,2022-10-24T23:12:48.980782+00:00
1140,5210417870,134.19,1.76,sell,False,2022-10-24T23:12:21.872150+00:00
1141,5210417869,134.39,0.24,sell,False,2022-10-24T23:12:21.872150+00:00
1142,5210417245,134.39,2.0,sell,False,2022-10-24T23:12:02.127668+00:00
1143,5210415836,134.41,2.0,sell,False,2022-10-24T23:11:21.667756+00:00
1144,5210415051,134.42,2.0,sell,False,2022-10-24T23:11:00.373258+00:00
1145,5210414923,134.2,1.71,sell,False,2022-10-24T23:10:56.444640+00:00
1146,5210414922,134.4,0.29,sell,False,2022-10-24T23:10:56.444640+00:00
1147,5210414858,134.4,2.0,sell,False,2022-10-24T23:10:52.732292+00:00
1148,5210413748,134.42,2.0,sell,False,2022-10-24T23:10:19.188818+00:00
1149,5210413275,134.4,2.0,sell,False,2022-10-24T23:10:05.215903+00:00
1150,5210412959,134.2,1.79,sell,False,2022-10-24T23:09:54.763506+00:00
1151,5210412958,134.4,0.21,sell,False,2022-10-24T23:09:54.763506+00:00
1152,5210412816,134.4,2.0,sell,False,2022-10-24T23:09:48.890638+00:00
1153,5210412277,134.1,0.04,sell,False,2022-10-24T23:09:35.288840+00:00
1154,5210412276,134.22,1.64,sell,False,2022-10-24T23:09:35.288840+00:00
1155,5210412275,134.41,0.32,sell,False,2022-10-24T23:09:35.288840+00:00
1156,5210411352,134.41,2.0,sell,False,2022-10-24T23:09:20.334276+00:00
1157,5210411053,134.22,1.74,sell,False,2022-10-24T23:09:10.575380+00:00
1158,5210411052,134.43,0.26,sell,False,2022-10-24T23:09:10.575380+00:00
1159,5210410614,134.43,2.0,sell,False,2022-10-24T23:08:57.322339+00:00
1160,5210410144,134.22,0.42,sell,False,2022-10-24T23:08:42.301043+00:00
1161,5210410143,134.43,1.58,sell,False,2022-10-24T23:08:42.301043+00:00
1162,5210409940,134.43,2.0,sell,False,2022-10-24T23:08:32.891500+00:00
1163,5210409768,134.22,1.81,sell,False,2022-10-24T23:08:25.374589+00:00
1164,5210409767,134.42,0.19,sell,False,2022-10-24T23:08:25.374589+00:00
1165,5210408379,134.42,2.0,sell,False,2022-10-24T23:07:53.250603+00:00
1166,5210407295,134.44,2.0,sell,False,2022-10-24T23:07:25.092249+00:00
1167,5210406421,134.44,2.0,sell,False,2022-10-24T23:07:09.124183+00:00
1168,5210406020,134.22,1.87,sell,False,2022-10-24T23:06:58.343576+00:00
1169,5210406019,134.42,0.13,sell,False,2022-10-24T23:06:58.343576+00:00
1170,5210401153,134.42,2.0,sell,False,2022-10-24T23:05:19.385334+00:00
1171,5210399862,134.45,2.0,sell,False,2022-10-24T23:04:52.598254+00:00
1172,5210399636,134.22,1.81,sell,False,2022-10-24T23:04:46.677374+00:00
1173,5210399635,134.43,0.19,sell,False,2022-10-24T23:04:46.677374+00:00
1174,5210396049,134.43,2.0,sell,False,2022-10-24T23:03:20.704963+00:00
1175,5210395441,134.45,2.0,sell,False,2022-10-24T23:03:01.611269+00:00
1176,5210394120,134.45,2.0,sell,False,2022-10-24T23:02:34.539790+00:00
1177,5210392308,134.45,2.0,sell,False,2022-10-24T23:02:02.717532+00:00
1178,5210390902,134.46,2.0,sell,False,2022-10-24T23:01:32.068488+00:00
1179,5210388571,134.44,2.0,sell,False,2022-10-24T23:00:54.100214+00:00
1180,5210386838,134.46,2.0,sell,False,2022-10-24T23:00:26.580471+00:00
1181,5210382863,134.46,2.0,sell,False,2022-10-24T22:59:56.314070+00:00
1182,5210380621,134.46,2.0,sell,False,2022-10-24T22:58:52.701700+00:00
1183,5210377564,134.45,2.0,sell,False,2022-10-24T22:57:50.227111+00:00
1184,5210377090,134.47,2.0,sell,False,2022-10-24T22:57:36.094845+00:00
1185,5210376265,134.24,4.59,sell,False,2022-10-24T22:57:14.980028+00:00
1186,5210376264,134.4,0.2,sell,False,2022-10-24T22:57:14.980028+00:00
1187,5210376263,134.45,0.21,sell,False,2022-10-24T22:57:14.980028+00:00
1188,5210368807,134.45,2.0,sell,False,2022-10-24T22:54:16.949638+00:00
1189,5210367456,134.47,2.0,sell,False,2022-10-24T22:53:29.797578+00:00
1190,5210366523,134.47,2.25,sell,False,2022-10-24T22:52:58.884501+00:00
1191,5210363086,134.48,2.0,sell,False,2022-10-24T22:51:29.399342+00:00
1192,5210356670,134.46,2.0,sell,False,2022-10-24T22:49:20.644857+00:00
1193,5210356004,134.48,2.0,sell,False,2022-10-24T22:48:56.730621+00:00
1194,5210351854,134.46,2.0,sell,False,2022-10-24T22:47:07.489329+00:00
1195,5210349515,134.48,2.3,sell,False,2022-10-24T22:46:19.901301+00:00
1196,5210348809,134.46,2.1,sell,False,2022-10-24T22:45:53.442343+00:00
1197,5210342166,134.7,0.18,sell,False,2022-10-24T22:43:21.000149+00:00
1198,5210328674,134.76,1.5,sell,False,2022-10-24T22:38:42.043516+00:00
1199,5210324936,134.76,2.2,sell,False,2022-10-24T22:37:24.066918+00:00
1200,5210323522,134.78,2.0,sell,False,2022-10-24T22:36:57.049468+00:00
1201,5210319070,134.77,2.0,sell,False,2022-10-24T22:35:48.558997+00:00
1202,5210317180,134.8,2.0,sell,False,2022-10-24T22:35:04.680676+00:00
1203,5210315764,134.8,2.0,sell,False,2022-10-24T22:34:26.148350+00:00
1204,5210314128,134.78,2.0,sell,False,2022-10-24T22:33:28.910525+00:00
1205,5209988837,134.7,0.02,sell,False,2022-10-24T21:05:47.859936+00:00
1206,5209923277,135.25,1.67,buy,False,2022-10-24T20:46:11.789482+00:00
1207,5209923276,135.0,0.2,buy,False,2022-10-24T20:46:11.789482+00:00
1208,5209731894,134.7,0.2,buy,False,2022-10-24T19:54:06.174879+00:00
1209,5209660713,134.4,0.2,buy,False,2022-10-24T19:32:25.753976+00:00
1210,5209572636,134.1,0.2,buy,False,2022-10-24T19:13:34.249700+00:00
1211,5209477984,133.8,0.2,buy,False,2022-10-24T19:00:03.188449+00:00
1212,5209471752,133.5,0.2,buy,False,2022-10-24T18:58:11.104411+00:00
1213,5209461182,133.2,0.2,buy,False,2022-10-24T18:55:15.115619+00:00
1214,5209237965,132.9,0.2,buy,False,2022-10-24T17:57:56.389883+00:00
1215,5209211671,132.6,0.2,buy,False,2022-10-24T17:50:34.925302+00:00
1216,5209099210,132.3,0.2,buy,False,2022-10-24T17:26:04.469591+00:00
1217,5209094899,131.96,7.68,sell,False,2022-10-24T17:25:17.258969+00:00
1218,5209094898,132.0,0.2,sell,False,2022-10-24T17:25:17.258969+00:00
1219,5209094897,132.2,2.12,sell,False,2022-10-24T17:25:17.258969+00:00
1220,5209092233,132.3,0.2,sell,False,2022-10-24T17:24:43.098891+00:00
1221,5209084522,132.6,0.2,sell,False,2022-10-24T17:23:01.248344+00:00
1222,5208915647,132.9,0.2,sell,False,2022-10-24T16:41:55.304226+00:00
1223,5208885433,133.2,0.2,buy,False,2022-10-24T16:35:14.173469+00:00
1224,5208830824,132.9,0.2,buy,False,2022-10-24T16:23:34.466955+00:00
1225,5208791292,132.6,0.2,buy,False,2022-10-24T16:14:38.164238+00:00
1226,5208774508,132.3,0.2,buy,False,2022-10-24T16:09:48.203966+00:00
1227,5208770156,132.0,0.2,buy,False,2022-10-24T16:08:38.587118+00:00
1228,5208757793,131.7,0.2,buy,False,2022-10-24T16:05:47.083514+00:00
1229,5208681846,131.4,0.2,buy,False,2022-10-24T15:53:37.099900+00:00
1230,5208673826,131.1,0.2,buy,False,2022-10-24T15:52:32.860327+00:00
1231,5208643667,130.8,0.2,sell,False,2022-10-24T15:46:17.505662+00:00
1232,5208565413,131.1,0.2,buy,False,2022-10-24T15:29:11.787375+00:00
1233,5208562092,130.8,0.2,buy,False,2022-10-24T15:28:10.759042+00:00
1234,5208459833,130.5,0.2,sell,False,2022-10-24T15:07:27.371733+00:00
1235,5208391246,130.8,0.2,sell,False,2022-10-24T14:56:09.082700+00:00
1236,5208384552,131.1,0.2,buy,False,2022-10-24T14:55:07.149694+00:00
1237,5208371148,130.8,0.2,buy,False,2022-10-24T14:52:55.598973+00:00
1238,5208343297,130.5,0.2,buy,False,2022-10-24T14:48:33.161540+00:00
1239,5208321783,130.2,0.2,buy,False,2022-10-24T14:44:33.014202+00:00
1240,5208284461,129.9,0.2,buy,False,2022-10-24T14:39:07.922854+00:00
1241,5208247660,129.6,0.2,buy,False,2022-10-24T14:35:16.917308+00:00
1242,5208246852,129.3,0.2,buy,False,2022-10-24T14:35:14.701795+00:00
1243,5208166756,129.0,0.2,sell,False,2022-10-24T14:27:00.884863+00:00
1244,5208157457,129.3,0.2,sell,False,2022-10-24T14:26:12.226043+00:00
1245,5208090123,129.6,0.2,sell,False,2022-10-24T14:21:15.276501+00:00
1246,5208077137,129.9,0.2,sell,False,2022-10-24T14:20:21.220199+00:00
1247,5208075394,130.2,0.2,sell,False,2022-10-24T14:20:15.112812+00:00
1248,5208068927,130.5,0.2,sell,False,2022-10-24T14:19:37.031163+00:00
1249,5207978030,130.8,0.2,buy,False,2022-10-24T14:14:58.180342+00:00
1250,5207969928,130.5,0.2,buy,False,2022-10-24T14:13:35.111260+00:00
1251,5207885998,130.2,0.2,sell,False,2022-10-24T14:03:38.658762+00:00
1252,5207874158,130.5,0.2,sell,False,2022-10-24T14:02:27.248674+00:00
1253,5207871665,130.8,0.2,sell,False,2022-10-24T14:02:19.169297+00:00
1254,5207867791,131.1,0.2,sell,False,2022-10-24T14:01:52.302887+00:00
1255,5207862743,131.4,0.2,sell,False,2022-10-24T14:01:15.762777+00:00
1256,5207855958,131.7,0.2,sell,False,2022-10-24T14:00:38.296903+00:00
1257,5207852106,132.0,0.2,sell,False,2022-10-24T14:00:22.909496+00:00
1258,5207841137,132.3,0.2,sell,False,2022-10-24T13:58:51.566719+00:00
1259,5207828880,132.6,0.2,buy,False,2022-10-24T13:57:04.026923+00:00
1260,5207828840,132.3,0.2,buy,False,2022-10-24T13:57:03.490434+00:00
1261,5207825201,132.0,0.2,buy,False,2022-10-24T13:56:31.453451+00:00
1262,5207817743,131.7,0.2,buy,False,2022-10-24T13:55:14.990550+00:00
1263,5207811207,131.4,0.2,buy,False,2022-10-24T13:54:05.250739+00:00
1264,5207781010,131.1,0.2,buy,False,2022-10-24T13:49:56.743963+00:00
1265,5207723581,130.8,0.2,buy,False,2022-10-24T13:45:06.939952+00:00
1266,5207700656,130.5,0.2,buy,False,2022-10-24T13:42:40.811493+00:00
1267,5207693721,130.2,0.2,buy,False,2022-10-24T13:41:30.778756+00:00
1268,5207689576,129.9,0.2,sell,False,2022-10-24T13:41:07.040959+00:00
1269,5207687693,130.2,0.2,sell,False,2022-10-24T13:40:59.079374+00:00
1270,5207682433,130.5,0.2,sell,False,2022-10-24T13:40:28.593446+00:00
1271,5207674652,130.8,0.2,buy,False,2022-10-24T13:39:37.453269+00:00
1272,5207670085,130.5,0.2,sell,False,2022-10-24T13:38:58.065868+00:00
1273,5207662090,130.8,0.2,buy,False,2022-10-24T13:38:01.693284+00:00
1274,5207661848,130.5,0.2,buy,False,2022-10-24T13:37:58.346744+00:00
1275,5207656043,130.2,0.2,buy,False,2022-10-24T13:37:22.205662+00:00
1276,5207653336,129.9,0.2,buy,False,2022-10-24T13:37:12.852979+00:00
1277,5207653335,129.89,0.24,buy,False,2022-10-24T13:37:12.852979+00:00
1278,5207653230,129.6,0.2,buy,False,2022-10-24T13:37:12.212301+00:00
1279,5207631391,129.3,0.2,sell,False,2022-10-24T13:35:02.147965+00:00
1280,5207630101,129.6,0.2,sell,False,2022-10-24T13:34:50.776631+00:00
1281,5207630023,129.63,0.14,sell,False,2022-10-24T13:34:50.230543+00:00
1282,5207624558,129.9,0.2,sell,False,2022-10-24T13:34:01.152812+00:00
1283,5207624400,130.2,0.2,sell,False,2022-10-24T13:33:59.498032+00:00
1284,5207621861,130.5,0.2,sell,False,2022-10-24T13:33:40.127929+00:00
1285,5207596187,130.8,0.2,sell,False,2022-10-24T13:31:08.624938+00:00
1286,5207596186,131.1,0.2,sell,False,2022-10-24T13:31:08.624938+00:00
1287,5207402245,131.4,0.2,sell,False,2022-10-24T12:49:36.657553+00:00
1288,5207322046,131.7,0.2,sell,False,2022-10-24T12:35:36.176789+00:00
1289,5207206003,132.0,0.2,sell,False,2022-10-24T12:17:39.036536+00:00
1290,5207014717,132.3,0.2,buy,False,2022-10-24T11:36:13.490476+00:00
1291,5206920774,132.0,0.2,buy,False,2022-10-24T11:12:49.178135+00:00
1292,5206856742,131.7,0.2,buy,False,2022-10-24T10:56:01.827872+00:00
1293,5206816702,131.34,0.23,sell,False,2022-10-24T10:46:08.426330+00:00
1294,5206716059,131.4,0.2,buy,False,2022-10-24T10:25:27.288420+00:00
1295,5206608865,131.1,0.2,buy,False,2022-10-24T10:01:40.875968+00:00
1296,5206593575,130.8,0.2,buy,False,2022-10-24T09:59:24.367989+00:00
1297,5206463055,130.5,0.2,sell,False,2022-10-24T09:30:01.926336+00:00
1298,5206444622,130.8,0.2,buy,False,2022-10-24T09:25:01.793329+00:00
1299,5206421527,130.5,0.2,sell,False,2022-10-24T09:17:48.813262+00:00
1300,5206411823,130.8,0.2,sell,False,2022-10-24T09:14:40.475562+00:00
1301,5206204182,131.1,0.2,sell,False,2022-10-24T08:12:41.274447+00:00
1302,5206196765,131.4,0.2,sell,False,2022-10-24T08:10:46.164995+00:00
1303,5201659425,131.99,0.4,buy,False,2022-10-23T15:49:48.168736+00:00
1304,5201659424,131.7,0.2,buy,False,2022-10-23T15:49:48.168736+00:00
1305,5201659423,131.4,0.2,buy,False,2022-10-23T15:49:48.168736+00:00
1306,5198521118,131.07,0.19,sell,False,2022-10-23T00:05:50.425639+00:00
1307,5196123988,131.07,0.45,sell,False,2022-10-22T12:55:02.475968+00:00
1308,5196123987,131.1,0.06,sell,False,2022-10-22T12:55:02.475968+00:00
1309,5195632752,131.1,0.14,sell,False,2022-10-22T10:51:34.192086+00:00
1310,5193107563,131.32,0.29,sell,False,2022-10-21T20:14:56.036011+00:00
1311,5193034397,131.4,0.2,sell,False,2022-10-21T19:59:08.589007+00:00
1312,5193013337,131.7,0.2,buy,False,2022-10-21T19:54:49.903829+00:00
1313,5193008844,131.57,0.24,sell,False,2022-10-21T19:53:52.404345+00:00
1314,5192990155,131.4,0.2,buy,False,2022-10-21T19:50:00.826842+00:00
1315,5192869084,131.1,0.2,buy,False,2022-10-21T19:27:43.486791+00:00
1316,5192784260,130.8,0.2,sell,False,2022-10-21T19:09:23.687756+00:00
1317,5192577959,131.1,0.2,sell,False,2022-10-21T18:16:36.349939+00:00
1318,5192498208,131.4,0.2,buy,False,2022-10-21T18:01:05.198010+00:00
1319,5192489045,131.1,0.2,buy,False,2022-10-21T17:59:15.133475+00:00
1320,5192488276,130.98,0.69,buy,False,2022-10-21T17:58:57.622306+00:00
1321,5192478585,130.8,0.2,buy,False,2022-10-21T17:56:02.968343+00:00
1322,5192457974,130.5,0.2,buy,False,2022-10-21T17:50:50.921879+00:00
1323,5191979669,130.2,0.2,sell,False,2022-10-21T16:20:59.344054+00:00
1324,5191934116,130.5,0.2,buy,False,2022-10-21T16:14:20.180458+00:00
1325,5191929660,130.12,3.85,sell,False,2022-10-21T16:13:52.927148+00:00
1326,5191929659,130.2,0.2,sell,False,2022-10-21T16:13:52.927148+00:00
1327,5191929658,130.4,2.18,sell,False,2022-10-21T16:13:52.927148+00:00
1328,5191882861,130.5,0.2,buy,False,2022-10-21T16:08:29.039539+00:00
1329,5191876827,130.2,0.2,buy,False,2022-10-21T16:07:34.825240+00:00
1330,5191811172,129.99,0.59,buy,False,2022-10-21T16:02:11.039483+00:00
1331,5191810925,129.9,0.2,buy,False,2022-10-21T16:02:09.569895+00:00
1332,5191796456,129.6,0.2,buy,False,2022-10-21T16:01:07.548046+00:00
1333,5191644463,129.3,0.2,buy,False,2022-10-21T15:44:36.734838+00:00
1334,5191636278,129.0,0.2,buy,False,2022-10-21T15:43:04.521266+00:00
1335,5191632828,128.7,0.2,buy,False,2022-10-21T15:42:20.592660+00:00
1336,5191596184,128.4,0.2,sell,False,2022-10-21T15:36:10.529033+00:00
1337,5191570858,128.7,0.2,buy,False,2022-10-21T15:31:39.373931+00:00
1338,5191561936,128.4,0.2,buy,False,2022-10-21T15:30:44.890351+00:00
1339,5191561302,128.37,0.6,buy,False,2022-10-21T15:30:40.063940+00:00
1340,5191540783,128.1,0.2,buy,False,2022-10-21T15:27:01.822665+00:00
1341,5191536133,127.8,0.2,buy,False,2022-10-21T15:26:23.035446+00:00
1342,5191528796,127.5,0.2,buy,False,2022-10-21T15:25:02.222785+00:00
1343,5191485708,127.2,0.2,buy,False,2022-10-21T15:15:55.934403+00:00
1344,5191462542,126.9,0.2,buy,False,2022-10-21T15:10:42.215584+00:00
1345,5191445264,126.6,0.2,buy,False,2022-10-21T15:06:56.903323+00:00
1346,5191433322,126.3,0.2,sell,False,2022-10-21T15:04:22.221961+00:00
1347,5191422976,126.6,0.2,sell,False,2022-10-21T15:02:14.683485+00:00
1348,5191406306,126.9,0.2,buy,False,2022-10-21T14:59:30.257730+00:00
1349,5191374386,126.6,0.2,buy,False,2022-10-21T14:53:37.055036+00:00
1350,5191367958,126.3,0.2,buy,False,2022-10-21T14:52:13.616959+00:00
1351,5191363396,126.0,0.2,buy,False,2022-10-21T14:51:19.278346+00:00
1352,5191354409,125.7,0.2,buy,False,2022-10-21T14:49:41.199016+00:00
1353,5191299974,125.4,0.2,buy,False,2022-10-21T14:41:05.925496+00:00
1354,5191242744,125.1,0.2,sell,False,2022-10-21T14:33:22.205708+00:00
1355,5191237619,125.4,0.2,sell,False,2022-10-21T14:32:44.348062+00:00
1356,5191220553,125.7,0.2,sell,False,2022-10-21T14:29:51.709811+00:00
1357,5191216773,126.0,0.2,sell,False,2022-10-21T14:28:59.103920+00:00
1358,5191198389,126.3,0.2,sell,False,2022-10-21T14:26:03.000420+00:00
1359,5191182517,126.6,0.2,sell,False,2022-10-21T14:24:21.248733+00:00
1360,5191152964,126.9,0.2,buy,False,2022-10-21T14:20:24.862530+00:00
1361,5191131120,126.6,0.2,sell,False,2022-10-21T14:16:34.532868+00:00
1362,5191111849,126.9,0.2,sell,False,2022-10-21T14:14:46.185332+00:00
1363,5191079923,127.2,0.2,sell,False,2022-10-21T14:10:46.481134+00:00
1364,5191054120,127.5,0.2,buy,False,2022-10-21T14:07:50.466830+00:00
1365,5191041318,127.2,0.2,buy,False,2022-10-21T14:07:06.641698+00:00
1366,5191029930,126.9,0.2,buy,False,2022-10-21T14:06:06.822987+00:00
1367,5191015323,126.6,0.2,buy,False,2022-10-21T14:04:16.393958+00:00
1368,5190996787,126.3,0.2,buy,False,2022-10-21T14:01:58.734075+00:00
1369,5190975060,126.0,0.2,buy,False,2022-10-21T14:00:09.446705+00:00
1370,5190960795,125.7,0.2,buy,False,2022-10-21T13:58:51.506267+00:00
1371,5190910840,125.4,0.2,buy,False,2022-10-21T13:53:41.202385+00:00
1372,5190909333,125.1,0.2,buy,False,2022-10-21T13:53:34.648638+00:00
1373,5190909112,124.8,0.2,buy,False,2022-10-21T13:53:34.073010+00:00
1374,5190893799,124.5,0.2,buy,False,2022-10-21T13:51:56.093373+00:00
1375,5190878336,124.2,0.2,buy,False,2022-10-21T13:49:32.087818+00:00
1376,5190877336,123.9,0.2,buy,False,2022-10-21T13:49:29.320355+00:00
1377,5190877273,123.6,0.2,buy,False,2022-10-21T13:49:28.582206+00:00
1378,5190873869,123.3,0.2,sell,False,2022-10-21T13:48:57.175822+00:00
1379,5190862122,123.6,0.2,sell,False,2022-10-21T13:47:37.545307+00:00
1380,5190817243,123.9,0.2,sell,False,2022-10-21T13:44:24.391426+00:00
1381,5190811921,124.2,0.2,sell,False,2022-10-21T13:43:32.589370+00:00
1382,5190807346,124.5,0.2,sell,False,2022-10-21T13:42:53.803496+00:00
1383,5190805816,124.8,0.2,sell,False,2022-10-21T13:42:39.488136+00:00
1384,5190799352,125.1,0.2,sell,False,2022-10-21T13:42:03.653879+00:00
1385,5190799269,125.4,0.2,sell,False,2022-10-21T13:42:03.109498+00:00
1386,5190795880,125.7,0.2,sell,False,2022-10-21T13:41:28.039749+00:00
1387,5190784727,126.0,0.2,sell,False,2022-10-21T13:40:15.552356+00:00
1388,5190782289,126.3,0.2,sell,False,2022-10-21T13:39:53.867760+00:00
1389,5190782033,126.6,0.2,sell,False,2022-10-21T13:39:51.854688+00:00
1390,5190779600,126.9,0.2,sell,False,2022-10-21T13:39:33.166476+00:00
1391,5190776147,127.2,0.2,buy,False,2022-10-21T13:39:06.836306+00:00
1392,5190773751,126.9,0.2,buy,False,2022-10-21T13:38:53.605266+00:00
1393,5190773750,126.6,0.2,buy,False,2022-10-21T13:38:53.605266+00:00
1394,5190772797,126.3,0.2,buy,False,2022-10-21T13:38:41.632339+00:00
1395,5190769662,126.0,0.2,buy,False,2022-10-21T13:38:11.745226+00:00
1396,5190769661,125.7,0.2,buy,False,2022-10-21T13:38:11.745226+00:00
1397,5190764755,125.4,0.2,buy,False,2022-10-21T13:37:40.454567+00:00
1398,5190763877,125.14,0.62,buy,False,2022-10-21T13:37:32.857274+00:00
1399,5190763076,125.1,0.2,buy,False,2022-10-21T13:37:25.023748+00:00
1400,5190757896,124.8,0.2,buy,False,2022-10-21T13:36:50.882666+00:00
1401,5190754537,124.5,0.2,buy,False,2022-10-21T13:36:23.486515+00:00
1402,5190753883,124.2,0.2,buy,False,2022-10-21T13:36:19.631783+00:00
1403,5190749710,123.9,0.2,buy,False,2022-10-21T13:35:48.407866+00:00
1404,5190747343,123.6,0.2,buy,False,2022-10-21T13:35:36.196752+00:00
1405,5190745716,123.3,0.2,buy,False,2022-10-21T13:35:28.041258+00:00
1406,5190743566,123.0,0.2,buy,False,2022-10-21T13:35:16.065886+00:00
1407,5190742861,122.7,0.2,buy,False,2022-10-21T13:35:08.103277+00:00
1408,5190726357,122.4,0.2,buy,False,2022-10-21T13:33:05.098485+00:00
1409,5190625136,122.1,0.2,sell,False,2022-10-21T13:19:22.435482+00:00
1410,5190456371,122.4,0.2,buy,False,2022-10-21T13:03:04.804484+00:00
1411,5190372926,122.1,0.2,sell,False,2022-10-21T12:57:20.069284+00:00
1412,5190204111,122.4,0.2,sell,False,2022-10-21T12:32:18.841866+00:00
1413,5190199928,122.7,0.2,sell,False,2022-10-21T12:31:37.236320+00:00
1414,5190058786,123.0,0.2,buy,False,2022-10-21T12:18:25.610447+00:00
1415,5189937009,122.7,0.2,buy,False,2022-10-21T12:13:21.762228+00:00
1416,5189868206,122.4,0.2,buy,False,2022-10-21T12:11:15.527419+00:00
1417,5189867124,122.1,0.2,buy,False,2022-10-21T12:11:11.371714+00:00
1418,5189843170,121.8,0.2,buy,False,2022-10-21T12:04:59.544518+00:00
1419,5189841986,121.5,0.2,buy,False,2022-10-21T12:04:45.085492+00:00
1420,5189841759,121.2,0.2,buy,False,2022-10-21T12:04:40.786450+00:00
1421,5189708005,120.9,0.2,buy,False,2022-10-21T11:31:42.019243+00:00
1422,5189700998,120.6,0.2,buy,False,2022-10-21T11:29:50.427496+00:00
