,id,price,size,side,liquidation,time
0,5398398556,4.94,14.5,buy,False,2022-11-10T03:20:56.555243+00:00
1,5398398555,4.94,132.8,buy,False,2022-11-10T03:20:56.555243+00:00
2,5394086255,4.94,0.6,buy,False,2022-11-09T20:51:59.024738+00:00
3,5394086254,4.9,5.2,buy,False,2022-11-09T20:51:59.024738+00:00
4,5394086253,4.599,1.1,buy,False,2022-11-09T20:51:59.024738+00:00
5,5393484880,4.296,3.8,buy,False,2022-11-09T20:03:44.929758+00:00
6,5393484879,4.248,8.2,buy,False,2022-11-09T20:03:44.929758+00:00
7,5393484878,4.08,30.0,buy,False,2022-11-09T20:03:44.929758+00:00
8,5393484877,4.079,130.4,buy,False,2022-11-09T20:03:44.929758+00:00
9,5393449155,4.079,8.2,buy,False,2022-11-09T20:00:55.837980+00:00
10,5392741418,3.555,3.3,buy,False,2022-11-09T18:59:06.347211+00:00
11,5392696976,3.546,65.6,sell,False,2022-11-09T18:55:44.181937+00:00
12,5392320558,3.6,0.3,sell,False,2022-11-09T18:33:49.046684+00:00
13,5391715990,3.614,18.1,sell,False,2022-11-09T17:57:40.942791+00:00
14,5391715989,3.623,28.9,sell,False,2022-11-09T17:57:40.942791+00:00
15,5391694275,3.65,0.1,sell,False,2022-11-09T17:56:29.296017+00:00
16,5389068361,3.97,30.0,buy,False,2022-11-09T15:00:15.019497+00:00
17,5389021226,3.96,17.5,buy,False,2022-11-09T14:56:14.813314+00:00
18,5389021213,3.96,4.2,buy,False,2022-11-09T14:56:14.708921+00:00
19,5389021154,3.96,4.2,buy,False,2022-11-09T14:56:14.180383+00:00
20,5389021110,3.96,4.1,buy,False,2022-11-09T14:56:13.641367+00:00
21,5389021032,3.95,2.3,buy,False,2022-11-09T14:56:13.105154+00:00
22,5389020969,3.95,4.1,buy,False,2022-11-09T14:56:12.722757+00:00
23,5389020879,3.95,4.1,buy,False,2022-11-09T14:56:12.177642+00:00
24,5389020805,3.95,4.0,buy,False,2022-11-09T14:56:11.613626+00:00
25,5389020672,3.95,4.4,buy,False,2022-11-09T14:56:11.000287+00:00
26,5388336739,3.7,15.0,buy,False,2022-11-09T14:03:13.326943+00:00
27,5388241200,3.699,15.0,sell,False,2022-11-09T13:53:36.981603+00:00
28,5385962280,3.793,0.1,sell,False,2022-11-09T11:12:27.186823+00:00
29,5385957003,3.895,0.2,buy,False,2022-11-09T11:11:58.404668+00:00
30,5385842213,3.793,0.2,sell,False,2022-11-09T11:01:27.579931+00:00
31,5385821508,3.793,0.3,sell,False,2022-11-09T10:59:49.786345+00:00
32,5385699469,3.812,0.1,sell,False,2022-11-09T10:50:20.738242+00:00
33,5385695815,3.812,0.1,sell,False,2022-11-09T10:50:08.378165+00:00
34,5385692683,3.812,0.1,sell,False,2022-11-09T10:49:56.672092+00:00
35,5385678183,3.881,15.2,buy,False,2022-11-09T10:48:47.238824+00:00
36,5382324653,3.75,3.0,sell,False,2022-11-09T07:15:35.258157+00:00
37,5381530980,3.724,1.9,sell,True,2022-11-09T06:07:54.008178+00:00
38,5381136273,3.729,15.4,sell,False,2022-11-09T05:38:54.623912+00:00
39,5374989642,3.735,5.4,sell,False,2022-11-08T21:14:10.804740+00:00
40,5373350010,3.713,16.0,sell,False,2022-11-08T19:59:13.408702+00:00
41,5373045801,3.728,3.0,buy,False,2022-11-08T19:48:35.966353+00:00
42,5373045579,3.728,3.9,buy,False,2022-11-08T19:48:35.415906+00:00
43,5373045314,3.728,4.0,buy,False,2022-11-08T19:48:34.882762+00:00
44,5373045014,3.728,3.7,buy,False,2022-11-08T19:48:34.348168+00:00
45,5373044759,3.728,3.9,buy,False,2022-11-08T19:48:33.812655+00:00
46,5373044521,3.728,4.0,buy,False,2022-11-08T19:48:33.279018+00:00
47,5373044244,3.728,4.2,buy,False,2022-11-08T19:48:32.745668+00:00
48,5373043938,3.728,4.0,buy,False,2022-11-08T19:48:31.959180+00:00
49,5373043777,3.728,4.5,buy,False,2022-11-08T19:48:31.422990+00:00
50,5373043357,3.728,4.3,buy,False,2022-11-08T19:48:30.756886+00:00
51,5373043034,3.728,4.0,buy,False,2022-11-08T19:48:30.167212+00:00
52,5373042805,3.728,4.1,buy,False,2022-11-08T19:48:29.626172+00:00
53,5373042560,3.728,4.2,buy,False,2022-11-08T19:48:29.074854+00:00
54,5373042318,3.728,4.3,buy,False,2022-11-08T19:48:28.489678+00:00
55,5373042055,3.728,3.8,buy,False,2022-11-08T19:48:27.950551+00:00
56,5373041741,3.728,3.8,buy,False,2022-11-08T19:48:27.309265+00:00
57,5373041067,3.728,3.8,buy,False,2022-11-08T19:48:26.612884+00:00
58,5373040655,3.728,4.1,buy,False,2022-11-08T19:48:26.074715+00:00
59,5373040268,3.728,3.8,buy,False,2022-11-08T19:48:25.465193+00:00
60,5373039860,3.728,4.3,buy,False,2022-11-08T19:48:24.928311+00:00
61,5373039286,3.728,4.3,buy,False,2022-11-08T19:48:24.192638+00:00
62,5373038881,3.728,3.9,buy,False,2022-11-08T19:48:23.637275+00:00
63,5373038408,3.728,4.0,buy,False,2022-11-08T19:48:23.100049+00:00
64,5373038131,3.728,3.9,buy,False,2022-11-08T19:48:22.560119+00:00
65,5373037779,3.728,4.5,buy,False,2022-11-08T19:48:21.899383+00:00
66,5373037458,3.728,3.8,buy,False,2022-11-08T19:48:21.352501+00:00
67,5373037058,3.728,4.3,buy,False,2022-11-08T19:48:20.811116+00:00
68,5373036743,3.728,4.0,buy,False,2022-11-08T19:48:20.269338+00:00
69,5373036484,3.728,4.2,buy,False,2022-11-08T19:48:19.723113+00:00
70,5373036189,3.728,4.1,buy,False,2022-11-08T19:48:19.169379+00:00
71,5372518168,3.685,4.9,buy,False,2022-11-08T19:35:12.262550+00:00
72,5372517796,3.685,0.1,sell,False,2022-11-08T19:35:11.912352+00:00
73,5370914816,3.679,8.4,sell,True,2022-11-08T18:56:51.499901+00:00
74,5370909119,3.684,1.6,sell,True,2022-11-08T18:56:44.835607+00:00
75,5370527699,3.708,237.1,sell,False,2022-11-08T18:44:02.135267+00:00
76,5369609461,3.748,6.2,sell,False,2022-11-08T18:20:40.933768+00:00
77,5369341027,3.793,138.0,sell,False,2022-11-08T18:15:03.718261+00:00
78,5368188276,3.891,5.4,sell,False,2022-11-08T17:49:10.447073+00:00
79,5368158415,3.901,24.8,buy,False,2022-11-08T17:48:01.117775+00:00
80,5368157974,3.901,24.5,buy,False,2022-11-08T17:48:00.585137+00:00
81,5368157328,3.901,24.5,buy,False,2022-11-08T17:47:58.757758+00:00
82,5368156504,3.901,25.1,buy,False,2022-11-08T17:47:57.016773+00:00
83,5368155389,3.901,22.7,buy,False,2022-11-08T17:47:55.463979+00:00
84,5368154396,3.901,25.0,buy,False,2022-11-08T17:47:53.663553+00:00
85,5368153090,3.901,23.1,buy,False,2022-11-08T17:47:51.867048+00:00
86,5368152393,3.901,22.6,buy,False,2022-11-08T17:47:50.370905+00:00
87,5368151557,3.901,25.7,buy,False,2022-11-08T17:47:48.560764+00:00
88,5368150434,3.901,25.2,buy,False,2022-11-08T17:47:46.768881+00:00
89,5368149063,3.901,21.6,buy,False,2022-11-08T17:47:45.283721+00:00
90,5368147919,3.901,22.2,buy,False,2022-11-08T17:47:43.778309+00:00
91,5368145942,3.901,25.4,buy,False,2022-11-08T17:47:42.030994+00:00
92,5368144678,3.901,23.0,buy,False,2022-11-08T17:47:40.462452+00:00
93,5368143862,3.901,23.0,buy,False,2022-11-08T17:47:38.659212+00:00
94,5368143327,3.901,22.3,buy,False,2022-11-08T17:47:37.181800+00:00
95,5368142415,3.901,21.8,buy,False,2022-11-08T17:47:35.678813+00:00
96,5368141967,3.901,23.7,buy,False,2022-11-08T17:47:34.155215+00:00
97,5368140927,3.901,24.2,buy,False,2022-11-08T17:47:32.366004+00:00
98,5368139375,3.901,22.0,buy,False,2022-11-08T17:47:30.875920+00:00
99,5368137738,3.901,25.5,buy,False,2022-11-08T17:47:29.064206+00:00
100,5368136491,3.901,25.6,buy,False,2022-11-08T17:47:27.264811+00:00
101,5368135282,3.901,25.4,buy,False,2022-11-08T17:47:25.460016+00:00
102,5368134191,3.901,25.3,buy,False,2022-11-08T17:47:23.735408+00:00
103,5368133288,3.901,25.9,buy,False,2022-11-08T17:47:20.894941+00:00
104,5368132878,3.901,23.0,buy,False,2022-11-08T17:47:20.360007+00:00
105,5368132108,3.901,25.1,buy,False,2022-11-08T17:47:18.649701+00:00
106,5368131654,3.901,21.8,buy,False,2022-11-08T17:47:17.042980+00:00
107,5368131045,3.901,24.8,buy,False,2022-11-08T17:47:15.264443+00:00
108,5368130282,3.901,26.1,buy,False,2022-11-08T17:47:13.495810+00:00
109,5368129640,3.901,22.8,buy,False,2022-11-08T17:47:11.961819+00:00
110,5368129113,3.901,24.3,buy,False,2022-11-08T17:47:10.164019+00:00
111,5368128742,3.901,23.2,buy,False,2022-11-08T17:47:08.649864+00:00
112,5368128207,3.901,23.8,buy,False,2022-11-08T17:47:06.876625+00:00
113,5368127670,3.901,22.2,buy,False,2022-11-08T17:47:05.365074+00:00
114,5368127112,3.901,26.6,buy,False,2022-11-08T17:47:03.566607+00:00
115,5368126659,3.901,22.2,buy,False,2022-11-08T17:47:02.076461+00:00
116,5368126182,3.901,26.5,buy,False,2022-11-08T17:47:00.247059+00:00
117,5368125441,3.901,26.2,buy,False,2022-11-08T17:46:58.454832+00:00
118,5368124624,3.901,26.9,buy,False,2022-11-08T17:46:56.381784+00:00
119,5368124623,3.9,3.5,buy,False,2022-11-08T17:46:56.381784+00:00
120,5368117160,3.901,26.0,buy,False,2022-11-08T17:46:32.701975+00:00
121,5368117141,3.901,973.9,sell,False,2022-11-08T17:46:32.620393+00:00
122,5367774494,3.905,6.2,buy,False,2022-11-08T17:31:00.818643+00:00
123,5367774292,3.905,6.3,buy,False,2022-11-08T17:31:00.259859+00:00
124,5367774055,3.905,7.2,buy,False,2022-11-08T17:30:59.653166+00:00
125,5367773959,3.905,7.7,buy,False,2022-11-08T17:30:59.114281+00:00
126,5367773880,3.905,6.6,buy,False,2022-11-08T17:30:58.574668+00:00
127,5367773782,3.905,7.6,buy,False,2022-11-08T17:30:58.040505+00:00
128,5367773606,3.905,8.4,buy,False,2022-11-08T17:30:57.478912+00:00
129,5367102549,3.89,30.0,buy,False,2022-11-08T17:07:19.136684+00:00
130,5366053466,3.873,25.0,buy,False,2022-11-08T16:30:16.971376+00:00
131,5365971345,3.829,100.5,sell,True,2022-11-08T16:27:28.281341+00:00
132,5363640659,3.733,2.0,sell,True,2022-11-08T14:49:37.566120+00:00
133,5355825028,3.714,158.3,buy,False,2022-11-08T04:26:07.583947+00:00
134,5355825027,3.7,31.6,buy,False,2022-11-08T04:26:07.583947+00:00
135,5355822680,3.7,203.2,buy,False,2022-11-08T04:25:57.606813+00:00
136,5355820427,3.7,190.8,buy,False,2022-11-08T04:25:50.679050+00:00
137,5355820410,3.7,138.5,sell,False,2022-11-08T04:25:50.596083+00:00
138,5355820409,3.7,0.3,sell,False,2022-11-08T04:25:50.596083+00:00
139,5355820408,3.713,130.4,sell,False,2022-11-08T04:25:50.596083+00:00
140,5355820407,3.723,77.8,sell,False,2022-11-08T04:25:50.596083+00:00
141,5355820406,3.73,40.1,sell,False,2022-11-08T04:25:50.596083+00:00
142,5355808173,3.723,18.5,sell,False,2022-11-08T04:25:11.671968+00:00
143,5349128734,3.777,3.4,buy,False,2022-11-07T19:18:40.944238+00:00
144,5349128439,3.777,4.1,buy,False,2022-11-07T19:18:40.410839+00:00
145,5349128351,3.777,3.9,buy,False,2022-11-07T19:18:39.548090+00:00
146,5349128283,3.777,4.0,buy,False,2022-11-07T19:18:39.008727+00:00
147,5349128123,3.777,4.1,buy,False,2022-11-07T19:18:37.552948+00:00
148,5349127939,3.777,3.7,buy,False,2022-11-07T19:18:35.926168+00:00
149,5347953668,3.817,5.6,buy,False,2022-11-07T16:31:18.769839+00:00
150,5347953588,3.817,18.2,buy,False,2022-11-07T16:31:18.226385+00:00
151,5347953534,3.817,17.7,buy,False,2022-11-07T16:31:17.649447+00:00
152,5347953468,3.817,17.5,buy,False,2022-11-07T16:31:17.111681+00:00
153,5347953433,3.817,18.0,buy,False,2022-11-07T16:31:16.572987+00:00
154,5347953386,3.817,15.5,buy,False,2022-11-07T16:31:16.036747+00:00
155,5346827692,3.728,0.6,sell,False,2022-11-07T14:49:05.818118+00:00
156,5346546838,3.925,0.5,sell,False,2022-11-07T14:24:53.825905+00:00
157,5346546436,3.955,100.0,buy,False,2022-11-07T14:24:52.052144+00:00
158,5346543491,3.988,6.6,buy,False,2022-11-07T14:24:18.951231+00:00
159,5346543490,3.986,91.4,buy,False,2022-11-07T14:24:18.951231+00:00
160,5346543489,3.976,2.0,buy,False,2022-11-07T14:24:18.951231+00:00
161,5346387697,3.809,9.9,sell,False,2022-11-07T14:02:47.611377+00:00
162,5338106134,3.784,39.2,sell,False,2022-11-06T21:07:09.586882+00:00
163,5338103045,3.784,38.9,sell,False,2022-11-06T21:06:33.506782+00:00
164,5333480986,3.839,3.6,buy,False,2022-11-06T10:03:59.641886+00:00
165,5326353840,3.84,12.0,buy,False,2022-11-05T15:11:32.092390+00:00
166,5318034219,3.747,26.6,buy,False,2022-11-04T18:36:07.296640+00:00
167,5317264463,3.684,5.8,buy,False,2022-11-04T16:53:36.961428+00:00
168,5317253118,3.671,35.3,sell,False,2022-11-04T16:52:09.620488+00:00
169,5317192341,3.688,0.5,sell,False,2022-11-04T16:44:29.891678+00:00
170,5316982619,3.7,0.5,sell,False,2022-11-04T16:22:04.188535+00:00
171,5316948745,3.711,0.5,buy,False,2022-11-04T16:18:52.126436+00:00
172,5316944691,3.7,0.5,buy,False,2022-11-04T16:18:33.478059+00:00
173,5316908781,3.688,0.5,buy,False,2022-11-04T16:16:02.611771+00:00
174,5316506936,3.677,0.5,sell,False,2022-11-04T15:51:59.739461+00:00
175,5316456185,3.688,0.5,sell,False,2022-11-04T15:47:49.692002+00:00
176,5316427601,3.7,0.5,sell,False,2022-11-04T15:45:21.595712+00:00
177,5316388918,3.711,0.5,sell,False,2022-11-04T15:43:07.639260+00:00
178,5316374491,3.722,0.5,sell,False,2022-11-04T15:42:28.616160+00:00
179,5316367726,3.733,0.5,sell,False,2022-11-04T15:42:02.696636+00:00
180,5316343656,3.745,0.5,sell,False,2022-11-04T15:40:17.499791+00:00
181,5316304779,3.756,0.5,sell,False,2022-11-04T15:37:21.673918+00:00
182,5316085312,3.767,0.5,buy,False,2022-11-04T15:16:30.625262+00:00
183,5315970374,3.756,0.5,sell,False,2022-11-04T15:08:48.205311+00:00
184,5315883001,3.767,0.5,buy,False,2022-11-04T15:00:51.814303+00:00
185,5315794371,3.756,0.5,sell,False,2022-11-04T14:52:16.291981+00:00
186,5315764584,3.767,0.5,buy,False,2022-11-04T14:49:59.418453+00:00
187,5315724077,3.756,0.5,sell,False,2022-11-04T14:46:25.838742+00:00
188,5315623197,3.767,0.5,sell,False,2022-11-04T14:39:58.139334+00:00
189,5315541369,3.779,0.5,sell,False,2022-11-04T14:33:46.592989+00:00
190,5315453194,3.79,0.5,buy,False,2022-11-04T14:28:37.889115+00:00
191,5315235776,3.779,0.5,buy,False,2022-11-04T14:20:19.744672+00:00
192,5315021256,3.769,4.5,buy,False,2022-11-04T14:09:24.805313+00:00
193,5315021204,3.769,3.8,buy,False,2022-11-04T14:09:24.261556+00:00
194,5315021065,3.769,5.4,buy,False,2022-11-04T14:09:23.707986+00:00
195,5315021064,3.767,0.5,buy,False,2022-11-04T14:09:23.707986+00:00
196,5315020949,3.756,0.5,buy,False,2022-11-04T14:09:23.176035+00:00
197,5315004453,3.745,0.5,sell,False,2022-11-04T14:07:19.522922+00:00
198,5314978759,3.756,0.5,sell,False,2022-11-04T14:04:50.277898+00:00
199,5314974822,3.767,0.5,sell,False,2022-11-04T14:04:22.157308+00:00
200,5314969973,3.779,0.5,sell,False,2022-11-04T14:03:46.126990+00:00
201,5314948156,3.79,0.5,sell,False,2022-11-04T14:01:45.797974+00:00
202,5314943799,3.802,0.5,sell,False,2022-11-04T14:01:15.866373+00:00
203,5314938555,3.813,0.5,sell,False,2022-11-04T14:00:34.594350+00:00
204,5314936978,3.825,0.5,sell,False,2022-11-04T14:00:25.970191+00:00
205,5314915892,3.836,0.5,sell,False,2022-11-04T13:57:50.745908+00:00
206,5314895557,3.848,0.4,sell,False,2022-11-04T13:55:45.699411+00:00
207,5314887076,3.859,0.4,buy,False,2022-11-04T13:54:50.434126+00:00
208,5314849969,3.848,0.5,buy,False,2022-11-04T13:51:33.124987+00:00
209,5314788241,3.836,0.5,buy,False,2022-11-04T13:45:59.271401+00:00
210,5314747076,3.825,0.5,sell,False,2022-11-04T13:43:04.242556+00:00
211,5314745856,3.836,0.5,sell,False,2022-11-04T13:43:00.330581+00:00
212,5314721698,3.848,0.4,sell,False,2022-11-04T13:40:32.058271+00:00
213,5314719867,3.859,0.4,sell,False,2022-11-04T13:40:19.569446+00:00
214,5314711833,3.871,0.4,buy,False,2022-11-04T13:39:28.454655+00:00
215,5314685626,3.859,0.4,sell,False,2022-11-04T13:36:54.494415+00:00
216,5314681587,3.871,0.4,sell,False,2022-11-04T13:36:33.036908+00:00
217,5314673260,3.883,0.4,sell,False,2022-11-04T13:35:44.135387+00:00
218,5314669730,3.895,0.4,buy,False,2022-11-04T13:35:23.968738+00:00
219,5314666976,3.883,0.4,buy,False,2022-11-04T13:35:06.936749+00:00
220,5314664300,3.871,0.4,sell,False,2022-11-04T13:35:01.358680+00:00
221,5314664231,3.883,0.4,sell,False,2022-11-04T13:35:00.795717+00:00
222,5314642547,3.895,0.4,sell,False,2022-11-04T13:33:05.506581+00:00
223,5314640686,3.906,0.4,sell,False,2022-11-04T13:32:59.458600+00:00
224,5314619867,3.918,0.4,buy,False,2022-11-04T13:31:37.140857+00:00
225,5314604448,3.906,0.4,sell,False,2022-11-04T13:30:36.454361+00:00
226,5314604260,3.918,0.4,sell,False,2022-11-04T13:30:35.909014+00:00
227,5314604259,3.93,0.4,sell,False,2022-11-04T13:30:35.909014+00:00
228,5314591683,3.942,0.4,sell,False,2022-11-04T13:29:48.547373+00:00
229,5314257122,3.954,0.4,buy,False,2022-11-04T13:03:31.070811+00:00
230,5314247874,3.942,0.4,buy,False,2022-11-04T13:02:57.526457+00:00
231,5314045762,3.93,0.4,buy,False,2022-11-04T12:49:45.904658+00:00
232,5314027238,3.918,0.4,buy,False,2022-11-04T12:48:14.469386+00:00
233,5313970364,3.906,0.4,buy,False,2022-11-04T12:44:01.171981+00:00
234,5313812287,3.895,0.4,buy,False,2022-11-04T12:36:58.918126+00:00
235,5313743395,3.883,0.4,buy,False,2022-11-04T12:34:52.263913+00:00
236,5313464284,3.871,0.4,buy,False,2022-11-04T12:24:39.869332+00:00
237,5313205298,3.859,0.4,buy,False,2022-11-04T11:55:47.918668+00:00
238,5313089729,3.848,0.4,sell,False,2022-11-04T11:40:53.826436+00:00
239,5312953797,3.859,0.4,sell,False,2022-11-04T11:23:34.809108+00:00
240,5312882664,3.87,2.1,sell,False,2022-11-04T11:15:38.798270+00:00
241,5312882663,3.871,0.4,sell,False,2022-11-04T11:15:38.798270+00:00
242,5312853275,3.883,0.4,buy,False,2022-11-04T11:12:31.125907+00:00
243,5312782061,3.871,0.4,buy,False,2022-11-04T11:04:34.365330+00:00
244,5312351007,3.859,0.4,buy,False,2022-11-04T10:09:53.902126+00:00
245,5312267866,3.848,0.4,sell,False,2022-11-04T09:59:36.239864+00:00
246,5312246965,3.859,0.4,buy,False,2022-11-04T09:56:03.585921+00:00
247,5312092322,3.848,0.4,sell,False,2022-11-04T09:30:46.160759+00:00
248,5312090668,3.869,0.9,buy,False,2022-11-04T09:30:32.835527+00:00
249,5312090667,3.859,0.4,buy,False,2022-11-04T09:30:32.835527+00:00
250,5312090666,3.848,0.5,buy,False,2022-11-04T09:30:32.835527+00:00
251,5311738545,3.836,0.5,sell,False,2022-11-04T08:51:46.745970+00:00
252,5311476324,3.848,0.4,sell,False,2022-11-04T08:18:53.287874+00:00
253,5311438898,3.859,0.4,buy,False,2022-11-04T08:15:31.471706+00:00
254,5311401470,3.848,0.4,sell,False,2022-11-04T08:11:15.283684+00:00
255,5311398541,3.859,0.4,buy,False,2022-11-04T08:10:53.154821+00:00
256,5311398427,3.848,0.5,buy,False,2022-11-04T08:10:51.639045+00:00
257,5311339058,3.836,0.5,buy,False,2022-11-04T08:04:22.204473+00:00
258,5310275738,3.825,0.5,sell,False,2022-11-04T06:00:17.270369+00:00
259,5310275662,3.836,0.5,sell,False,2022-11-04T06:00:16.732279+00:00
260,5310275661,3.848,0.4,sell,False,2022-11-04T06:00:16.732279+00:00
261,5310275660,3.859,0.4,sell,False,2022-11-04T06:00:16.732279+00:00
262,5310275659,3.871,0.4,sell,False,2022-11-04T06:00:16.732279+00:00
263,5308927071,3.887,2.1,buy,False,2022-11-04T03:07:40.789923+00:00
264,5308927070,3.883,0.4,buy,False,2022-11-04T03:07:40.789923+00:00
265,5307142285,3.871,0.4,buy,False,2022-11-03T23:20:07.726566+00:00
266,5306925048,3.859,0.4,buy,False,2022-11-03T22:58:00.247452+00:00
267,5306884546,3.848,0.5,buy,False,2022-11-03T22:53:31.471371+00:00
268,5306879127,3.836,0.5,buy,False,2022-11-03T22:52:33.962396+00:00
269,5306876862,3.825,0.5,buy,False,2022-11-03T22:52:18.814365+00:00
270,5306874896,3.813,3.4,buy,False,2022-11-03T22:52:03.220830+00:00
271,5306874895,3.813,0.5,buy,False,2022-11-03T22:52:03.220830+00:00
272,5306032542,3.802,0.5,buy,False,2022-11-03T20:30:03.630286+00:00
273,5305819593,3.79,0.5,sell,False,2022-11-03T19:47:28.363630+00:00
274,5305648653,3.802,0.5,sell,False,2022-11-03T19:18:41.007465+00:00
275,5305630147,3.813,0.5,buy,False,2022-11-03T19:15:20.534835+00:00
276,5305515403,3.802,0.5,buy,False,2022-11-03T18:53:35.372866+00:00
277,5305235267,3.79,0.5,buy,False,2022-11-03T18:08:13.749708+00:00
278,5305131158,3.779,0.5,buy,False,2022-11-03T17:55:57.165500+00:00
279,5304917939,3.767,0.5,sell,False,2022-11-03T17:21:57.840254+00:00
280,5304909863,3.779,0.5,sell,False,2022-11-03T17:20:52.389740+00:00
281,5304906003,3.79,0.5,sell,False,2022-11-03T17:20:24.796618+00:00
282,5304897325,3.802,0.5,sell,False,2022-11-03T17:19:10.760795+00:00
283,5304850451,3.813,0.5,sell,False,2022-11-03T17:11:25.743110+00:00
284,5304837861,3.825,0.5,sell,False,2022-11-03T17:09:18.465321+00:00
285,5304837721,3.836,0.5,sell,False,2022-11-03T17:09:16.517430+00:00
286,5304834250,3.848,0.5,buy,False,2022-11-03T17:08:37.162562+00:00
287,5304833730,3.836,0.5,buy,False,2022-11-03T17:08:33.199265+00:00
288,5304829175,3.825,0.5,buy,False,2022-11-03T17:07:48.991903+00:00
289,5304828949,3.813,0.5,buy,False,2022-11-03T17:07:46.176715+00:00
290,5304827649,3.802,0.5,buy,False,2022-11-03T17:07:31.776606+00:00
291,5304827604,3.79,0.5,buy,False,2022-11-03T17:07:31.243429+00:00
292,5304827603,3.779,0.5,buy,False,2022-11-03T17:07:31.243429+00:00
293,5304827369,3.767,0.5,buy,False,2022-11-03T17:07:29.474498+00:00
294,5304755249,3.756,0.5,buy,False,2022-11-03T16:56:28.358529+00:00
295,5304722762,3.745,0.5,buy,False,2022-11-03T16:51:54.212315+00:00
296,5304643310,3.733,0.5,sell,False,2022-11-03T16:39:31.387079+00:00
297,5304620755,3.745,0.5,sell,False,2022-11-03T16:35:56.442712+00:00
298,5304493780,3.756,0.5,buy,False,2022-11-03T16:15:52.955706+00:00
299,5304461340,3.745,0.5,buy,False,2022-11-03T16:11:02.645435+00:00
300,5304331398,3.733,0.5,sell,False,2022-11-03T15:53:19.231880+00:00
301,5304319729,3.745,0.5,sell,False,2022-11-03T15:51:07.128151+00:00
302,5304313051,3.756,0.5,sell,False,2022-11-03T15:49:57.188096+00:00
303,5304294968,3.767,0.5,buy,False,2022-11-03T15:46:50.057326+00:00
304,5304288032,3.756,0.5,buy,False,2022-11-03T15:45:51.949709+00:00
305,5304231411,3.745,0.5,buy,False,2022-11-03T15:37:22.489774+00:00
306,5304197683,3.733,0.5,sell,False,2022-11-03T15:32:58.064047+00:00
307,5304186902,3.745,0.5,sell,False,2022-11-03T15:31:39.756277+00:00
308,5304141432,3.756,0.5,sell,False,2022-11-03T15:25:24.097023+00:00
309,5304139183,3.767,2.0,sell,False,2022-11-03T15:25:09.561280+00:00
310,5304064315,3.767,0.5,sell,False,2022-11-03T15:14:33.200298+00:00
311,5304044872,3.779,0.5,buy,False,2022-11-03T15:12:03.056830+00:00
312,5304026087,3.767,0.5,sell,False,2022-11-03T15:09:23.200572+00:00
313,5304022363,3.779,0.5,sell,False,2022-11-03T15:08:52.987335+00:00
314,5303994247,3.79,0.5,sell,False,2022-11-03T15:05:35.588356+00:00
315,5303979328,3.802,0.5,sell,False,2022-11-03T15:04:10.714733+00:00
316,5303973968,3.813,0.5,sell,False,2022-11-03T15:03:33.971259+00:00
317,5303875881,3.825,0.5,sell,False,2022-11-03T14:51:31.865311+00:00
318,5303859916,3.836,0.5,buy,False,2022-11-03T14:49:51.078929+00:00
319,5303822354,3.825,0.5,buy,False,2022-11-03T14:45:29.600805+00:00
320,5303796650,3.813,0.5,buy,False,2022-11-03T14:42:26.631269+00:00
321,5303787600,3.802,0.5,buy,False,2022-11-03T14:41:32.997510+00:00
322,5303761153,3.79,0.5,buy,False,2022-11-03T14:38:01.321359+00:00
323,5303758562,3.779,0.5,buy,False,2022-11-03T14:37:33.013793+00:00
324,5303755134,3.767,0.5,buy,False,2022-11-03T14:37:13.933326+00:00
325,5303691786,3.756,0.5,buy,False,2022-11-03T14:29:24.414326+00:00
326,5303658521,3.745,0.5,buy,False,2022-11-03T14:25:40.096535+00:00
327,5303655015,3.743,2.5,buy,False,2022-11-03T14:25:20.030813+00:00
328,5303654223,3.743,4.1,buy,False,2022-11-03T14:25:18.471290+00:00
329,5303654105,3.743,4.5,buy,False,2022-11-03T14:25:17.865486+00:00
330,5303631226,3.733,0.5,buy,False,2022-11-03T14:23:00.276371+00:00
331,5303617929,3.722,0.5,sell,False,2022-11-03T14:21:21.028051+00:00
332,5303604729,3.733,0.5,buy,False,2022-11-03T14:20:17.037812+00:00
333,5303599529,3.722,0.5,buy,False,2022-11-03T14:19:54.410453+00:00
334,5303595073,3.711,0.5,buy,False,2022-11-03T14:19:29.034649+00:00
335,5303586155,3.7,0.5,sell,False,2022-11-03T14:18:38.193815+00:00
336,5303544469,3.711,0.5,buy,False,2022-11-03T14:15:21.160658+00:00
337,5303544327,3.7,0.5,buy,False,2022-11-03T14:15:20.618213+00:00
338,5303544008,3.688,0.5,buy,False,2022-11-03T14:15:19.162106+00:00
339,5303536181,3.677,0.5,buy,False,2022-11-03T14:15:01.368708+00:00
340,5303525371,3.666,0.5,buy,False,2022-11-03T14:14:22.016015+00:00
341,5303456798,3.655,0.5,sell,False,2022-11-03T14:06:04.333104+00:00
342,5303406624,3.666,0.5,buy,False,2022-11-03T14:01:43.654478+00:00
343,5303359600,3.655,0.5,buy,False,2022-11-03T13:59:02.806539+00:00
344,5303328583,3.644,0.5,sell,False,2022-11-03T13:55:28.898431+00:00
345,5303314632,3.655,0.5,sell,False,2022-11-03T13:53:31.558603+00:00
346,5303310785,3.666,0.5,buy,False,2022-11-03T13:52:46.485641+00:00
347,5303309822,3.655,0.5,buy,False,2022-11-03T13:52:37.485551+00:00
348,5303308983,3.644,0.5,buy,False,2022-11-03T13:52:29.383143+00:00
349,5303295922,3.633,0.5,buy,False,2022-11-03T13:51:19.663135+00:00
350,5303291398,3.622,0.5,sell,False,2022-11-03T13:50:35.367881+00:00
351,5303286774,3.633,0.5,sell,False,2022-11-03T13:49:54.202645+00:00
352,5303282713,3.644,0.5,buy,False,2022-11-03T13:49:20.147025+00:00
353,5303267059,3.628,11.2,sell,False,2022-11-03T13:47:26.382156+00:00
354,5303267058,3.633,0.5,sell,False,2022-11-03T13:47:26.382156+00:00
355,5303267057,3.644,0.5,sell,False,2022-11-03T13:47:26.382156+00:00
356,5303266161,3.655,0.5,buy,False,2022-11-03T13:47:20.690696+00:00
357,5303264897,3.644,0.5,buy,False,2022-11-03T13:47:11.612696+00:00
358,5303241307,3.633,0.5,sell,False,2022-11-03T13:45:14.302178+00:00
359,5303241063,3.644,0.5,sell,False,2022-11-03T13:45:13.221316+00:00
360,5303235641,3.655,0.5,sell,False,2022-11-03T13:45:01.266407+00:00
361,5303227448,3.666,0.5,buy,False,2022-11-03T13:44:26.267483+00:00
362,5303226453,3.655,0.5,buy,False,2022-11-03T13:44:14.735763+00:00
363,5303223469,3.644,0.5,buy,False,2022-11-03T13:43:53.619019+00:00
364,5303216586,3.633,0.5,buy,False,2022-11-03T13:42:51.016517+00:00
365,5303215740,3.622,0.5,buy,False,2022-11-03T13:42:45.831207+00:00
366,5303206844,3.611,0.5,buy,False,2022-11-03T13:41:48.204374+00:00
367,5303202340,3.6,0.5,buy,False,2022-11-03T13:41:29.944866+00:00
368,5303198786,3.589,0.5,buy,False,2022-11-03T13:41:18.737073+00:00
369,5303198331,3.579,0.5,buy,False,2022-11-03T13:41:17.054684+00:00
370,5303188879,3.568,0.5,buy,False,2022-11-03T13:40:11.366837+00:00
371,5303182212,3.557,0.5,buy,False,2022-11-03T13:39:19.101349+00:00
372,5303179962,3.546,0.5,buy,False,2022-11-03T13:38:59.138326+00:00
373,5303176403,3.536,0.5,buy,False,2022-11-03T13:38:42.733442+00:00
374,5303166103,3.525,0.5,sell,False,2022-11-03T13:37:29.235459+00:00
375,5303153456,3.536,0.5,buy,False,2022-11-03T13:35:53.504347+00:00
376,5303144820,3.525,0.5,buy,False,2022-11-03T13:35:01.498923+00:00
377,5303036933,3.508,3.1,sell,False,2022-11-03T13:23:29.537616+00:00
378,5303034960,3.514,0.5,sell,False,2022-11-03T13:23:13.397056+00:00
379,5302462339,3.525,0.5,sell,False,2022-11-03T12:09:20.201045+00:00
380,5302188134,3.536,0.5,sell,False,2022-11-03T11:44:08.578483+00:00
381,5302169377,3.546,0.5,sell,False,2022-11-03T11:42:24.869673+00:00
382,5301012375,3.557,0.5,buy,False,2022-11-03T08:59:30.720549+00:00
383,5301008719,3.546,0.5,sell,False,2022-11-03T08:58:28.674399+00:00
384,5301008708,3.547,3.0,sell,False,2022-11-03T08:58:28.144039+00:00
385,5301008638,3.55,0.1,sell,False,2022-11-03T08:58:26.619953+00:00
386,5301008519,3.557,0.5,sell,False,2022-11-03T08:58:23.582110+00:00
387,5301008302,3.568,0.5,sell,False,2022-11-03T08:58:19.843007+00:00
388,5300737458,3.579,0.5,buy,False,2022-11-03T08:09:36.706478+00:00
389,5300701782,3.568,0.5,sell,False,2022-11-03T08:04:47.648746+00:00
390,5299978167,3.579,0.5,buy,False,2022-11-03T06:00:15.398556+00:00
391,5298892793,3.568,0.5,buy,False,2022-11-03T03:05:29.136867+00:00
392,5297244765,3.557,0.5,sell,False,2022-11-02T22:33:22.746439+00:00
393,5297135993,3.568,0.5,sell,False,2022-11-02T22:10:56.855708+00:00
394,5297107673,3.579,0.5,sell,False,2022-11-02T22:05:49.850450+00:00
395,5296060903,3.584,2.8,sell,False,2022-11-02T19:59:57.936320+00:00
396,5296058387,3.589,3.3,sell,False,2022-11-02T19:59:43.898083+00:00
397,5296058386,3.589,0.5,sell,False,2022-11-02T19:59:43.898083+00:00
398,5295948417,3.6,0.5,sell,False,2022-11-02T19:47:54.632460+00:00
399,5295859303,3.611,0.5,sell,False,2022-11-02T19:39:14.822347+00:00
400,5295854181,3.622,1.8,sell,False,2022-11-02T19:38:45.023821+00:00
401,5295854132,3.622,0.5,buy,False,2022-11-02T19:38:44.449807+00:00
402,5295845736,3.611,0.5,buy,False,2022-11-02T19:38:02.778824+00:00
403,5295691534,3.6,0.3,sell,False,2022-11-02T19:29:15.443452+00:00
404,5295691533,3.6,0.5,sell,False,2022-11-02T19:29:15.443452+00:00
405,5295619601,3.611,0.5,sell,False,2022-11-02T19:26:59.918824+00:00
406,5295619600,3.611,0.9,sell,False,2022-11-02T19:26:59.918824+00:00
407,5295593433,3.622,0.5,sell,False,2022-11-02T19:26:20.336188+00:00
408,5295558302,3.633,0.5,sell,False,2022-11-02T19:25:11.880706+00:00
409,5295487393,3.644,0.5,sell,False,2022-11-02T19:21:13.650816+00:00
410,5295468638,3.655,0.5,sell,False,2022-11-02T19:20:28.492470+00:00
411,5295398153,3.666,0.5,sell,False,2022-11-02T19:15:57.096606+00:00
412,5295394371,3.677,0.5,sell,False,2022-11-02T19:15:44.598602+00:00
413,5295373659,3.688,0.5,sell,False,2022-11-02T19:14:21.220473+00:00
414,5295367598,3.7,0.5,sell,False,2022-11-02T19:13:47.022529+00:00
415,5295341937,3.711,0.5,sell,False,2022-11-02T19:11:44.533824+00:00
416,5295290275,3.722,0.5,buy,False,2022-11-02T19:08:57.524395+00:00
417,5295285610,3.711,0.5,buy,False,2022-11-02T19:08:50.699318+00:00
418,5295274440,3.7,0.5,buy,False,2022-11-02T19:08:22.129551+00:00
419,5295204299,3.688,0.5,buy,False,2022-11-02T19:04:27.302805+00:00
420,5295117428,3.677,0.5,buy,False,2022-11-02T18:58:53.140500+00:00
421,5294995642,3.666,0.5,sell,False,2022-11-02T18:53:25.379116+00:00
422,5294929786,3.677,0.5,sell,False,2022-11-02T18:51:39.752920+00:00
423,5294895285,3.688,0.5,sell,False,2022-11-02T18:51:04.709313+00:00
424,5294871631,3.7,0.5,sell,False,2022-11-02T18:50:23.547557+00:00
425,5294809633,3.711,0.5,sell,False,2022-11-02T18:46:52.035130+00:00
426,5294803544,3.722,0.5,sell,False,2022-11-02T18:46:38.102295+00:00
427,5294803010,3.733,0.5,sell,False,2022-11-02T18:46:36.406658+00:00
428,5294786574,3.755,12.9,buy,False,2022-11-02T18:45:47.760379+00:00
429,5294786573,3.745,0.5,buy,False,2022-11-02T18:45:47.760379+00:00
430,5294755031,3.733,0.5,sell,False,2022-11-02T18:44:17.273797+00:00
431,5294681878,3.745,0.5,buy,False,2022-11-02T18:42:19.571656+00:00
432,5294675682,3.733,0.5,buy,False,2022-11-02T18:42:13.199659+00:00
433,5294668442,3.722,0.5,buy,False,2022-11-02T18:42:08.195498+00:00
434,5294620733,3.711,0.5,buy,False,2022-11-02T18:40:47.198796+00:00
435,5294553779,3.7,0.5,sell,False,2022-11-02T18:38:49.389768+00:00
436,5294530431,3.711,0.5,sell,False,2022-11-02T18:38:22.080050+00:00
437,5294494320,3.722,0.5,sell,False,2022-11-02T18:38:01.132458+00:00
438,5294467917,3.733,0.5,sell,False,2022-11-02T18:37:37.683126+00:00
439,5294433423,3.745,0.5,sell,False,2022-11-02T18:36:59.562719+00:00
440,5294414144,3.756,0.5,sell,False,2022-11-02T18:36:46.628726+00:00
441,5294399551,3.767,0.5,sell,False,2022-11-02T18:36:33.003212+00:00
442,5294397007,3.779,0.5,sell,False,2022-11-02T18:36:29.902325+00:00
443,5294376775,3.79,0.5,buy,False,2022-11-02T18:35:53.087846+00:00
444,5294278074,3.779,0.5,sell,False,2022-11-02T18:31:28.739611+00:00
445,5294269261,3.79,0.5,sell,False,2022-11-02T18:31:13.710674+00:00
446,5294260666,3.802,0.5,sell,False,2022-11-02T18:30:48.090544+00:00
447,5294244535,3.813,0.5,buy,False,2022-11-02T18:30:06.845577+00:00
448,5294216001,3.802,0.5,buy,False,2022-11-02T18:28:21.455548+00:00
449,5294153880,3.79,0.5,buy,False,2022-11-02T18:24:28.737141+00:00
450,5294153325,3.779,0.5,buy,False,2022-11-02T18:24:25.529304+00:00
451,5294063813,3.767,0.5,sell,False,2022-11-02T18:17:54.949861+00:00
452,5294020456,3.779,0.5,sell,False,2022-11-02T18:16:36.565748+00:00
453,5293963896,3.79,0.5,buy,False,2022-11-02T18:13:34.080863+00:00
454,5293928383,3.779,0.5,sell,False,2022-11-02T18:11:33.340843+00:00
455,5293924902,3.79,0.5,sell,False,2022-11-02T18:11:24.146345+00:00
456,5293903503,3.802,0.5,sell,False,2022-11-02T18:10:40.433583+00:00
457,5293887826,3.813,0.5,buy,False,2022-11-02T18:10:12.692195+00:00
458,5293885448,3.802,0.5,buy,False,2022-11-02T18:10:06.103962+00:00
459,5293835094,3.79,0.5,buy,False,2022-11-02T18:08:22.517320+00:00
460,5293792642,3.779,0.5,buy,False,2022-11-02T18:07:18.222702+00:00
461,5293631034,3.767,0.5,buy,False,2022-11-02T18:03:04.015013+00:00
462,5293593366,3.756,0.5,buy,False,2022-11-02T18:02:25.782547+00:00
463,5293578331,3.745,0.5,buy,False,2022-11-02T18:02:12.265623+00:00
464,5293497204,3.733,0.5,buy,False,2022-11-02T18:01:16.562507+00:00
465,5293458028,3.722,0.5,buy,False,2022-11-02T18:00:50.257437+00:00
466,5293182423,3.711,0.5,buy,False,2022-11-02T17:41:01.311402+00:00
467,5293060579,3.7,0.5,buy,False,2022-11-02T17:17:24.568772+00:00
468,5292984915,3.688,0.5,sell,False,2022-11-02T17:03:54.310952+00:00
469,5292962277,3.7,0.5,sell,False,2022-11-02T17:01:31.272811+00:00
470,5292832675,3.711,0.5,buy,False,2022-11-02T16:45:18.309049+00:00
471,5292830557,3.7,0.5,buy,False,2022-11-02T16:45:08.531866+00:00
472,5292821592,3.688,0.5,buy,False,2022-11-02T16:43:54.037882+00:00
473,5292816675,3.677,0.5,buy,False,2022-11-02T16:43:20.794589+00:00
474,5292814777,3.666,0.5,buy,False,2022-11-02T16:43:07.443716+00:00
475,5292806008,3.655,0.5,buy,False,2022-11-02T16:42:07.608283+00:00
476,5292796732,3.638,71.8,sell,False,2022-11-02T16:41:06.751148+00:00
477,5292796115,3.638,117.4,sell,False,2022-11-02T16:40:59.961396+00:00
478,5292793294,3.638,97.2,sell,False,2022-11-02T16:40:30.417230+00:00
479,5292793293,3.644,0.5,sell,False,2022-11-02T16:40:30.417230+00:00
480,5292791643,3.656,70.2,buy,False,2022-11-02T16:40:12.750970+00:00
481,5292791642,3.656,607.0,buy,False,2022-11-02T16:40:12.750970+00:00
482,5292787928,3.666,33.5,buy,False,2022-11-02T16:39:49.601342+00:00
483,5292787927,3.655,0.5,buy,False,2022-11-02T16:39:49.601342+00:00
484,5292787649,3.644,0.5,buy,False,2022-11-02T16:39:46.407760+00:00
485,5292784944,3.627,117.1,sell,False,2022-11-02T16:39:26.854515+00:00
486,5292784943,3.628,219.5,sell,False,2022-11-02T16:39:26.854515+00:00
487,5292784942,3.633,0.5,sell,False,2022-11-02T16:39:26.854515+00:00
488,5292784941,3.638,685.9,sell,False,2022-11-02T16:39:26.854515+00:00
489,5292784940,3.644,0.5,sell,False,2022-11-02T16:39:26.854515+00:00
490,5292784939,3.655,0.5,sell,False,2022-11-02T16:39:26.854515+00:00
491,5292778037,3.666,0.5,sell,False,2022-11-02T16:38:14.400966+00:00
492,5292754214,3.677,0.5,sell,False,2022-11-02T16:33:54.144015+00:00
493,5292635106,3.688,0.5,sell,False,2022-11-02T16:11:26.452877+00:00
494,5292605286,3.7,0.5,buy,False,2022-11-02T16:05:25.073866+00:00
495,5292519872,3.688,0.5,sell,False,2022-11-02T15:47:30.887836+00:00
496,5292509422,3.7,0.5,sell,False,2022-11-02T15:44:43.131792+00:00
497,5292464274,3.711,0.5,buy,False,2022-11-02T15:32:26.735500+00:00
498,5292464072,3.7,0.5,buy,False,2022-11-02T15:32:22.182683+00:00
499,5292445891,3.688,0.5,sell,False,2022-11-02T15:27:33.543588+00:00
500,5292445787,3.696,135.5,buy,False,2022-11-02T15:27:31.863282+00:00
501,5292445183,3.696,135.5,buy,False,2022-11-02T15:27:16.730755+00:00
502,5292444849,3.706,41.6,buy,False,2022-11-02T15:27:08.910265+00:00
503,5292444848,3.705,144.5,buy,False,2022-11-02T15:27:08.910265+00:00
504,5292444847,3.7,0.5,buy,False,2022-11-02T15:27:08.910265+00:00
505,5292443731,3.678,619.2,sell,False,2022-11-02T15:26:51.904663+00:00
506,5292443730,3.688,0.5,sell,False,2022-11-02T15:26:51.904663+00:00
507,5292441521,3.706,113.0,buy,False,2022-11-02T15:26:00.646037+00:00
508,5292439907,3.706,473.6,buy,False,2022-11-02T15:25:33.484857+00:00
509,5292439906,3.7,0.5,buy,False,2022-11-02T15:25:33.484857+00:00
510,5292439905,3.688,0.5,buy,False,2022-11-02T15:25:33.484857+00:00
511,5292404599,3.677,0.5,sell,False,2022-11-02T15:17:01.959105+00:00
512,5292386510,3.688,0.5,sell,False,2022-11-02T15:13:42.926873+00:00
513,5292385304,3.7,0.5,sell,False,2022-11-02T15:13:28.813551+00:00
514,5292384525,3.711,0.5,sell,False,2022-11-02T15:13:17.837286+00:00
515,5292382922,3.722,0.5,sell,False,2022-11-02T15:13:01.832972+00:00
516,5292360752,3.733,0.5,sell,False,2022-11-02T15:08:10.157417+00:00
517,5292353239,3.745,0.5,sell,False,2022-11-02T15:06:09.325733+00:00
518,5292336218,3.756,0.5,sell,False,2022-11-02T15:03:20.927692+00:00
519,5292329963,3.767,0.5,sell,False,2022-11-02T15:02:05.902673+00:00
520,5292316187,3.779,0.5,sell,False,2022-11-02T14:59:42.351355+00:00
521,5292284178,3.79,0.5,sell,False,2022-11-02T14:52:31.207604+00:00
522,5292279112,3.802,0.5,sell,False,2022-11-02T14:51:18.692999+00:00
523,5292258312,3.813,0.5,buy,False,2022-11-02T14:47:34.018759+00:00
524,5292249182,3.802,0.5,buy,False,2022-11-02T14:46:17.831012+00:00
525,5292223494,3.79,0.5,sell,False,2022-11-02T14:42:46.906288+00:00
526,5292205321,3.802,0.5,buy,False,2022-11-02T14:38:33.212280+00:00
527,5292204467,3.791,4.8,buy,False,2022-11-02T14:38:22.981847+00:00
528,5292204392,3.791,7.9,buy,False,2022-11-02T14:38:22.330298+00:00
529,5292204391,3.79,0.5,buy,False,2022-11-02T14:38:22.330298+00:00
530,5292203921,3.779,0.5,buy,False,2022-11-02T14:38:19.989499+00:00
531,5292203581,3.767,0.5,buy,False,2022-11-02T14:38:16.475942+00:00
532,5292152171,3.756,0.5,sell,False,2022-11-02T14:29:16.605773+00:00
533,5292151445,3.767,0.5,sell,False,2022-11-02T14:29:06.509140+00:00
534,5292105167,3.779,0.5,sell,False,2022-11-02T14:20:53.340003+00:00
535,5292098716,3.79,0.5,sell,False,2022-11-02T14:19:50.150739+00:00
536,5292076843,3.802,0.5,sell,False,2022-11-02T14:16:08.191918+00:00
537,5292076502,3.813,0.5,sell,False,2022-11-02T14:16:05.757002+00:00
538,5292065346,3.825,0.5,sell,False,2022-11-02T14:14:35.295852+00:00
539,5292033950,3.836,0.5,sell,False,2022-11-02T14:12:17.362359+00:00
540,5292024673,3.848,0.5,buy,False,2022-11-02T14:10:24.854776+00:00
541,5291971238,3.836,0.5,buy,False,2022-11-02T14:00:16.406997+00:00
542,5291970988,3.825,0.5,buy,False,2022-11-02T14:00:11.769183+00:00
543,5291966747,3.813,0.5,buy,False,2022-11-02T13:59:01.842536+00:00
544,5291959021,3.802,0.5,sell,False,2022-11-02T13:57:02.114341+00:00
545,5291940828,3.813,0.5,sell,False,2022-11-02T13:53:05.412276+00:00
546,5291940344,3.825,0.5,sell,False,2022-11-02T13:53:00.857346+00:00
547,5291940056,3.836,0.5,sell,False,2022-11-02T13:52:56.607274+00:00
548,5291938450,3.848,0.4,sell,False,2022-11-02T13:52:37.836918+00:00
549,5291935740,3.859,0.4,buy,False,2022-11-02T13:52:07.534663+00:00
550,5291928553,3.848,0.4,sell,False,2022-11-02T13:50:58.977621+00:00
551,5291924703,3.859,0.4,sell,False,2022-11-02T13:50:03.305599+00:00
552,5291917130,3.871,0.4,sell,False,2022-11-02T13:48:34.016956+00:00
553,5291910293,3.883,0.4,buy,False,2022-11-02T13:47:26.511687+00:00
554,5291903136,3.871,0.4,buy,False,2022-11-02T13:45:59.777307+00:00
555,5291903066,3.859,0.4,buy,False,2022-11-02T13:45:58.973300+00:00
556,5291900152,3.848,0.4,sell,False,2022-11-02T13:45:35.308350+00:00
557,5291898946,3.859,0.4,sell,False,2022-11-02T13:45:18.691549+00:00
558,5291897344,3.871,0.4,sell,False,2022-11-02T13:45:05.281366+00:00
559,5291894517,3.883,0.4,buy,False,2022-11-02T13:44:29.941711+00:00
560,5291892711,3.871,0.4,buy,False,2022-11-02T13:44:07.708403+00:00
561,5291891919,3.859,0.4,buy,False,2022-11-02T13:43:58.119395+00:00
562,5291890601,3.848,0.4,sell,False,2022-11-02T13:43:36.448479+00:00
563,5291888312,3.859,0.4,sell,False,2022-11-02T13:43:16.866712+00:00
564,5291872826,3.871,0.4,buy,False,2022-11-02T13:40:31.775029+00:00
565,5291871069,3.859,0.4,buy,False,2022-11-02T13:40:11.922837+00:00
566,5291869231,3.848,0.5,buy,False,2022-11-02T13:39:56.682267+00:00
567,5291863731,3.836,0.5,sell,False,2022-11-02T13:39:00.632951+00:00
568,5291859185,3.848,0.5,buy,False,2022-11-02T13:38:08.692536+00:00
569,5291859048,3.836,0.5,buy,False,2022-11-02T13:38:05.602288+00:00
570,5291858449,3.825,0.5,buy,False,2022-11-02T13:37:56.800241+00:00
571,5291856436,3.813,0.5,buy,False,2022-11-02T13:37:35.238259+00:00
572,5291855676,3.802,0.5,buy,False,2022-11-02T13:37:26.563765+00:00
573,5291849516,3.79,0.5,buy,False,2022-11-02T13:36:28.421840+00:00
574,5291847664,3.779,0.5,buy,False,2022-11-02T13:36:13.804567+00:00
575,5291846112,3.767,0.5,buy,False,2022-11-02T13:36:06.606916+00:00
576,5291844037,3.756,0.5,buy,False,2022-11-02T13:36:03.413293+00:00
577,5291843761,3.745,0.5,buy,False,2022-11-02T13:36:00.806027+00:00
578,5291842279,3.733,0.5,buy,False,2022-11-02T13:35:50.683368+00:00
579,5291836972,3.722,0.5,sell,False,2022-11-02T13:35:08.180984+00:00
580,5291835734,3.733,0.5,sell,False,2022-11-02T13:35:00.569606+00:00
581,5291835733,3.745,0.5,sell,False,2022-11-02T13:35:00.569606+00:00
582,5291796357,3.756,0.5,sell,False,2022-11-02T13:31:04.912576+00:00
583,5291793030,3.767,0.5,sell,False,2022-11-02T13:30:48.334899+00:00
584,5291789032,3.779,0.5,sell,False,2022-11-02T13:30:12.529032+00:00
585,5291788914,3.79,0.5,sell,False,2022-11-02T13:30:11.636611+00:00
586,5291035277,3.802,0.5,buy,False,2022-11-02T11:00:30.566206+00:00
587,5291033793,3.79,0.5,buy,False,2022-11-02T11:00:16.505106+00:00
588,5291033127,3.779,0.5,buy,False,2022-11-02T11:00:10.640039+00:00
589,5291029854,3.767,0.5,sell,False,2022-11-02T10:59:26.250978+00:00
590,5291028795,3.779,0.5,sell,False,2022-11-02T10:59:07.638706+00:00
591,5291028575,3.79,0.5,sell,False,2022-11-02T10:59:03.136220+00:00
592,5291028409,3.802,3.6,sell,False,2022-11-02T10:59:00.026562+00:00
593,5291028408,3.802,0.5,sell,False,2022-11-02T10:59:00.026562+00:00
594,5285492217,3.813,0.5,sell,False,2022-11-01T19:59:56.401777+00:00
595,5285395380,3.825,0.5,sell,False,2022-11-01T19:39:21.319668+00:00
596,5285347840,3.836,0.5,sell,False,2022-11-01T19:27:09.451764+00:00
597,5285335358,3.848,0.5,buy,False,2022-11-01T19:24:20.196381+00:00
598,5285335080,3.836,0.5,buy,False,2022-11-01T19:24:13.512480+00:00
599,5285123160,3.825,0.5,sell,False,2022-11-01T18:33:31.975291+00:00
600,5285083732,3.836,100.6,sell,False,2022-11-01T18:25:06.875990+00:00
601,5285083731,3.836,0.5,sell,False,2022-11-01T18:25:06.875990+00:00
602,5284845202,3.848,0.4,sell,False,2022-11-01T17:39:02.526040+00:00
603,5284829084,3.859,0.4,sell,False,2022-11-01T17:35:45.563105+00:00
604,5284822890,3.871,0.4,sell,False,2022-11-01T17:34:41.924322+00:00
605,5284807990,3.883,0.4,sell,False,2022-11-01T17:31:37.942529+00:00
606,5284762925,3.895,0.4,buy,False,2022-11-01T17:20:39.605347+00:00
607,5284757398,3.883,0.4,buy,False,2022-11-01T17:19:19.461376+00:00
608,5284715890,3.871,0.4,buy,False,2022-11-01T17:11:08.177019+00:00
609,5284653738,3.859,0.4,sell,False,2022-11-01T16:57:22.631549+00:00
610,5284637585,3.871,0.4,buy,False,2022-11-01T16:54:08.895516+00:00
611,5284632443,3.859,0.4,buy,False,2022-11-01T16:53:07.723420+00:00
612,5284588461,3.848,0.5,buy,False,2022-11-01T16:47:07.865335+00:00
613,5284556572,3.836,0.5,sell,False,2022-11-01T16:40:20.632130+00:00
614,5284548179,3.848,0.4,sell,False,2022-11-01T16:38:37.942459+00:00
615,5284534225,3.859,0.4,sell,False,2022-11-01T16:36:26.013602+00:00
616,5284530754,3.871,0.4,sell,False,2022-11-01T16:36:08.430339+00:00
617,5284509890,3.883,0.4,buy,False,2022-11-01T16:33:17.200806+00:00
618,5284507717,3.871,0.4,buy,False,2022-11-01T16:32:58.894522+00:00
619,5284506817,3.859,0.4,buy,False,2022-11-01T16:32:51.731850+00:00
620,5284506277,3.848,0.5,buy,False,2022-11-01T16:32:46.633834+00:00
621,5284483943,3.836,0.5,buy,False,2022-11-01T16:30:34.964445+00:00
622,5284448686,3.825,0.5,buy,False,2022-11-01T16:25:38.023952+00:00
623,5284364995,3.813,0.5,sell,False,2022-11-01T16:09:53.308455+00:00
624,5284336728,3.825,0.5,buy,False,2022-11-01T16:06:38.456423+00:00
625,5284330133,3.813,0.5,buy,False,2022-11-01T16:06:09.826311+00:00
626,5284311442,3.802,0.5,sell,False,2022-11-01T16:03:24.392567+00:00
627,5284247599,3.813,0.5,buy,False,2022-11-01T15:49:40.237393+00:00
628,5284222985,3.802,0.5,sell,False,2022-11-01T15:44:34.362684+00:00
629,5284197548,3.813,0.5,sell,False,2022-11-01T15:39:37.236647+00:00
630,5284153160,3.825,0.5,buy,False,2022-11-01T15:30:56.967637+00:00
631,5284121381,3.813,0.5,sell,False,2022-11-01T15:24:52.830269+00:00
632,5284095746,3.825,0.5,sell,False,2022-11-01T15:19:54.449520+00:00
633,5284061951,3.836,0.5,buy,False,2022-11-01T15:13:55.558636+00:00
634,5284056046,3.825,0.5,buy,False,2022-11-01T15:12:56.687577+00:00
635,5284054304,3.813,0.5,buy,False,2022-11-01T15:12:37.878647+00:00
636,5284029532,3.802,0.5,sell,False,2022-11-01T15:08:21.111357+00:00
637,5284003439,3.813,0.5,buy,False,2022-11-01T15:03:39.803314+00:00
638,5283968223,3.802,0.5,sell,False,2022-11-01T14:58:22.408043+00:00
639,5283965395,3.813,0.5,sell,False,2022-11-01T14:58:03.377152+00:00
640,5283931753,3.825,0.5,buy,False,2022-11-01T14:50:48.797437+00:00
641,5283908782,3.813,0.5,buy,False,2022-11-01T14:46:10.583428+00:00
642,5283896941,3.802,0.5,sell,False,2022-11-01T14:44:38.296568+00:00
643,5283878087,3.813,0.5,sell,False,2022-11-01T14:41:15.183882+00:00
644,5283866868,3.825,0.5,sell,False,2022-11-01T14:40:04.002394+00:00
645,5283864055,3.836,0.5,sell,False,2022-11-01T14:39:46.680143+00:00
646,5283857025,3.848,0.4,sell,False,2022-11-01T14:38:49.464665+00:00
647,5283843230,3.859,0.4,buy,False,2022-11-01T14:36:18.500358+00:00
648,5283832141,3.848,0.5,buy,False,2022-11-01T14:34:55.080639+00:00
649,5283826593,3.836,0.5,buy,False,2022-11-01T14:34:21.253479+00:00
650,5283818796,3.825,0.5,sell,False,2022-11-01T14:33:09.579365+00:00
651,5283799896,3.836,0.5,sell,False,2022-11-01T14:30:10.971435+00:00
652,5283767188,3.848,0.4,sell,False,2022-11-01T14:25:26.101768+00:00
653,5283764036,3.859,0.4,sell,False,2022-11-01T14:25:02.818372+00:00
654,5283181423,3.826,99.4,sell,False,2022-11-01T13:31:13.033212+00:00
655,5283181422,3.833,0.6,sell,False,2022-11-01T13:31:13.033212+00:00
656,5282918478,3.938,20.0,sell,False,2022-11-01T12:41:44.906885+00:00
657,5282799061,4.161,120.1,buy,False,2022-11-01T12:20:28.224111+00:00
658,5282637149,4.081,0.1,buy,False,2022-11-01T11:59:43.848947+00:00
659,5282637112,4.081,4.3,buy,False,2022-11-01T11:59:43.319778+00:00
660,5280039528,4.07,24.3,sell,False,2022-11-01T05:30:49.444600+00:00
661,5279987603,4.065,66.1,sell,False,2022-11-01T05:21:42.781585+00:00
662,5276473076,4.138,2.1,buy,False,2022-10-31T19:20:09.778318+00:00
663,5276473050,4.138,5.2,buy,False,2022-10-31T19:20:09.181693+00:00
664,5276472992,4.138,6.2,buy,False,2022-10-31T19:20:08.527001+00:00
665,5276472918,4.138,6.5,buy,False,2022-10-31T19:20:07.987931+00:00
666,5276203418,4.167,41.3,buy,False,2022-10-31T18:36:50.215029+00:00
667,5276108294,4.051,40.0,sell,False,2022-10-31T18:24:16.628380+00:00
668,5276082975,4.081,50.0,sell,False,2022-10-31T18:19:54.798620+00:00
669,5276068358,4.11,6.7,sell,False,2022-10-31T18:16:53.921381+00:00
670,5276068309,4.11,33.4,sell,False,2022-10-31T18:16:53.371404+00:00
671,5276068239,4.11,31.7,sell,False,2022-10-31T18:16:52.840048+00:00
672,5276068140,4.11,29.4,sell,False,2022-10-31T18:16:52.300818+00:00
673,5275712511,4.083,876.4,sell,False,2022-10-31T17:19:19.016102+00:00
674,5275712510,4.084,199.2,sell,False,2022-10-31T17:19:19.016102+00:00
675,5275712509,4.1,924.4,sell,False,2022-10-31T17:19:19.016102+00:00
676,5275376918,4.028,89.4,buy,False,2022-10-31T16:35:32.179676+00:00
677,5275376917,4.027,10.6,buy,False,2022-10-31T16:35:32.179676+00:00
678,5274812380,4.037,5.0,sell,False,2022-10-31T15:45:51.793330+00:00
679,5274812323,4.037,5.6,sell,False,2022-10-31T15:45:51.242035+00:00
680,5274792435,4.1,6.3,buy,False,2022-10-31T15:42:43.254298+00:00
681,5274792378,4.1,13.7,buy,False,2022-10-31T15:42:42.719939+00:00
682,5274781322,4.051,1.0,buy,False,2022-10-31T15:40:57.496932+00:00
683,5274779800,4.041,1.0,sell,False,2022-10-31T15:40:40.291828+00:00
684,5274686763,4.035,0.5,sell,False,2022-10-31T15:27:44.882949+00:00
685,5274684389,4.035,0.5,buy,False,2022-10-31T15:27:23.304941+00:00
686,5274681042,4.0,30.0,buy,False,2022-10-31T15:26:54.233774+00:00
687,5274678273,3.951,0.9,sell,False,2022-10-31T15:26:29.746284+00:00
688,5274674925,3.92,5.5,buy,False,2022-10-31T15:26:02.856544+00:00
689,5274674882,3.92,13.3,buy,False,2022-10-31T15:26:02.284797+00:00
690,5274674832,3.92,11.2,buy,False,2022-10-31T15:26:01.744747+00:00
691,5274654415,3.864,113.1,buy,False,2022-10-31T15:23:06.413140+00:00
692,5274654414,3.859,86.9,buy,False,2022-10-31T15:23:06.413140+00:00
693,5274650560,3.84,0.5,sell,False,2022-10-31T15:22:38.945610+00:00
694,5274648718,3.86,2.3,buy,False,2022-10-31T15:22:22.275251+00:00
695,5274648591,3.86,3.8,buy,False,2022-10-31T15:22:21.705542+00:00
696,5274648404,3.841,2.8,buy,False,2022-10-31T15:22:19.714168+00:00
697,5274648357,3.84,35.7,buy,False,2022-10-31T15:22:19.174574+00:00
698,5274648297,3.84,38.0,buy,False,2022-10-31T15:22:18.631286+00:00
699,5274648210,3.84,42.4,buy,False,2022-10-31T15:22:18.086865+00:00
700,5274628923,3.764,2.3,buy,False,2022-10-31T15:20:08.487557+00:00
701,5274409323,3.713,502.5,sell,False,2022-10-31T14:58:39.302695+00:00
702,5273135791,3.692,8.9,buy,False,2022-10-31T13:40:04.292950+00:00
703,5272530331,3.594,31.7,buy,False,2022-10-31T12:23:39.973442+00:00
704,5271577181,3.55,0.2,sell,False,2022-10-31T10:15:37.233750+00:00
705,5255985883,3.605,23.0,sell,False,2022-10-29T17:32:23.864399+00:00
706,5255985882,3.605,92.0,sell,False,2022-10-29T17:32:23.864399+00:00
707,5238488273,3.484,25.0,sell,False,2022-10-27T20:28:49.354773+00:00
708,5238456154,3.486,69.6,sell,False,2022-10-27T20:26:56.663888+00:00
709,5238456153,3.5,0.4,sell,False,2022-10-27T20:26:56.663888+00:00
710,5235334408,3.642,44.0,sell,False,2022-10-27T13:41:07.843359+00:00
711,5235334260,3.642,57.3,sell,False,2022-10-27T13:41:07.315851+00:00
712,5235225625,3.679,8.8,buy,False,2022-10-27T13:29:09.346566+00:00
713,5228178616,3.624,0.3,buy,False,2022-10-26T19:01:47.227494+00:00
714,5228167945,3.624,6.3,buy,False,2022-10-26T19:00:21.367569+00:00
715,5226538146,3.74,10.0,buy,False,2022-10-26T15:25:00.219990+00:00
716,5226165903,3.701,5.5,sell,False,2022-10-26T14:47:13.106800+00:00
717,5226160065,3.713,2.7,buy,False,2022-10-26T14:46:44.016292+00:00
718,5225234091,3.66,10.0,buy,False,2022-10-26T13:51:32.179056+00:00
719,5225224217,3.643,8.7,buy,False,2022-10-26T13:50:33.467394+00:00
720,5225224176,3.643,10.5,buy,False,2022-10-26T13:50:32.883970+00:00
721,5225224142,3.643,11.6,buy,False,2022-10-26T13:50:32.357963+00:00
722,5225146632,3.571,4.4,sell,False,2022-10-26T13:43:09.187555+00:00
723,5225146550,3.571,4.3,sell,False,2022-10-26T13:43:08.651441+00:00
724,5225138815,3.604,10.0,buy,False,2022-10-26T13:42:16.262812+00:00
725,5223900431,3.632,67.6,buy,False,2022-10-26T10:38:25.759621+00:00
726,5223180835,3.622,2.8,buy,False,2022-10-26T08:41:39.399857+00:00
727,5222185314,3.525,0.9,buy,False,2022-10-26T06:32:11.449092+00:00
728,5222185298,3.45,9.2,buy,False,2022-10-26T06:32:11.304368+00:00
729,5222185295,3.467,133.8,sell,False,2022-10-26T06:32:11.226576+00:00
730,5222185294,3.48,114.0,sell,False,2022-10-26T06:32:11.226576+00:00
731,5222185293,3.481,98.0,sell,False,2022-10-26T06:32:11.226576+00:00
732,5222185292,3.482,55.8,sell,False,2022-10-26T06:32:11.226576+00:00
733,5222185291,3.497,89.2,sell,False,2022-10-26T06:32:11.226576+00:00
734,5218089791,3.65,1.0,buy,False,2022-10-25T19:06:56.282392+00:00
735,5217278652,3.65,1.0,buy,False,2022-10-25T18:09:59.190388+00:00
736,5217211037,3.64,1.0,buy,False,2022-10-25T18:04:11.922840+00:00
737,5214978383,3.586,1.8,buy,False,2022-10-25T15:47:46.250992+00:00
738,5214978301,3.586,4.3,buy,False,2022-10-25T15:47:45.605512+00:00
739,5214252796,3.57,1.4,buy,False,2022-10-25T14:26:26.048497+00:00
740,5214252755,3.57,4.8,buy,False,2022-10-25T14:26:25.511012+00:00
741,5214252717,3.57,3.8,buy,False,2022-10-25T14:26:24.834899+00:00
742,5213906650,3.46,5.6,buy,False,2022-10-25T13:52:20.512605+00:00
743,5213906484,3.46,4.4,buy,False,2022-10-25T13:52:19.881774+00:00
744,5213809195,3.4,4.4,buy,False,2022-10-25T13:45:03.509819+00:00
745,5213809091,3.4,5.6,buy,False,2022-10-25T13:45:02.810141+00:00
746,5213770608,3.34,13.9,buy,False,2022-10-25T13:40:26.063882+00:00
747,5213770574,3.34,17.5,buy,False,2022-10-25T13:40:25.535355+00:00
748,5213770495,3.34,14.4,buy,False,2022-10-25T13:40:24.952541+00:00
749,5213730735,3.318,3.0,buy,False,2022-10-25T13:35:59.768520+00:00
750,5213719158,3.286,3.0,buy,False,2022-10-25T13:35:02.180368+00:00
751,5208127320,3.15,0.3,sell,False,2022-10-24T14:24:16.589062+00:00
752,5208103455,3.158,3.2,sell,False,2022-10-24T14:22:28.356855+00:00
753,5208103454,3.158,3.2,sell,False,2022-10-24T14:22:28.356855+00:00
754,5207811160,3.239,62.5,sell,False,2022-10-24T13:54:04.849544+00:00
755,5207797336,3.239,23.8,sell,False,2022-10-24T13:52:12.249955+00:00
756,5207797335,3.245,38.7,sell,False,2022-10-24T13:52:12.249955+00:00
757,5207154593,3.375,3.6,buy,False,2022-10-24T12:07:26.715786+00:00
758,5207154567,3.375,4.5,buy,False,2022-10-24T12:07:26.178906+00:00
759,5207154531,3.375,4.1,buy,False,2022-10-24T12:07:25.650845+00:00
760,5207154510,3.375,4.0,buy,False,2022-10-24T12:07:25.117304+00:00
761,5207154495,3.375,3.8,buy,False,2022-10-24T12:07:24.569487+00:00
762,5206586380,3.362,90.0,buy,False,2022-10-24T09:57:20.980876+00:00
763,5206577521,3.356,8.3,buy,False,2022-10-24T09:55:13.301566+00:00
764,5206577520,3.333,91.7,buy,False,2022-10-24T09:55:13.301566+00:00
765,5206572624,3.356,3.9,buy,False,2022-10-24T09:54:26.344352+00:00
766,5206572623,3.332,96.1,buy,False,2022-10-24T09:54:26.344352+00:00
767,5206565452,3.287,88.1,sell,False,2022-10-24T09:53:44.575588+00:00
768,5206565451,3.297,143.5,sell,False,2022-10-24T09:53:44.575588+00:00
769,5206565450,3.298,214.1,sell,False,2022-10-24T09:53:44.575588+00:00
770,5206565449,3.299,93.9,sell,False,2022-10-24T09:53:44.575588+00:00
771,5192482574,3.359,1.0,buy,False,2022-10-21T17:57:17.885515+00:00
772,5192331069,3.369,1.0,buy,False,2022-10-21T17:24:39.767331+00:00
773,5192231876,3.369,1.0,buy,False,2022-10-21T17:05:06.078398+00:00
774,5191848658,3.369,1.0,buy,False,2022-10-21T16:04:57.396314+00:00
775,5191824605,3.369,1.0,buy,False,2022-10-21T16:03:15.501613+00:00
776,5191822419,3.369,1.0,buy,False,2022-10-21T16:03:04.792093+00:00
777,5191816188,3.369,1.0,buy,False,2022-10-21T16:02:36.057276+00:00
778,5191760817,3.349,1.0,buy,False,2022-10-21T15:59:14.142899+00:00
779,5191735104,3.349,1.0,buy,False,2022-10-21T15:57:45.763836+00:00
780,5191722158,3.339,1.0,buy,False,2022-10-21T15:56:13.899912+00:00
781,5191679219,3.349,1.0,buy,False,2022-10-21T15:50:19.793930+00:00
782,5191674839,3.349,0.2,buy,False,2022-10-21T15:49:32.238844+00:00
783,5191581202,3.339,8.8,buy,False,2022-10-21T15:33:24.063950+00:00
784,5191495562,3.278,1.4,buy,False,2022-10-21T15:18:39.238852+00:00
785,5191492893,3.278,3.6,buy,False,2022-10-21T15:17:53.378355+00:00
786,5191019491,3.26,8.0,buy,False,2022-10-21T14:04:53.693325+00:00
787,5191019315,3.26,11.2,buy,False,2022-10-21T14:04:53.066961+00:00
788,5191019202,3.26,8.2,buy,False,2022-10-21T14:04:52.523393+00:00
789,5191019177,3.26,5.7,buy,False,2022-10-21T14:04:51.994002+00:00
790,5191019176,3.26,3.2,buy,False,2022-10-21T14:04:51.994002+00:00
791,5191019140,3.26,7.4,buy,False,2022-10-21T14:04:51.464014+00:00
792,5191019117,3.26,7.4,buy,False,2022-10-21T14:04:50.933838+00:00
793,5191019092,3.26,8.4,buy,False,2022-10-21T14:04:50.393494+00:00
794,5191019049,3.26,8.5,buy,False,2022-10-21T14:04:49.730603+00:00
795,5191018969,3.26,7.2,buy,False,2022-10-21T14:04:49.198557+00:00
796,5191018933,3.26,7.4,buy,False,2022-10-21T14:04:48.663416+00:00
797,5191018907,3.26,7.1,buy,False,2022-10-21T14:04:48.124425+00:00
798,5191018867,3.26,5.4,buy,False,2022-10-21T14:04:47.584343+00:00
799,5191018809,3.26,5.3,buy,False,2022-10-21T14:04:46.968037+00:00
800,5191018764,3.26,4.6,buy,False,2022-10-21T14:04:46.305403+00:00
801,5191018718,3.26,4.7,buy,False,2022-10-21T14:04:45.765152+00:00
802,5191018679,3.26,4.8,buy,False,2022-10-21T14:04:45.231875+00:00
803,5191018549,3.26,3.9,buy,False,2022-10-21T14:04:44.701234+00:00
804,5191018451,3.26,4.0,buy,False,2022-10-21T14:04:44.013767+00:00
805,5191018400,3.26,4.7,buy,False,2022-10-21T14:04:43.478712+00:00
806,5191018305,3.26,6.0,buy,False,2022-10-21T14:04:42.950510+00:00
807,5190978422,3.27,5.2,buy,False,2022-10-21T14:00:16.439221+00:00
808,5190978164,3.27,5.1,buy,False,2022-10-21T14:00:15.890775+00:00
809,5190977949,3.27,5.6,buy,False,2022-10-21T14:00:15.359656+00:00
810,5190977775,3.27,5.8,buy,False,2022-10-21T14:00:14.831505+00:00
811,5190914713,3.27,6.8,buy,False,2022-10-21T13:53:54.542003+00:00
812,5190914571,3.27,5.3,buy,False,2022-10-21T13:53:54.006461+00:00
813,5190914505,3.27,5.5,buy,False,2022-10-21T13:53:53.477401+00:00
814,5190914445,3.27,7.5,buy,False,2022-10-21T13:53:52.949427+00:00
815,5190914345,3.27,4.2,buy,False,2022-10-21T13:53:52.414658+00:00
816,5190907987,3.26,5.9,buy,False,2022-10-21T13:53:29.677691+00:00
817,5190907799,3.26,9.9,buy,False,2022-10-21T13:53:29.118216+00:00
818,5188573364,3.27,0.8,sell,False,2022-10-21T07:34:38.393747+00:00
819,5188573342,3.27,3.9,sell,False,2022-10-21T07:34:37.663808+00:00
820,5188573341,3.27,3.9,sell,False,2022-10-21T07:34:37.654562+00:00
821,5188573312,3.27,4.1,sell,False,2022-10-21T07:34:36.923103+00:00
822,5188573297,3.27,3.8,sell,False,2022-10-21T07:34:36.393491+00:00
823,5188573258,3.27,4.8,sell,False,2022-10-21T07:34:35.866535+00:00
824,5188573231,3.27,5.1,sell,False,2022-10-21T07:34:35.339134+00:00
825,5188573173,3.27,4.4,sell,False,2022-10-21T07:34:34.789809+00:00
826,5188414640,3.237,5.0,sell,False,2022-10-21T06:59:33.701276+00:00
827,5184294421,3.439,1.0,buy,False,2022-10-20T14:59:01.047456+00:00
828,5184262459,3.421,3.0,buy,False,2022-10-20T14:50:39.152040+00:00
829,5184248050,3.391,2.9,buy,False,2022-10-20T14:46:57.392329+00:00
830,5183922690,3.339,10.0,buy,False,2022-10-20T13:52:30.833415+00:00
831,5183227734,3.27,1.0,buy,False,2022-10-20T11:15:37.647439+00:00
832,5183225789,3.27,1.0,buy,False,2022-10-20T11:15:06.687775+00:00
833,5183219010,3.27,1.0,buy,False,2022-10-20T11:13:01.738338+00:00
834,5183200240,3.265,1.0,buy,False,2022-10-20T11:08:36.448447+00:00
835,5183153164,3.261,1.0,buy,False,2022-10-20T10:57:21.040519+00:00
836,5183123006,3.257,1.0,buy,False,2022-10-20T10:51:45.032821+00:00
837,5183065065,3.25,1.0,buy,False,2022-10-20T10:41:51.899469+00:00
838,5183027425,3.243,1.0,buy,False,2022-10-20T10:37:05.872603+00:00
839,5183015045,3.24,1.0,buy,False,2022-10-20T10:34:16.960332+00:00
840,5183013934,3.24,1.0,buy,False,2022-10-20T10:33:47.723932+00:00
841,5182960887,3.234,1.0,buy,False,2022-10-20T10:17:47.284714+00:00
842,5182691549,3.229,1.0,buy,False,2022-10-20T09:08:10.596288+00:00
843,5182547214,3.241,1.0,buy,False,2022-10-20T08:25:57.532613+00:00
844,5182488034,3.224,1.0,buy,False,2022-10-20T08:04:33.346677+00:00
845,5182334258,3.226,3.1,buy,False,2022-10-20T07:15:13.232762+00:00
846,5182331205,3.224,3.2,buy,False,2022-10-20T07:14:12.788254+00:00
847,5182304841,3.22,1.8,sell,False,2022-10-20T07:06:04.939771+00:00
848,5182017179,3.25,1.0,buy,False,2022-10-20T05:37:50.107137+00:00
849,5178769727,3.288,1.0,buy,False,2022-10-19T17:45:13.215271+00:00
850,5177391814,3.326,1.8,sell,False,2022-10-19T13:32:25.505878+00:00
851,5175457047,3.396,0.6,buy,False,2022-10-19T06:26:35.860173+00:00
852,5172263329,3.388,10.0,buy,False,2022-10-18T18:28:50.231950+00:00
853,5171617408,3.338,10.0,buy,False,2022-10-18T15:57:44.289213+00:00
854,5171004107,3.378,60.0,sell,False,2022-10-18T14:31:20.437805+00:00
855,5169303485,3.508,28.8,buy,False,2022-10-18T08:29:18.429621+00:00
856,5169157223,3.488,28.6,buy,False,2022-10-18T07:49:36.932659+00:00
857,5166996596,3.42,3.2,buy,False,2022-10-17T22:27:31.433190+00:00
858,5166492560,3.429,58.3,buy,False,2022-10-17T19:44:24.857863+00:00
859,5166293740,3.432,145.6,buy,False,2022-10-17T18:38:17.124958+00:00
860,5165977997,3.473,88.8,buy,False,2022-10-17T17:17:31.745480+00:00
861,5165977332,3.473,180.0,buy,False,2022-10-17T17:17:22.503754+00:00
862,5165976837,3.473,189.6,buy,False,2022-10-17T17:17:12.861519+00:00
863,5165975914,3.473,100.2,buy,False,2022-10-17T17:16:50.114787+00:00
864,5165975911,3.483,827.7,sell,False,2022-10-17T17:16:50.040158+00:00
865,5165975910,3.486,30.5,sell,False,2022-10-17T17:16:50.040158+00:00
866,5165871793,3.5,2.0,buy,False,2022-10-17T16:48:42.193108+00:00
867,5165855914,3.38,10.0,buy,False,2022-10-17T16:46:18.883719+00:00
868,5165547782,3.33,1.0,buy,False,2022-10-17T15:41:34.161727+00:00
869,5165236873,3.3,0.1,sell,False,2022-10-17T14:46:19.130259+00:00
870,5165175776,3.34,1.7,buy,False,2022-10-17T14:33:30.528827+00:00
871,5165175742,3.34,4.4,buy,False,2022-10-17T14:33:29.921338+00:00
872,5165175707,3.34,3.9,buy,False,2022-10-17T14:33:29.206475+00:00
873,5165020307,3.3,0.1,buy,False,2022-10-17T14:07:19.234627+00:00
874,5165020190,3.3,4.5,buy,False,2022-10-17T14:07:18.670925+00:00
875,5165020018,3.3,4.5,buy,False,2022-10-17T14:07:18.002901+00:00
876,5165019982,3.3,4.4,buy,False,2022-10-17T14:07:17.469244+00:00
877,5165019932,3.3,4.6,buy,False,2022-10-17T14:07:16.936275+00:00
878,5165019888,3.3,5.0,buy,False,2022-10-17T14:07:16.403088+00:00
879,5165019824,3.3,4.5,buy,False,2022-10-17T14:07:15.863883+00:00
880,5165019709,3.3,4.9,buy,False,2022-10-17T14:07:15.332053+00:00
881,5165019661,3.3,4.7,buy,False,2022-10-17T14:07:14.804138+00:00
882,5165019643,3.3,5.0,buy,False,2022-10-17T14:07:14.260285+00:00
883,5165019602,3.3,5.2,buy,False,2022-10-17T14:07:13.730498+00:00
884,5165019575,3.3,4.6,buy,False,2022-10-17T14:07:13.132757+00:00
885,5165019538,3.3,5.4,buy,False,2022-10-17T14:07:12.597426+00:00
886,5165019488,3.3,4.6,buy,False,2022-10-17T14:07:11.997336+00:00
887,5165019198,3.3,5.5,buy,False,2022-10-17T14:07:11.464339+00:00
888,5165019175,3.3,4.7,buy,False,2022-10-17T14:07:10.918665+00:00
889,5165019141,3.3,5.3,buy,False,2022-10-17T14:07:10.206661+00:00
890,5165019091,3.3,5.4,buy,False,2022-10-17T14:07:09.676118+00:00
891,5165019032,3.3,4.4,buy,False,2022-10-17T14:07:09.135457+00:00
892,5165018984,3.3,4.3,buy,False,2022-10-17T14:07:08.604580+00:00
893,5165018912,3.3,4.4,buy,False,2022-10-17T14:07:08.068833+00:00
894,5165018121,3.3,93.5,buy,False,2022-10-17T14:07:02.663283+00:00
895,5165017638,3.3,85.2,buy,False,2022-10-17T14:06:57.564422+00:00
896,5165016604,3.3,94.9,buy,False,2022-10-17T14:06:52.153199+00:00
897,5165016266,3.3,86.6,buy,False,2022-10-17T14:06:46.790061+00:00
898,5165015847,3.3,95.6,buy,False,2022-10-17T14:06:41.363286+00:00
899,5165015538,3.3,80.9,buy,False,2022-10-17T14:06:36.560997+00:00
900,5165015235,3.3,80.1,buy,False,2022-10-17T14:06:32.856925+00:00
901,5165015204,3.3,95.5,buy,False,2022-10-17T14:06:32.327376+00:00
902,5165015183,3.3,71.0,buy,False,2022-10-17T14:06:31.792021+00:00
903,5165015124,3.3,8.9,buy,False,2022-10-17T14:06:31.321930+00:00
904,5165015065,3.3,9.4,buy,False,2022-10-17T14:06:30.793325+00:00
905,5165014727,3.3,4.1,buy,False,2022-10-17T14:06:26.024626+00:00
906,5165014602,3.3,3.7,buy,False,2022-10-17T14:06:25.440760+00:00
907,5165007503,3.3,5.4,buy,False,2022-10-17T14:05:28.514936+00:00
908,5165007474,3.3,4.7,buy,False,2022-10-17T14:05:27.982972+00:00
909,5165007362,3.3,5.1,buy,False,2022-10-17T14:05:27.425315+00:00
910,5165007294,3.3,4.5,buy,False,2022-10-17T14:05:26.797684+00:00
911,5165007241,3.3,4.7,buy,False,2022-10-17T14:05:26.102482+00:00
912,5165007193,3.3,4.5,buy,False,2022-10-17T14:05:25.569475+00:00
913,5165007114,3.3,5.6,buy,False,2022-10-17T14:05:25.030020+00:00
914,5165006809,3.3,4.3,buy,False,2022-10-17T14:05:24.492503+00:00
915,5165006743,3.3,4.8,buy,False,2022-10-17T14:05:23.951238+00:00
916,5165006680,3.3,5.3,buy,False,2022-10-17T14:05:23.416837+00:00
917,5165006634,3.3,4.9,buy,False,2022-10-17T14:05:22.845641+00:00
918,5164846440,3.294,44.8,buy,False,2022-10-17T13:42:13.461420+00:00
919,5164845735,3.294,47.4,buy,False,2022-10-17T13:42:10.454624+00:00
920,5164845400,3.294,37.8,buy,False,2022-10-17T13:42:08.064896+00:00
921,5164845102,3.294,49.3,buy,False,2022-10-17T13:42:04.754647+00:00
922,5164844614,3.294,47.5,buy,False,2022-10-17T13:42:01.760911+00:00
923,5164844074,3.294,58.6,buy,False,2022-10-17T13:41:58.238920+00:00
924,5164843474,3.294,62.8,buy,False,2022-10-17T13:41:54.268815+00:00
925,5164843319,3.294,64.2,buy,False,2022-10-17T13:41:52.281312+00:00
926,5164843289,3.294,61.2,buy,False,2022-10-17T13:41:51.750231+00:00
927,5164842580,3.294,4.6,buy,False,2022-10-17T13:41:44.842796+00:00
928,5164842547,3.294,3.9,buy,False,2022-10-17T13:41:44.307334+00:00
929,5164842158,3.294,37.8,buy,False,2022-10-17T13:41:39.854811+00:00
930,5164842016,3.294,46.7,buy,False,2022-10-17T13:41:36.857556+00:00
931,5164841281,3.294,54.3,buy,False,2022-10-17T13:41:33.251757+00:00
932,5164840884,3.294,53.3,buy,False,2022-10-17T13:41:29.946439+00:00
933,5164840321,3.294,63.3,buy,False,2022-10-17T13:41:26.061843+00:00
934,5164837889,3.294,202.7,buy,False,2022-10-17T13:41:15.854063+00:00
935,5164836701,3.294,204.2,buy,False,2022-10-17T13:41:05.750866+00:00
936,5164835289,3.294,214.0,buy,False,2022-10-17T13:40:55.160789+00:00
937,5164832977,3.294,229.0,buy,False,2022-10-17T13:40:44.079245+00:00
938,5164831131,3.294,185.1,buy,False,2022-10-17T13:40:34.540953+00:00
939,5164830580,3.294,33.2,buy,False,2022-10-17T13:40:32.378796+00:00
940,5164830074,3.294,25.1,buy,False,2022-10-17T13:40:30.560736+00:00
941,5164826490,3.294,132.7,buy,False,2022-10-17T13:40:23.145976+00:00
942,5164826087,3.294,31.6,buy,False,2022-10-17T13:40:21.068339+00:00
943,5164825708,3.294,19.6,buy,False,2022-10-17T13:40:19.853701+00:00
944,5164824751,3.294,18.0,buy,False,2022-10-17T13:40:18.256447+00:00
945,5164824540,3.294,18.5,buy,False,2022-10-17T13:40:17.057428+00:00
946,5164824240,3.294,18.0,buy,False,2022-10-17T13:40:15.848317+00:00
947,5164823538,3.294,17.6,buy,False,2022-10-17T13:40:14.648448+00:00
948,5164823243,3.294,20.4,buy,False,2022-10-17T13:40:13.170171+00:00
949,5164822600,3.294,19.7,buy,False,2022-10-17T13:40:11.958557+00:00
950,5164822421,3.294,17.7,buy,False,2022-10-17T13:40:10.743066+00:00
951,5164822322,3.294,11.7,buy,False,2022-10-17T13:40:09.854511+00:00
952,5164822130,3.294,14.1,buy,False,2022-10-17T13:40:08.944182+00:00
953,5164822046,3.294,14.2,buy,False,2022-10-17T13:40:08.128562+00:00
954,5164821948,3.294,15.8,buy,False,2022-10-17T13:40:06.880560+00:00
955,5164821752,3.294,18.2,buy,False,2022-10-17T13:40:05.663926+00:00
956,5164821646,3.294,20.0,buy,False,2022-10-17T13:40:04.166548+00:00
957,5164821139,3.294,19.4,buy,False,2022-10-17T13:40:02.668291+00:00
958,5164820997,3.294,19.3,buy,False,2022-10-17T13:40:01.495243+00:00
959,5164820810,3.294,22.4,buy,False,2022-10-17T13:39:59.970917+00:00
960,5164820726,3.294,22.2,buy,False,2022-10-17T13:39:58.459116+00:00
961,5164820602,3.294,22.2,buy,False,2022-10-17T13:39:56.956516+00:00
962,5164820467,3.294,24.8,buy,False,2022-10-17T13:39:55.261272+00:00
963,5164820436,3.294,25.9,buy,False,2022-10-17T13:39:54.727371+00:00
964,5164820416,3.294,23.9,buy,False,2022-10-17T13:39:54.192708+00:00
965,5164820384,3.294,25.6,buy,False,2022-10-17T13:39:53.647304+00:00
966,5164820316,3.294,27.5,buy,False,2022-10-17T13:39:53.114400+00:00
967,5164819284,3.294,22.6,buy,False,2022-10-17T13:39:44.643236+00:00
968,5164819144,3.294,25.2,buy,False,2022-10-17T13:39:42.847804+00:00
969,5164819046,3.294,23.1,buy,False,2022-10-17T13:39:41.457724+00:00
970,5164818789,3.294,22.3,buy,False,2022-10-17T13:39:39.847329+00:00
971,5164818667,3.294,17.7,buy,False,2022-10-17T13:39:38.647345+00:00
972,5164818242,3.294,157.2,buy,False,2022-10-17T13:39:30.242847+00:00
973,5164817664,3.294,151.9,buy,False,2022-10-17T13:39:22.157889+00:00
974,5164816798,3.294,133.6,buy,False,2022-10-17T13:39:14.706437+00:00
975,5164815657,3.294,105.3,buy,False,2022-10-17T13:39:08.667467+00:00
976,5164815254,3.294,121.5,buy,False,2022-10-17T13:39:04.379383+00:00
977,5164815129,3.294,29.5,buy,False,2022-10-17T13:39:03.931228+00:00
978,5164815039,3.294,29.9,buy,False,2022-10-17T13:39:03.398613+00:00
979,5164814995,3.294,15.2,buy,False,2022-10-17T13:39:02.850429+00:00
980,5164814955,3.294,14.9,buy,False,2022-10-17T13:39:02.247266+00:00
981,5164814923,3.294,13.5,buy,False,2022-10-17T13:39:01.721346+00:00
982,5164814849,3.294,12.8,buy,False,2022-10-17T13:39:01.187043+00:00
983,5164814665,3.294,14.2,buy,False,2022-10-17T13:39:00.604626+00:00
984,5164814628,3.294,14.1,buy,False,2022-10-17T13:38:59.973125+00:00
985,5164814574,3.294,15.4,buy,False,2022-10-17T13:38:59.443939+00:00
986,5164814512,3.294,17.3,buy,False,2022-10-17T13:38:58.909635+00:00
987,5163848064,3.254,4.4,buy,False,2022-10-17T09:57:34.777676+00:00
988,5163848046,3.254,6.5,buy,False,2022-10-17T09:57:34.225293+00:00
989,5163848026,3.254,4.0,buy,False,2022-10-17T09:57:33.693036+00:00
990,5148764951,3.293,5.2,buy,False,2022-10-14T13:31:04.037924+00:00
991,5148764920,3.293,4.8,buy,False,2022-10-14T13:31:03.185477+00:00
992,5143517746,3.255,0.6,buy,False,2022-10-13T19:29:40.623845+00:00
993,5143512626,3.255,0.9,buy,False,2022-10-13T19:28:29.718950+00:00
994,5141701376,3.243,1.5,buy,False,2022-10-13T15:21:20.154278+00:00
995,5141697576,3.24,10.0,buy,False,2022-10-13T15:21:10.263204+00:00
996,5141697575,3.21,176.9,buy,False,2022-10-13T15:21:10.263204+00:00
997,5141693309,3.21,209.7,buy,False,2022-10-13T15:20:59.458973+00:00
998,5141690085,3.21,187.8,buy,False,2022-10-13T15:20:49.564094+00:00
999,5141686286,3.21,192.6,buy,False,2022-10-13T15:20:39.375082+00:00
1000,5141680809,3.21,212.2,buy,False,2022-10-13T15:20:28.574721+00:00
1001,5141677726,3.21,225.8,buy,False,2022-10-13T15:20:17.165382+00:00
1002,5141675631,3.21,221.3,buy,False,2022-10-13T15:20:06.100207+00:00
1003,5141672770,3.21,206.8,buy,False,2022-10-13T15:19:55.352052+00:00
1004,5141670961,3.21,116.3,buy,False,2022-10-13T15:19:48.375052+00:00
1005,5141669746,3.21,125.8,buy,False,2022-10-13T15:19:41.158239+00:00
1006,5141668018,3.21,118.3,buy,False,2022-10-13T15:19:33.964011+00:00
1007,5141666561,3.21,124.4,buy,False,2022-10-13T15:19:26.755554+00:00
1008,5141664856,3.21,119.3,buy,False,2022-10-13T15:19:19.866467+00:00
1009,5141663527,3.21,120.4,buy,False,2022-10-13T15:19:12.662870+00:00
1010,5141662404,3.21,111.3,buy,False,2022-10-13T15:19:06.130395+00:00
1011,5141660594,3.21,124.1,buy,False,2022-10-13T15:18:58.846750+00:00
1012,5141659159,3.21,128.4,buy,False,2022-10-13T15:18:51.368701+00:00
1013,5141657298,3.21,130.4,buy,False,2022-10-13T15:18:43.872416+00:00
1014,5141655545,3.21,125.1,buy,False,2022-10-13T15:18:36.461085+00:00
1015,5141653702,3.21,124.4,buy,False,2022-10-13T15:18:29.171859+00:00
1016,5141651784,3.21,124.0,buy,False,2022-10-13T15:18:21.961734+00:00
1017,5141648466,3.21,157.7,buy,False,2022-10-13T15:18:13.368770+00:00
1018,5141643782,3.21,167.8,buy,False,2022-10-13T15:18:03.961891+00:00
1019,5141631617,3.21,105.2,buy,False,2022-10-13T15:17:44.364100+00:00
1020,5141631303,3.21,111.5,buy,False,2022-10-13T15:17:43.747556+00:00
1021,5141630980,3.21,111.1,buy,False,2022-10-13T15:17:43.239945+00:00
1022,5141630657,3.21,110.7,buy,False,2022-10-13T15:17:42.617128+00:00
1023,5141630409,3.21,121.3,buy,False,2022-10-13T15:17:42.094110+00:00
1024,5141630018,3.21,112.4,buy,False,2022-10-13T15:17:41.515078+00:00
1025,5141629850,3.21,16.3,buy,False,2022-10-13T15:17:41.214373+00:00
1026,5141629204,3.21,16.6,buy,False,2022-10-13T15:17:40.652178+00:00
1027,5141628732,3.21,7.2,buy,False,2022-10-13T15:17:40.147588+00:00
1028,5141628028,3.21,8.2,buy,False,2022-10-13T15:17:39.623221+00:00
1029,5141627724,3.21,7.7,buy,False,2022-10-13T15:17:39.084820+00:00
1030,5141627116,3.21,7.2,buy,False,2022-10-13T15:17:38.518957+00:00
1031,5141626760,3.21,7.8,buy,False,2022-10-13T15:17:37.886219+00:00
1032,5141626586,3.21,6.9,buy,False,2022-10-13T15:17:37.348410+00:00
1033,5141626432,3.21,7.8,buy,False,2022-10-13T15:17:36.809952+00:00
1034,5141626108,3.21,7.0,buy,False,2022-10-13T15:17:36.140421+00:00
1035,5141625910,3.21,7.3,buy,False,2022-10-13T15:17:35.609243+00:00
1036,5141625566,3.21,7.1,buy,False,2022-10-13T15:17:35.076400+00:00
1037,5141624994,3.21,7.2,buy,False,2022-10-13T15:17:34.539099+00:00
1038,5141624831,3.21,7.0,buy,False,2022-10-13T15:17:34.006854+00:00
1039,5141624653,3.21,6.5,buy,False,2022-10-13T15:17:33.474724+00:00
1040,5141624369,3.21,7.2,buy,False,2022-10-13T15:17:32.887572+00:00
1041,5141623995,3.21,7.5,buy,False,2022-10-13T15:17:32.241122+00:00
1042,5141623773,3.21,7.4,buy,False,2022-10-13T15:17:31.600381+00:00
1043,5141623528,3.21,7.2,buy,False,2022-10-13T15:17:31.062928+00:00
1044,5141623159,3.21,6.4,buy,False,2022-10-13T15:17:30.518330+00:00
1045,5141622927,3.21,6.2,buy,False,2022-10-13T15:17:29.963546+00:00
1046,5141622649,3.21,7.2,buy,False,2022-10-13T15:17:29.431050+00:00
1047,5141622476,3.21,6.0,buy,False,2022-10-13T15:17:29.111740+00:00
1048,5141622231,3.21,6.0,buy,False,2022-10-13T15:17:28.373501+00:00
1049,5141622051,3.21,6.2,buy,False,2022-10-13T15:17:27.823820+00:00
1050,5141621798,3.21,6.4,buy,False,2022-10-13T15:17:27.149197+00:00
1051,5141621620,3.21,6.6,buy,False,2022-10-13T15:17:26.640209+00:00
1052,5141621363,3.21,5.4,buy,False,2022-10-13T15:17:26.117223+00:00
1053,5141620965,3.21,5.5,buy,False,2022-10-13T15:17:25.560927+00:00
1054,5141620639,3.21,6.1,buy,False,2022-10-13T15:17:25.040638+00:00
1055,5141620251,3.21,6.0,buy,False,2022-10-13T15:17:24.473949+00:00
1056,5141619990,3.21,5.5,buy,False,2022-10-13T15:17:23.938587+00:00
1057,5141619437,3.21,5.3,buy,False,2022-10-13T15:17:23.403334+00:00
1058,5141619121,3.21,5.0,buy,False,2022-10-13T15:17:22.869846+00:00
1059,5141618809,3.21,5.5,buy,False,2022-10-13T15:17:22.339928+00:00
1060,5141618380,3.21,4.8,buy,False,2022-10-13T15:17:21.821288+00:00
1061,5141617664,3.21,4.7,buy,False,2022-10-13T15:17:21.257491+00:00
1062,5141617206,3.21,5.2,buy,False,2022-10-13T15:17:20.720916+00:00
1063,5141616492,3.21,5.4,buy,False,2022-10-13T15:17:20.214640+00:00
1064,5141615588,3.21,4.5,buy,False,2022-10-13T15:17:19.646894+00:00
1065,5141095238,3.16,3.2,buy,False,2022-10-13T14:16:33.125390+00:00
1066,5141095173,3.16,4.5,buy,False,2022-10-13T14:16:32.591731+00:00
1067,5141095040,3.16,4.2,buy,False,2022-10-13T14:16:31.959841+00:00
1068,5141094772,3.16,4.1,buy,False,2022-10-13T14:16:31.353120+00:00
1069,5141094705,3.16,4.0,buy,False,2022-10-13T14:16:30.823718+00:00
1070,5141087134,3.14,158.8,buy,False,2022-10-13T14:15:48.080463+00:00
1071,5141084918,3.14,204.3,buy,False,2022-10-13T14:15:37.862140+00:00
1072,5141083111,3.14,205.7,buy,False,2022-10-13T14:15:27.357546+00:00
1073,5141081458,3.14,203.9,buy,False,2022-10-13T14:15:16.863242+00:00
1074,5141079919,3.14,215.9,buy,False,2022-10-13T14:15:06.036801+00:00
1075,5141077686,3.14,196.0,buy,False,2022-10-13T14:14:55.865541+00:00
1076,5141074919,3.14,216.1,buy,False,2022-10-13T14:14:45.124535+00:00
1077,5141073698,3.14,209.9,buy,False,2022-10-13T14:14:34.262311+00:00
1078,5141072278,3.14,209.6,buy,False,2022-10-13T14:14:23.760901+00:00
1079,5141069948,3.14,217.6,buy,False,2022-10-13T14:14:12.999339+00:00
1080,5141068724,3.14,211.3,buy,False,2022-10-13T14:14:02.435913+00:00
1081,5141067120,3.14,212.9,buy,False,2022-10-13T14:13:51.652104+00:00
1082,5141065432,3.14,225.1,buy,False,2022-10-13T14:13:40.585676+00:00
1083,5141064050,3.14,165.6,buy,False,2022-10-13T14:13:31.572118+00:00
1084,5141062098,3.14,220.8,buy,False,2022-10-13T14:13:20.461266+00:00
1085,5141059451,3.14,125.8,buy,False,2022-10-13T14:13:13.270172+00:00
1086,5141057117,3.14,168.5,buy,False,2022-10-13T14:13:04.277442+00:00
1087,5141056592,3.14,17.3,buy,False,2022-10-13T14:13:03.090727+00:00
1088,5141055969,3.14,16.4,buy,False,2022-10-13T14:13:01.886545+00:00
1089,5141055503,3.14,9.7,buy,False,2022-10-13T14:13:01.012042+00:00
1090,5141055393,3.14,9.1,buy,False,2022-10-13T14:13:00.355292+00:00
1091,5141055350,3.14,10.0,buy,False,2022-10-13T14:12:59.758297+00:00
1092,5141055292,3.14,10.0,buy,False,2022-10-13T14:12:58.855142+00:00
1093,5141055235,3.14,8.8,buy,False,2022-10-13T14:12:58.254347+00:00
1094,5141055188,3.14,9.2,buy,False,2022-10-13T14:12:57.700307+00:00
1095,5141055165,3.14,9.1,buy,False,2022-10-13T14:12:57.174095+00:00
1096,5141055116,3.14,9.0,buy,False,2022-10-13T14:12:56.462300+00:00
1097,5141055058,3.14,8.5,buy,False,2022-10-13T14:12:55.863450+00:00
1098,5141054959,3.14,10.0,buy,False,2022-10-13T14:12:54.961760+00:00
1099,5141054910,3.14,10.3,buy,False,2022-10-13T14:12:54.355488+00:00
1100,5141054844,3.14,10.2,buy,False,2022-10-13T14:12:53.446462+00:00
1101,5141054703,3.14,9.5,buy,False,2022-10-13T14:12:52.869857+00:00
1102,5141054629,3.14,10.3,buy,False,2022-10-13T14:12:52.273488+00:00
1103,5141054578,3.14,9.3,buy,False,2022-10-13T14:12:51.343670+00:00
1104,5141054523,3.14,9.7,buy,False,2022-10-13T14:12:50.779110+00:00
1105,5141054434,3.14,8.9,buy,False,2022-10-13T14:12:50.168774+00:00
1106,5141054368,3.14,9.8,buy,False,2022-10-13T14:12:49.288813+00:00
1107,5141054335,3.14,10.2,buy,False,2022-10-13T14:12:48.661393+00:00
1108,5141054274,3.14,9.0,buy,False,2022-10-13T14:12:48.074643+00:00
1109,5141054063,3.14,10.1,buy,False,2022-10-13T14:12:47.161136+00:00
1110,5141053966,3.14,10.0,buy,False,2022-10-13T14:12:46.556587+00:00
1111,5141053863,3.14,10.1,buy,False,2022-10-13T14:12:45.952056+00:00
1112,5141053781,3.14,9.6,buy,False,2022-10-13T14:12:45.300428+00:00
1113,5141053704,3.14,9.4,buy,False,2022-10-13T14:12:44.761565+00:00
1114,5141053624,3.14,9.2,buy,False,2022-10-13T14:12:44.236419+00:00
1115,5141053600,3.14,9.2,buy,False,2022-10-13T14:12:43.686380+00:00
1116,5141053564,3.14,9.3,buy,False,2022-10-13T14:12:43.162206+00:00
1117,5141053523,3.14,8.7,buy,False,2022-10-13T14:12:42.647475+00:00
1118,5141053494,3.14,9.4,buy,False,2022-10-13T14:12:42.018838+00:00
1119,5141053448,3.14,8.8,buy,False,2022-10-13T14:12:41.489809+00:00
1120,5141053422,3.14,9.6,buy,False,2022-10-13T14:12:40.933563+00:00
1121,5141053316,3.14,9.8,buy,False,2022-10-13T14:12:40.413502+00:00
1122,5141053234,3.14,8.7,buy,False,2022-10-13T14:12:39.878858+00:00
1123,5141053186,3.14,9.6,buy,False,2022-10-13T14:12:39.327656+00:00
1124,5141053128,3.14,10.3,buy,False,2022-10-13T14:12:38.800028+00:00
1125,5141052973,3.14,10.1,buy,False,2022-10-13T14:12:38.215932+00:00
1126,5141052882,3.14,9.9,buy,False,2022-10-13T14:12:37.692220+00:00
1127,5141052789,3.14,8.8,buy,False,2022-10-13T14:12:37.156305+00:00
1128,5141052601,3.14,10.3,buy,False,2022-10-13T14:12:36.611408+00:00
1129,5141052434,3.14,9.8,buy,False,2022-10-13T14:12:35.980234+00:00
1130,5141052293,3.14,9.0,buy,False,2022-10-13T14:12:35.432454+00:00
1131,5141052225,3.14,10.1,buy,False,2022-10-13T14:12:34.915498+00:00
1132,5141052163,3.14,8.8,buy,False,2022-10-13T14:12:34.331060+00:00
1133,5141052080,3.14,9.2,buy,False,2022-10-13T14:12:33.719382+00:00
1134,5141052018,3.14,9.3,buy,False,2022-10-13T14:12:33.187483+00:00
1135,5141051971,3.14,9.4,buy,False,2022-10-13T14:12:32.660600+00:00
1136,5141051934,3.14,9.0,buy,False,2022-10-13T14:12:32.108886+00:00
1137,5141051874,3.14,9.9,buy,False,2022-10-13T14:12:31.578945+00:00
1138,5141051818,3.14,9.5,buy,False,2022-10-13T14:12:31.054494+00:00
1139,5141051765,3.14,10.0,buy,False,2022-10-13T14:12:30.533932+00:00
1140,5141051720,3.14,10.0,buy,False,2022-10-13T14:12:29.994888+00:00
1141,5141051605,3.14,8.6,buy,False,2022-10-13T14:12:29.295510+00:00
1142,5141051332,3.14,10.4,buy,False,2022-10-13T14:12:28.693757+00:00
1143,5141051331,3.139,5.1,buy,False,2022-10-13T14:12:28.693757+00:00
1144,5141051277,3.139,13.6,buy,False,2022-10-13T14:12:27.980958+00:00
1145,5141051231,3.14,9.4,buy,False,2022-10-13T14:12:27.380589+00:00
1146,5141051207,3.14,9.0,buy,False,2022-10-13T14:12:26.829422+00:00
1147,5141051179,3.14,9.5,buy,False,2022-10-13T14:12:26.305151+00:00
1148,5141051146,3.14,8.5,buy,False,2022-10-13T14:12:25.780444+00:00
1149,5141051109,3.14,10.0,buy,False,2022-10-13T14:12:25.177010+00:00
1150,5141051059,3.14,8.9,buy,False,2022-10-13T14:12:24.641910+00:00
1151,5141051038,3.14,10.2,buy,False,2022-10-13T14:12:24.112038+00:00
1152,5141051005,3.14,9.6,buy,False,2022-10-13T14:12:23.563009+00:00
1153,5141050980,3.14,8.9,buy,False,2022-10-13T14:12:23.028392+00:00
1154,5140916349,3.104,17.6,sell,False,2022-10-13T13:57:55.070568+00:00
1155,5140615050,2.916,1.1,sell,True,2022-10-13T13:33:43.722318+00:00
1156,5137548569,3.077,0.1,buy,False,2022-10-13T09:07:24.305945+00:00
1157,5137548556,3.077,5.4,buy,False,2022-10-13T09:07:23.756757+00:00
1158,5137548534,3.077,4.0,buy,False,2022-10-13T09:07:23.213832+00:00
1159,5137548475,3.077,3.9,buy,False,2022-10-13T09:07:22.561252+00:00
1160,5136432648,3.067,1.0,buy,False,2022-10-13T06:00:15.783562+00:00
1161,5134210564,3.045,29.9,sell,False,2022-10-12T19:46:30.531734+00:00
1162,5134134958,3.05,0.9,buy,False,2022-10-12T19:19:12.972533+00:00
1163,5134134932,3.05,0.2,buy,False,2022-10-12T19:19:12.414413+00:00
1164,5134134931,3.049,10.0,buy,False,2022-10-12T19:19:12.414413+00:00
1165,5133999149,3.041,3.3,buy,False,2022-10-12T18:38:14.306636+00:00
1166,5133829822,2.997,2.0,buy,False,2022-10-12T18:03:42.515683+00:00
1167,5133625792,3.007,29.9,buy,False,2022-10-12T17:23:20.773461+00:00
1168,5133508935,2.98,6.1,buy,False,2022-10-12T16:53:25.994173+00:00
1169,5133508900,2.98,6.2,buy,False,2022-10-12T16:53:25.461597+00:00
1170,5133508876,2.98,6.5,buy,False,2022-10-12T16:53:24.933064+00:00
1171,5133508853,2.98,6.3,buy,False,2022-10-12T16:53:24.396002+00:00
1172,5133508822,2.98,6.2,buy,False,2022-10-12T16:53:23.879570+00:00
1173,5133508804,2.98,6.1,buy,False,2022-10-12T16:53:23.350025+00:00
1174,5133508779,2.98,6.9,buy,False,2022-10-12T16:53:22.807168+00:00
1175,5133508751,2.98,6.1,buy,False,2022-10-12T16:53:22.277970+00:00
1176,5133508722,2.98,6.9,buy,False,2022-10-12T16:53:21.763805+00:00
1177,5133508701,2.98,6.6,buy,False,2022-10-12T16:53:21.230327+00:00
1178,5133508673,2.98,6.9,buy,False,2022-10-12T16:53:20.704097+00:00
1179,5133508653,2.98,5.8,buy,False,2022-10-12T16:53:20.175506+00:00
1180,5133508616,2.98,6.7,buy,False,2022-10-12T16:53:19.641188+00:00
1181,5133508593,2.98,6.1,buy,False,2022-10-12T16:53:18.921465+00:00
1182,5133508580,2.98,6.3,buy,False,2022-10-12T16:53:18.394924+00:00
1183,5133508560,2.98,6.5,buy,False,2022-10-12T16:53:17.866581+00:00
1184,5133508544,2.98,6.2,buy,False,2022-10-12T16:53:17.339724+00:00
1185,5133508530,2.98,6.8,buy,False,2022-10-12T16:53:16.765774+00:00
1186,5133508510,2.98,6.7,buy,False,2022-10-12T16:53:16.229018+00:00
1187,5133508493,2.98,6.2,buy,False,2022-10-12T16:53:15.663358+00:00
1188,5133508477,2.98,5.8,buy,False,2022-10-12T16:53:15.119210+00:00
1189,5133508450,2.98,5.7,buy,False,2022-10-12T16:53:14.524966+00:00
1190,5133508418,2.98,6.0,buy,False,2022-10-12T16:53:13.996167+00:00
1191,5133508392,2.98,5.9,buy,False,2022-10-12T16:53:13.461627+00:00
1192,5133508355,2.98,6.0,buy,False,2022-10-12T16:53:12.870956+00:00
1193,5133508336,2.98,6.4,buy,False,2022-10-12T16:53:12.342954+00:00
1194,5133508319,2.98,6.5,buy,False,2022-10-12T16:53:11.814569+00:00
1195,5133508298,2.98,6.2,buy,False,2022-10-12T16:53:11.289806+00:00
1196,5133508272,2.98,6.0,buy,False,2022-10-12T16:53:10.747673+00:00
1197,5133508258,2.98,6.8,buy,False,2022-10-12T16:53:10.219309+00:00
1198,5133508233,2.98,5.7,buy,False,2022-10-12T16:53:09.683302+00:00
1199,5133508208,2.98,6.3,buy,False,2022-10-12T16:53:09.158034+00:00
1200,5133508169,2.98,6.6,buy,False,2022-10-12T16:53:08.532455+00:00
1201,5133508135,2.98,6.8,buy,False,2022-10-12T16:53:07.946591+00:00
1202,5133508113,2.98,6.1,buy,False,2022-10-12T16:53:07.401611+00:00
1203,5133508038,2.98,6.7,buy,False,2022-10-12T16:53:06.850354+00:00
1204,5133508018,2.98,6.3,buy,False,2022-10-12T16:53:06.313146+00:00
1205,5133507957,2.98,6.5,buy,False,2022-10-12T16:53:05.805182+00:00
1206,5133507931,2.98,6.4,buy,False,2022-10-12T16:53:05.235815+00:00
1207,5133507895,2.98,5.9,buy,False,2022-10-12T16:53:04.688569+00:00
1208,5133507871,2.98,5.7,buy,False,2022-10-12T16:53:04.161664+00:00
1209,5133507841,2.98,5.3,buy,False,2022-10-12T16:53:03.641411+00:00
1210,5133507820,2.98,6.8,buy,False,2022-10-12T16:53:03.109000+00:00
1211,5133507798,2.98,6.0,buy,False,2022-10-12T16:53:02.581616+00:00
1212,5133507738,2.98,5.5,buy,False,2022-10-12T16:53:02.033879+00:00
1213,5133507612,2.98,5.9,buy,False,2022-10-12T16:53:01.494118+00:00
1214,5133507592,2.98,5.7,buy,False,2022-10-12T16:53:00.964456+00:00
1215,5133507569,2.98,6.1,buy,False,2022-10-12T16:53:00.255688+00:00
1216,5133507549,2.98,5.9,buy,False,2022-10-12T16:52:59.686221+00:00
1217,5133507533,2.98,6.4,buy,False,2022-10-12T16:52:59.159000+00:00
1218,5133507521,2.98,6.6,buy,False,2022-10-12T16:52:58.625537+00:00
1219,5133507479,2.98,5.7,buy,False,2022-10-12T16:52:58.053892+00:00
1220,5133507463,2.98,6.2,buy,False,2022-10-12T16:52:57.504831+00:00
1221,5133507452,2.98,6.7,buy,False,2022-10-12T16:52:57.219325+00:00
1222,5133507417,2.98,6.1,buy,False,2022-10-12T16:52:56.454069+00:00
1223,5133507392,2.98,6.6,buy,False,2022-10-12T16:52:55.888509+00:00
1224,5133507370,2.98,6.2,buy,False,2022-10-12T16:52:55.337104+00:00
1225,5133507346,2.98,6.1,buy,False,2022-10-12T16:52:54.815736+00:00
1226,5133507305,2.98,6.7,buy,False,2022-10-12T16:52:54.087137+00:00
1227,5133507259,2.98,6.6,buy,False,2022-10-12T16:52:53.528073+00:00
1228,5133507198,2.98,6.0,buy,False,2022-10-12T16:52:53.003241+00:00
1229,5133507074,2.98,6.4,buy,False,2022-10-12T16:52:52.321934+00:00
1230,5133506979,2.98,6.6,buy,False,2022-10-12T16:52:51.712972+00:00
1231,5133506926,2.98,6.8,buy,False,2022-10-12T16:52:51.177003+00:00
1232,5133506818,2.98,5.9,buy,False,2022-10-12T16:52:50.658534+00:00
1233,5133506791,2.98,7.0,buy,False,2022-10-12T16:52:50.121648+00:00
1234,5133506757,2.98,6.8,buy,False,2022-10-12T16:52:49.592730+00:00
1235,5133506729,2.98,6.9,buy,False,2022-10-12T16:52:49.061380+00:00
1236,5133506711,2.98,6.0,buy,False,2022-10-12T16:52:48.527753+00:00
1237,5133506676,2.98,5.8,buy,False,2022-10-12T16:52:47.976391+00:00
1238,5133506650,2.98,6.7,buy,False,2022-10-12T16:52:47.464897+00:00
1239,5133506631,2.98,6.5,buy,False,2022-10-12T16:52:46.913717+00:00
1240,5133506608,2.98,6.0,buy,False,2022-10-12T16:52:46.403905+00:00
1241,5133506588,2.98,6.8,buy,False,2022-10-12T16:52:45.871883+00:00
1242,5133506528,2.98,6.4,buy,False,2022-10-12T16:52:45.222807+00:00
1243,5133506507,2.98,5.7,buy,False,2022-10-12T16:52:44.671907+00:00
1244,5133506483,2.98,5.7,buy,False,2022-10-12T16:52:44.161219+00:00
1245,5133506470,2.98,5.7,buy,False,2022-10-12T16:52:43.610616+00:00
1246,5133506440,2.98,6.9,buy,False,2022-10-12T16:52:43.085711+00:00
1247,5133506402,2.98,6.6,buy,False,2022-10-12T16:52:42.568746+00:00
1248,5133506388,2.98,6.0,buy,False,2022-10-12T16:52:42.016767+00:00
1249,5133506355,2.98,5.9,buy,False,2022-10-12T16:52:41.468576+00:00
1250,5133506336,2.98,6.8,buy,False,2022-10-12T16:52:40.938964+00:00
1251,5133506301,2.98,6.9,buy,False,2022-10-12T16:52:40.388916+00:00
1252,5133506263,2.98,5.8,buy,False,2022-10-12T16:52:39.872651+00:00
1253,5133506212,2.98,6.0,buy,False,2022-10-12T16:52:39.293266+00:00
1254,5133506187,2.98,5.8,buy,False,2022-10-12T16:52:38.744740+00:00
1255,5133506170,2.98,5.8,buy,False,2022-10-12T16:52:38.214834+00:00
1256,5133506144,2.98,6.3,buy,False,2022-10-12T16:52:37.701358+00:00
1257,5133506083,2.98,6.6,buy,False,2022-10-12T16:52:37.171078+00:00
1258,5133506023,2.98,6.8,buy,False,2022-10-12T16:52:36.616765+00:00
1259,5133505973,2.98,6.5,buy,False,2022-10-12T16:52:36.009290+00:00
1260,5133505786,2.98,6.0,buy,False,2022-10-12T16:52:35.456906+00:00
1261,5133505767,2.98,6.2,buy,False,2022-10-12T16:52:34.929960+00:00
1262,5133505730,2.98,6.5,buy,False,2022-10-12T16:52:34.383868+00:00
1263,5133505706,2.98,5.5,buy,False,2022-10-12T16:52:33.781813+00:00
1264,5133505675,2.98,5.4,buy,False,2022-10-12T16:52:33.227467+00:00
1265,5133505633,2.98,6.3,buy,False,2022-10-12T16:52:32.678942+00:00
1266,5133505582,2.98,6.2,buy,False,2022-10-12T16:52:32.132989+00:00
1267,5133505548,2.98,5.2,buy,False,2022-10-12T16:52:31.608772+00:00
1268,5133505526,2.98,6.3,buy,False,2022-10-12T16:52:31.055534+00:00
1269,5133505494,2.98,6.3,buy,False,2022-10-12T16:52:30.534421+00:00
1270,5133505474,2.98,6.1,buy,False,2022-10-12T16:52:29.999542+00:00
1271,5133505451,2.98,6.2,buy,False,2022-10-12T16:52:29.417533+00:00
1272,5133505428,2.98,5.8,buy,False,2022-10-12T16:52:28.885017+00:00
1273,5133505397,2.98,6.8,buy,False,2022-10-12T16:52:28.376511+00:00
1274,5133505369,2.98,6.9,buy,False,2022-10-12T16:52:27.831580+00:00
1275,5133505306,2.98,6.6,buy,False,2022-10-12T16:52:27.311237+00:00
1276,5133505166,2.98,6.2,buy,False,2022-10-12T16:52:26.776037+00:00
1277,5133505142,2.98,6.2,buy,False,2022-10-12T16:52:26.243822+00:00
1278,5133505128,2.98,5.8,buy,False,2022-10-12T16:52:25.714926+00:00
1279,5133505106,2.98,6.8,buy,False,2022-10-12T16:52:25.185393+00:00
1280,5133505076,2.98,6.6,buy,False,2022-10-12T16:52:24.636053+00:00
1281,5133505048,2.98,6.9,buy,False,2022-10-12T16:52:24.107453+00:00
1282,5133505023,2.98,5.8,buy,False,2022-10-12T16:52:23.558549+00:00
1283,5133504982,2.98,6.4,buy,False,2022-10-12T16:52:22.999287+00:00
1284,5133504952,2.98,6.6,buy,False,2022-10-12T16:52:22.472992+00:00
1285,5133504911,2.98,6.6,buy,False,2022-10-12T16:52:21.943875+00:00
1286,5133504878,2.98,6.9,buy,False,2022-10-12T16:52:21.421006+00:00
1287,5133504839,2.98,6.2,buy,False,2022-10-12T16:52:20.882297+00:00
1288,5133504818,2.98,6.3,buy,False,2022-10-12T16:52:20.358671+00:00
1289,5133504768,2.98,6.3,buy,False,2022-10-12T16:52:19.819678+00:00
1290,5133504721,2.98,6.3,buy,False,2022-10-12T16:52:19.272331+00:00
1291,5133504690,2.98,7.0,buy,False,2022-10-12T16:52:18.732535+00:00
1292,5133504657,2.98,5.8,buy,False,2022-10-12T16:52:18.217574+00:00
1293,5133504634,2.98,6.4,buy,False,2022-10-12T16:52:17.688160+00:00
1294,5133504630,2.98,6.8,buy,False,2022-10-12T16:52:17.624392+00:00
1295,5133504566,2.98,5.8,buy,False,2022-10-12T16:52:16.568240+00:00
1296,5133504506,2.98,7.0,buy,False,2022-10-12T16:52:16.031214+00:00
1297,5133504480,2.98,6.5,buy,False,2022-10-12T16:52:15.519927+00:00
1298,5133504464,2.98,6.7,buy,False,2022-10-12T16:52:14.873934+00:00
1299,5133504445,2.98,6.2,buy,False,2022-10-12T16:52:14.196437+00:00
1300,5133504421,2.98,6.0,buy,False,2022-10-12T16:52:13.673715+00:00
1301,5133504385,2.98,6.3,buy,False,2022-10-12T16:52:13.142674+00:00
1302,5133504363,2.98,5.9,buy,False,2022-10-12T16:52:12.618977+00:00
1303,5133504337,2.98,6.6,buy,False,2022-10-12T16:52:12.067260+00:00
1304,5133504278,2.98,6.7,buy,False,2022-10-12T16:52:11.493663+00:00
1305,5133504233,2.98,6.5,buy,False,2022-10-12T16:52:10.957810+00:00
1306,5133504199,2.98,6.8,buy,False,2022-10-12T16:52:10.401622+00:00
1307,5133504172,2.98,6.6,buy,False,2022-10-12T16:52:09.776759+00:00
1308,5133504143,2.98,6.9,buy,False,2022-10-12T16:52:09.260060+00:00
1309,5133504114,2.98,6.5,buy,False,2022-10-12T16:52:08.716058+00:00
1310,5133504087,2.98,6.4,buy,False,2022-10-12T16:52:08.176183+00:00
1311,5133504055,2.98,6.2,buy,False,2022-10-12T16:52:07.641572+00:00
1312,5133504028,2.98,5.9,buy,False,2022-10-12T16:52:07.039835+00:00
1313,5133503992,2.98,7.0,buy,False,2022-10-12T16:52:06.509780+00:00
1314,5133503964,2.98,7.0,buy,False,2022-10-12T16:52:05.958337+00:00
1315,5133503941,2.98,6.4,buy,False,2022-10-12T16:52:05.308582+00:00
1316,5133503904,2.98,6.0,buy,False,2022-10-12T16:52:04.733010+00:00
1317,5133503873,2.98,6.6,buy,False,2022-10-12T16:52:04.194669+00:00
1318,5133503846,2.98,6.1,buy,False,2022-10-12T16:52:03.489166+00:00
1319,5133503824,2.98,6.3,buy,False,2022-10-12T16:52:02.957218+00:00
1320,5133503811,2.98,6.7,buy,False,2022-10-12T16:52:02.410748+00:00
1321,5133503792,2.98,6.4,buy,False,2022-10-12T16:52:01.854003+00:00
1322,5133503770,2.98,6.1,buy,False,2022-10-12T16:52:01.327896+00:00
1323,5133503743,2.98,6.2,buy,False,2022-10-12T16:52:00.809971+00:00
1324,5133503719,2.98,6.9,buy,False,2022-10-12T16:52:00.234844+00:00
1325,5133503699,2.98,6.9,buy,False,2022-10-12T16:51:59.712753+00:00
1326,5133503686,2.98,6.0,buy,False,2022-10-12T16:51:59.179286+00:00
1327,5133503663,2.98,6.0,buy,False,2022-10-12T16:51:58.652552+00:00
1328,5133503628,2.98,6.9,buy,False,2022-10-12T16:51:58.059390+00:00
1329,5133503617,2.98,5.8,buy,False,2022-10-12T16:51:57.500040+00:00
1330,5133503592,2.98,6.7,buy,False,2022-10-12T16:51:56.974263+00:00
1331,5133503561,2.98,6.8,buy,False,2022-10-12T16:51:56.425322+00:00
1332,5133503533,2.98,5.9,buy,False,2022-10-12T16:51:55.927880+00:00
1333,5133503512,2.98,6.2,buy,False,2022-10-12T16:51:55.369634+00:00
1334,5133503489,2.98,6.7,buy,False,2022-10-12T16:51:54.821565+00:00
1335,5133503463,2.98,5.6,buy,False,2022-10-12T16:51:54.286614+00:00
1336,5133503428,2.98,5.4,buy,False,2022-10-12T16:51:53.735389+00:00
1337,5133503410,2.98,6.2,buy,False,2022-10-12T16:51:53.211714+00:00
1338,5133503391,2.98,6.9,buy,False,2022-10-12T16:51:52.684694+00:00
1339,5133503361,2.98,6.7,buy,False,2022-10-12T16:51:52.115639+00:00
1340,5133503341,2.98,6.6,buy,False,2022-10-12T16:51:51.598286+00:00
1341,5133503316,2.98,6.2,buy,False,2022-10-12T16:51:51.056099+00:00
1342,5133503273,2.98,6.0,buy,False,2022-10-12T16:51:50.508494+00:00
1343,5133503256,2.98,6.9,buy,False,2022-10-12T16:51:49.968415+00:00
1344,5133503219,2.98,6.6,buy,False,2022-10-12T16:51:49.301175+00:00
1345,5133503182,2.98,5.9,buy,False,2022-10-12T16:51:48.778751+00:00
1346,5133503157,2.98,6.0,buy,False,2022-10-12T16:51:48.255658+00:00
1347,5133503122,2.98,5.9,buy,False,2022-10-12T16:51:47.704111+00:00
1348,5133503098,2.98,6.8,buy,False,2022-10-12T16:51:47.175785+00:00
1349,5133503072,2.98,6.0,buy,False,2022-10-12T16:51:46.651496+00:00
1350,5133503051,2.98,6.5,buy,False,2022-10-12T16:51:46.026305+00:00
1351,5133503028,2.98,7.1,buy,False,2022-10-12T16:51:45.493736+00:00
1352,5133503010,2.98,7.0,buy,False,2022-10-12T16:51:44.969667+00:00
1353,5133502981,2.98,6.3,buy,False,2022-10-12T16:51:44.313749+00:00
1354,5133502960,2.98,6.8,buy,False,2022-10-12T16:51:43.785285+00:00
1355,5133502934,2.98,6.0,buy,False,2022-10-12T16:51:43.234536+00:00
1356,5133502904,2.98,6.6,buy,False,2022-10-12T16:51:42.433974+00:00
1357,5133502876,2.98,5.9,buy,False,2022-10-12T16:51:41.923509+00:00
1358,5133502846,2.98,6.3,buy,False,2022-10-12T16:51:41.283099+00:00
1359,5133502827,2.98,6.6,buy,False,2022-10-12T16:51:40.636456+00:00
1360,5133502807,2.98,7.1,buy,False,2022-10-12T16:51:40.098819+00:00
1361,5133502791,2.98,6.4,buy,False,2022-10-12T16:51:39.576270+00:00
1362,5133502766,2.98,6.1,buy,False,2022-10-12T16:51:39.054184+00:00
1363,5133502699,2.98,7.0,buy,False,2022-10-12T16:51:38.414497+00:00
1364,5133502652,2.98,6.3,buy,False,2022-10-12T16:51:37.886814+00:00
1365,5133502631,2.98,6.8,buy,False,2022-10-12T16:51:37.363925+00:00
1366,5133502597,2.98,6.8,buy,False,2022-10-12T16:51:36.778211+00:00
1367,5133502575,2.98,6.0,buy,False,2022-10-12T16:51:36.237235+00:00
1368,5133502535,2.98,6.9,buy,False,2022-10-12T16:51:35.683967+00:00
1369,5133502526,2.98,6.0,buy,False,2022-10-12T16:51:35.428764+00:00
1370,5133502448,2.98,6.1,buy,False,2022-10-12T16:51:34.614836+00:00
1371,5133502318,2.98,5.4,buy,False,2022-10-12T16:51:34.006548+00:00
1372,5133502286,2.98,4.9,buy,False,2022-10-12T16:51:33.481222+00:00
1373,5133502254,2.98,5.1,buy,False,2022-10-12T16:51:32.954092+00:00
1374,5133502212,2.98,5.7,buy,False,2022-10-12T16:51:32.428528+00:00
1375,5133502168,2.98,5.9,buy,False,2022-10-12T16:51:31.887330+00:00
1376,5133502131,2.98,6.8,buy,False,2022-10-12T16:51:31.355971+00:00
1377,5133502097,2.98,6.2,buy,False,2022-10-12T16:51:30.750688+00:00
1378,5133502071,2.98,7.1,buy,False,2022-10-12T16:51:30.179158+00:00
1379,5133502019,2.98,6.2,buy,False,2022-10-12T16:51:29.636439+00:00
1380,5133501959,2.98,6.1,buy,False,2022-10-12T16:51:29.101857+00:00
1381,5133501929,2.98,6.3,buy,False,2022-10-12T16:51:28.464363+00:00
1382,5133501902,2.98,6.3,buy,False,2022-10-12T16:51:27.809698+00:00
1383,5133501870,2.98,6.0,buy,False,2022-10-12T16:51:27.283518+00:00
1384,5133501847,2.98,7.1,buy,False,2022-10-12T16:51:26.735007+00:00
1385,5133501827,2.98,6.4,buy,False,2022-10-12T16:51:26.207198+00:00
1386,5133501795,2.98,6.8,buy,False,2022-10-12T16:51:25.663364+00:00
1387,5133501756,2.98,7.0,buy,False,2022-10-12T16:51:25.129857+00:00
1388,5133501723,2.98,6.7,buy,False,2022-10-12T16:51:24.477878+00:00
1389,5133501703,2.98,6.8,buy,False,2022-10-12T16:51:23.971778+00:00
1390,5133501614,2.98,7.1,buy,False,2022-10-12T16:51:23.445589+00:00
1391,5133501576,2.98,7.1,buy,False,2022-10-12T16:51:22.926924+00:00
1392,5133501535,2.98,6.7,buy,False,2022-10-12T16:51:22.343211+00:00
1393,5133501518,2.98,7.1,buy,False,2022-10-12T16:51:21.837967+00:00
1394,5133501492,2.98,6.3,buy,False,2022-10-12T16:51:21.294330+00:00
1395,5133501467,2.98,6.9,buy,False,2022-10-12T16:51:20.765052+00:00
1396,5133501453,2.98,6.8,buy,False,2022-10-12T16:51:20.236534+00:00
1397,5133501426,2.98,7.2,buy,False,2022-10-12T16:51:19.697732+00:00
1398,5133501398,2.98,6.2,buy,False,2022-10-12T16:51:19.123530+00:00
1399,5133501376,2.98,6.7,buy,False,2022-10-12T16:51:18.547842+00:00
1400,5133501346,2.98,6.5,buy,False,2022-10-12T16:51:18.031869+00:00
1401,5133501316,2.98,5.9,buy,False,2022-10-12T16:51:17.496238+00:00
1402,5133501276,2.98,7.0,buy,False,2022-10-12T16:51:16.943790+00:00
1403,5133501223,2.98,7.0,buy,False,2022-10-12T16:51:16.427393+00:00
1404,5133501096,2.98,6.9,buy,False,2022-10-12T16:51:15.884864+00:00
1405,5133501041,2.98,7.2,buy,False,2022-10-12T16:51:15.335791+00:00
1406,5133501024,2.98,6.8,buy,False,2022-10-12T16:51:14.803156+00:00
1407,5133501004,2.98,6.9,buy,False,2022-10-12T16:51:14.272547+00:00
1408,5133500984,2.98,7.0,buy,False,2022-10-12T16:51:13.749027+00:00
1409,5133500959,2.98,7.1,buy,False,2022-10-12T16:51:13.208171+00:00
1410,5133500931,2.98,6.8,buy,False,2022-10-12T16:51:12.676024+00:00
1411,5133500901,2.98,6.4,buy,False,2022-10-12T16:51:12.113753+00:00
1412,5133500864,2.98,6.9,buy,False,2022-10-12T16:51:11.543567+00:00
1413,5133500827,2.98,6.6,buy,False,2022-10-12T16:51:10.924006+00:00
1414,5133500794,2.98,6.6,buy,False,2022-10-12T16:51:10.317968+00:00
1415,5133500748,2.98,6.4,buy,False,2022-10-12T16:51:09.689195+00:00
1416,5133500698,2.98,7.1,buy,False,2022-10-12T16:51:09.063338+00:00
1417,5133500660,2.98,6.0,buy,False,2022-10-12T16:51:08.330804+00:00
1418,5133500586,2.98,7.1,buy,False,2022-10-12T16:51:07.813223+00:00
1419,5133500421,2.98,6.9,buy,False,2022-10-12T16:51:07.148724+00:00
1420,5133500398,2.98,6.5,buy,False,2022-10-12T16:51:06.597094+00:00
1421,5133500372,2.98,6.5,buy,False,2022-10-12T16:51:06.022212+00:00
1422,5133500337,2.98,6.9,buy,False,2022-10-12T16:51:05.496125+00:00
1423,5133500296,2.98,6.3,buy,False,2022-10-12T16:51:04.943118+00:00
1424,5133500224,2.98,6.2,buy,False,2022-10-12T16:51:04.418270+00:00
1425,5133500185,2.98,6.5,buy,False,2022-10-12T16:51:03.938926+00:00
1426,5133500124,2.98,6.7,buy,False,2022-10-12T16:51:03.352632+00:00
1427,5133500078,2.98,6.6,buy,False,2022-10-12T16:51:02.804033+00:00
1428,5133500051,2.98,6.5,buy,False,2022-10-12T16:51:02.247562+00:00
1429,5133500019,2.98,6.4,buy,False,2022-10-12T16:51:01.720512+00:00
1430,5133499999,2.98,7.2,buy,False,2022-10-12T16:51:01.187957+00:00
1431,5133499975,2.98,7.0,buy,False,2022-10-12T16:51:00.646104+00:00
1432,5133499940,2.98,7.1,buy,False,2022-10-12T16:51:00.067921+00:00
1433,5133499901,2.98,7.0,buy,False,2022-10-12T16:50:59.517820+00:00
1434,5133499876,2.98,6.5,buy,False,2022-10-12T16:50:58.992828+00:00
1435,5133499854,2.98,6.1,buy,False,2022-10-12T16:50:58.443029+00:00
1436,5133499824,2.98,6.9,buy,False,2022-10-12T16:50:57.941183+00:00
1437,5133499806,2.98,6.6,buy,False,2022-10-12T16:50:57.381648+00:00
1438,5133499768,2.98,6.7,buy,False,2022-10-12T16:50:56.854877+00:00
1439,5133499738,2.98,6.9,buy,False,2022-10-12T16:50:56.330165+00:00
1440,5133499722,2.98,7.2,buy,False,2022-10-12T16:50:55.802527+00:00
1441,5133499704,2.98,6.4,buy,False,2022-10-12T16:50:55.271410+00:00
1442,5133499680,2.98,6.5,buy,False,2022-10-12T16:50:54.746962+00:00
