,id,price,size,side,liquidation,time
0,5400764182,207.0,0.265,sell,False,2022-11-10T08:36:14.481075+00:00
1,5400764181,220.425,0.245,sell,False,2022-11-10T08:36:14.481075+00:00
2,5400764180,234.725,0.235,sell,False,2022-11-10T08:36:14.481075+00:00
3,5400764179,249.925,0.22,sell,False,2022-11-10T08:36:14.481075+00:00
4,5400764178,250.0,0.01,sell,False,2022-11-10T08:36:14.481075+00:00
5,5400763935,250.0,1.0,sell,False,2022-11-10T08:36:12.234535+00:00
6,5400763716,250.0,1.0,sell,False,2022-11-10T08:36:10.484493+00:00
7,5400763275,250.0,1.0,sell,False,2022-11-10T08:36:07.821492+00:00
8,5400531328,255.1,0.015,sell,False,2022-11-10T08:06:26.916563+00:00
9,5400477106,255.2,1.47,sell,False,2022-11-10T07:59:55.975285+00:00
10,5400330067,255.2,0.09,sell,False,2022-11-10T07:41:59.110805+00:00
11,5400325028,255.3,1.395,sell,False,2022-11-10T07:41:25.217909+00:00
12,5400253942,255.3,0.595,sell,False,2022-11-10T07:31:37.441077+00:00
13,5400066819,255.3,0.18,sell,False,2022-11-10T07:10:48.342829+00:00
14,5400052478,283.4,0.175,buy,False,2022-11-10T07:09:07.564757+00:00
15,5399934592,254.9,0.115,sell,False,2022-11-10T06:55:28.416390+00:00
16,5399871141,253.8,1.15,sell,False,2022-11-10T06:47:52.942044+00:00
17,5399871140,253.9,2.0,sell,False,2022-11-10T06:47:52.942044+00:00
18,5399859311,254.0,0.13,buy,False,2022-11-10T06:46:13.913134+00:00
19,5399859222,254.0,2.0,sell,False,2022-11-10T06:46:13.640768+00:00
20,5399859221,254.1,0.48,sell,False,2022-11-10T06:46:13.640768+00:00
21,5399859220,254.1,2.0,sell,False,2022-11-10T06:46:13.640768+00:00
22,5399859219,254.2,0.73,sell,False,2022-11-10T06:46:13.640768+00:00
23,5399859218,254.2,2.0,sell,False,2022-11-10T06:46:13.640768+00:00
24,5399859217,254.3,0.18,sell,False,2022-11-10T06:46:13.640768+00:00
25,5399859216,254.3,2.0,sell,False,2022-11-10T06:46:13.640768+00:00
26,5399859215,254.4,0.57,sell,False,2022-11-10T06:46:13.640768+00:00
27,5399859214,254.4,2.0,sell,False,2022-11-10T06:46:13.640768+00:00
28,5399859213,254.5,2.0,sell,False,2022-11-10T06:46:13.640768+00:00
29,5399838182,266.0,0.5,sell,False,2022-11-10T06:43:57.873976+00:00
30,5399838181,266.15,0.065,sell,False,2022-11-10T06:43:57.873976+00:00
31,5399838180,267.0,1.1,sell,False,2022-11-10T06:43:57.873976+00:00
32,5399838179,267.5,0.5,sell,False,2022-11-10T06:43:57.873976+00:00
33,5399838178,267.6,0.5,sell,False,2022-11-10T06:43:57.873976+00:00
34,5399838177,267.7,0.5,sell,False,2022-11-10T06:43:57.873976+00:00
35,5399838176,267.8,1.0,sell,False,2022-11-10T06:43:57.873976+00:00
36,5399838175,267.9,1.0,sell,False,2022-11-10T06:43:57.873976+00:00
37,5399838174,268.0,1.0,sell,False,2022-11-10T06:43:57.873976+00:00
38,5399838173,268.1,1.0,sell,False,2022-11-10T06:43:57.873976+00:00
39,5399838172,268.2,1.0,sell,False,2022-11-10T06:43:57.873976+00:00
40,5399838171,268.3,1.0,sell,False,2022-11-10T06:43:57.873976+00:00
41,5399838170,268.4,1.0,sell,False,2022-11-10T06:43:57.873976+00:00
42,5399838169,268.425,1.75,sell,False,2022-11-10T06:43:57.873976+00:00
43,5399838168,268.5,1.0,sell,False,2022-11-10T06:43:57.873976+00:00
44,5399698861,266.15,0.14,sell,False,2022-11-10T06:31:15.313390+00:00
45,5399698860,267.0,0.945,sell,False,2022-11-10T06:31:15.313390+00:00
46,5399641495,296.5,0.58,buy,False,2022-11-10T06:24:33.893583+00:00
47,5399641494,295.0,0.445,buy,False,2022-11-10T06:24:33.893583+00:00
48,5399641493,283.4,0.205,buy,False,2022-11-10T06:24:33.893583+00:00
49,5399641492,283.375,1.655,buy,False,2022-11-10T06:24:33.893583+00:00
50,5399636177,250.0,7.14,sell,False,2022-11-10T06:23:48.815604+00:00
51,5399636176,250.025,1.655,sell,False,2022-11-10T06:23:48.815604+00:00
52,5399636175,266.15,0.205,sell,False,2022-11-10T06:23:48.815604+00:00
53,5399632047,295.0,1.675,buy,False,2022-11-10T06:23:08.421817+00:00
54,5399632046,289.0,0.345,buy,False,2022-11-10T06:23:08.421817+00:00
55,5399632045,283.4,0.205,buy,False,2022-11-10T06:23:08.421817+00:00
56,5399632044,280.0,0.2,buy,False,2022-11-10T06:23:08.421817+00:00
57,5399632043,277.0,0.115,buy,False,2022-11-10T06:23:08.421817+00:00
58,5399629289,266.15,0.22,buy,False,2022-11-10T06:22:50.499564+00:00
59,5399624234,249.925,0.22,sell,False,2022-11-10T06:22:13.777807+00:00
60,5399619776,266.15,0.22,buy,False,2022-11-10T06:21:35.200691+00:00
61,5399611991,247.0,0.04,buy,False,2022-11-10T06:20:31.476527+00:00
62,5399611990,247.0,0.04,buy,False,2022-11-10T06:20:31.476527+00:00
63,5399551703,249.925,0.235,buy,False,2022-11-10T06:13:43.400134+00:00
64,5399551702,249.0,0.495,buy,False,2022-11-10T06:13:43.400134+00:00
65,5399551701,248.0,0.405,buy,False,2022-11-10T06:13:43.400134+00:00
66,5399551700,248.0,1.0,buy,False,2022-11-10T06:13:43.400134+00:00
67,5399551699,247.0,0.15,buy,False,2022-11-10T06:13:43.400134+00:00
68,5399551698,234.725,0.245,buy,False,2022-11-10T06:13:43.400134+00:00
69,5399539480,220.425,0.265,buy,False,2022-11-10T06:12:32.757583+00:00
70,5399539479,218.0,0.11,buy,False,2022-11-10T06:12:32.757583+00:00
71,5399539478,207.0,0.28,buy,False,2022-11-10T06:12:32.757583+00:00
72,5399539477,206.8,0.05,buy,False,2022-11-10T06:12:32.757583+00:00
73,5399539476,206.775,0.805,buy,False,2022-11-10T06:12:32.757583+00:00
74,5399539475,198.0,0.82,buy,False,2022-11-10T06:12:32.757583+00:00
75,5399427134,194.4,0.28,sell,False,2022-11-10T05:53:58.400698+00:00
76,5399274449,194.425,0.305,sell,False,2022-11-10T05:28:41.446953+00:00
77,5399103936,194.425,0.18,sell,False,2022-11-10T05:12:12.760605+00:00
78,5399071788,218.975,0.09,buy,False,2022-11-10T05:09:13.274167+00:00
79,5399069567,218.975,0.09,buy,False,2022-11-10T05:09:02.075093+00:00
80,5398933675,194.425,0.5,sell,False,2022-11-10T04:49:23.742729+00:00
81,5398933674,207.0,0.11,sell,False,2022-11-10T04:49:23.742729+00:00
82,5398901639,207.0,0.105,sell,False,2022-11-10T04:42:28.157522+00:00
83,5398899271,207.0,0.05,sell,False,2022-11-10T04:42:04.088111+00:00
84,5398875399,220.425,0.045,sell,False,2022-11-10T04:36:28.234388+00:00
85,5398874014,220.425,0.1,sell,False,2022-11-10T04:36:14.541686+00:00
86,5398872964,220.425,0.1,sell,False,2022-11-10T04:36:05.037794+00:00
87,5398495153,248.0,0.5,buy,False,2022-11-10T03:32:37.633371+00:00
88,5398494445,234.725,0.245,buy,False,2022-11-10T03:32:29.113302+00:00
89,5398493999,234.5,0.755,buy,False,2022-11-10T03:32:23.974781+00:00
90,5398493693,234.5,0.245,buy,False,2022-11-10T03:32:20.864035+00:00
91,5398493204,234.475,0.93,buy,False,2022-11-10T03:32:16.993707+00:00
92,5398179920,207.025,0.9,sell,False,2022-11-10T02:51:02.084957+00:00
93,5398029588,182.625,0.03,sell,False,2022-11-10T02:23:34.466349+00:00
94,5398028730,220.425,0.07,buy,False,2022-11-10T02:23:25.161953+00:00
95,5398028729,207.0,0.28,buy,False,2022-11-10T02:23:25.161953+00:00
96,5398028728,206.625,12.125,buy,False,2022-11-10T02:23:25.161953+00:00
97,5398028727,206.6,11.53,buy,False,2022-11-10T02:23:25.161953+00:00
98,5397772205,206.6,1.44,buy,False,2022-11-10T01:47:45.270895+00:00
99,5397772204,194.4,0.3,buy,False,2022-11-10T01:47:45.270895+00:00
100,5397171232,182.55,0.315,buy,False,2022-11-10T00:39:30.573604+00:00
101,5396851495,171.45,0.26,buy,False,2022-11-10T00:09:16.215185+00:00
102,5396850948,171.45,0.08,buy,False,2022-11-10T00:09:11.807245+00:00
103,5396850947,171.425,0.92,buy,False,2022-11-10T00:09:11.807245+00:00
104,5396685237,171.425,0.9,buy,False,2022-11-09T23:55:02.203936+00:00
105,5396589734,171.425,0.36,buy,False,2022-11-09T23:46:17.857123+00:00
106,5396535817,158.525,0.715,sell,False,2022-11-09T23:41:55.693825+00:00
107,5396535816,161.0,0.34,sell,False,2022-11-09T23:41:55.693825+00:00
108,5396535815,164.4,1.0,sell,False,2022-11-09T23:41:55.693825+00:00
109,5396535814,171.45,0.315,sell,False,2022-11-09T23:41:55.693825+00:00
110,5396535813,182.55,0.3,sell,False,2022-11-09T23:41:55.693825+00:00
111,5396372589,194.4,0.28,sell,False,2022-11-09T23:27:13.114082+00:00
112,5396372588,199.975,0.025,sell,False,2022-11-09T23:27:13.114082+00:00
113,5396279020,199.975,0.005,sell,False,2022-11-09T23:19:57.785046+00:00
114,5396269015,199.975,5.64,sell,False,2022-11-09T23:19:10.144771+00:00
115,5396269014,199.975,1.36,sell,False,2022-11-09T23:19:10.144771+00:00
116,5396102832,199.975,2.54,sell,False,2022-11-09T23:09:01.403749+00:00
117,5396102811,199.975,2.15,sell,False,2022-11-09T23:09:01.278842+00:00
118,5396102810,206.6,0.39,sell,False,2022-11-09T23:09:01.278842+00:00
119,5396067701,206.6,2.865,sell,False,2022-11-09T23:06:47.255653+00:00
120,5396067700,206.6,2.135,sell,False,2022-11-09T23:06:47.255653+00:00
121,5396036511,206.6,0.915,sell,False,2022-11-09T23:04:29.772223+00:00
122,5396036510,211.4,1.77,sell,False,2022-11-09T23:04:29.772223+00:00
123,5396036509,211.4,1.66,sell,False,2022-11-09T23:04:29.772223+00:00
124,5396036508,214.875,0.97,sell,False,2022-11-09T23:04:29.772223+00:00
125,5396036507,214.875,0.905,sell,False,2022-11-09T23:04:29.772223+00:00
126,5396036506,217.4,0.53,sell,False,2022-11-09T23:04:29.772223+00:00
127,5396036505,217.4,0.5,sell,False,2022-11-09T23:04:29.772223+00:00
128,5396036504,219.225,0.295,sell,False,2022-11-09T23:04:29.772223+00:00
129,5396036503,219.225,0.275,sell,False,2022-11-09T23:04:29.772223+00:00
130,5396036502,219.25,2.18,sell,False,2022-11-09T23:04:29.772223+00:00
131,5396028130,220.425,0.1,buy,False,2022-11-09T23:04:00.389294+00:00
132,5396027681,220.425,0.095,buy,False,2022-11-09T23:03:58.665605+00:00
133,5396015840,207.0,0.28,buy,False,2022-11-09T23:03:00.663078+00:00
134,5396015839,194.4,0.3,buy,False,2022-11-09T23:03:00.663078+00:00
135,5396015838,194.375,2.46,buy,False,2022-11-09T23:03:00.663078+00:00
136,5396015837,183.525,0.125,buy,False,2022-11-09T23:03:00.663078+00:00
137,5396015836,183.525,0.11,buy,False,2022-11-09T23:03:00.663078+00:00
138,5396015835,182.55,0.08,buy,False,2022-11-09T23:03:00.663078+00:00
139,5395996868,181.575,2.46,sell,False,2022-11-09T23:01:40.797198+00:00
140,5395932088,182.55,0.11,buy,False,2022-11-09T22:55:31.319691+00:00
141,5395932083,182.55,0.125,buy,False,2022-11-09T22:55:31.285252+00:00
142,5395925567,180.0,0.14,buy,False,2022-11-09T22:54:29.079041+00:00
143,5395925520,180.0,8.91,buy,False,2022-11-09T22:54:28.670019+00:00
144,5395925519,170.0,0.09,buy,False,2022-11-09T22:54:28.670019+00:00
145,5395921127,170.0,8.995,buy,False,2022-11-09T22:53:56.013480+00:00
146,5395921126,169.975,0.005,buy,False,2022-11-09T22:53:56.013480+00:00
147,5395915803,169.975,2.62,buy,False,2022-11-09T22:53:19.081234+00:00
148,5395910923,171.25,0.6,sell,False,2022-11-09T22:52:48.867865+00:00
149,5395910922,171.45,0.315,sell,False,2022-11-09T22:52:48.867865+00:00
150,5395891820,182.55,0.3,sell,False,2022-11-09T22:50:40.504999+00:00
151,5395891819,194.4,0.28,sell,False,2022-11-09T22:50:40.504999+00:00
152,5395891818,207.0,0.265,sell,False,2022-11-09T22:50:40.504999+00:00
153,5395891817,220.425,0.105,sell,False,2022-11-09T22:50:40.504999+00:00
154,5395712727,220.425,0.14,sell,False,2022-11-09T22:35:03.719774+00:00
155,5395712726,234.725,0.235,sell,False,2022-11-09T22:35:03.719774+00:00
156,5395712725,234.75,2.625,sell,False,2022-11-09T22:35:03.719774+00:00
157,5395699510,249.925,0.235,buy,False,2022-11-09T22:33:58.875243+00:00
158,5395699509,234.725,0.245,buy,False,2022-11-09T22:33:58.875243+00:00
159,5395699508,230.975,0.93,buy,False,2022-11-09T22:33:58.875243+00:00
160,5395699507,220.425,0.14,buy,False,2022-11-09T22:33:58.875243+00:00
161,5395699506,217.75,1.7,buy,False,2022-11-09T22:33:58.875243+00:00
162,5395699505,217.575,1.775,buy,False,2022-11-09T22:33:58.875243+00:00
163,5395683707,217.55,0.84,buy,False,2022-11-09T22:32:32.717029+00:00
164,5395133099,214.85,0.685,sell,False,2022-11-09T21:52:48.280243+00:00
165,5394864807,214.85,0.09,sell,False,2022-11-09T21:36:31.479793+00:00
166,5394864806,214.85,0.905,sell,False,2022-11-09T21:36:31.479793+00:00
167,5394864805,217.375,0.53,sell,False,2022-11-09T21:36:31.479793+00:00
168,5394864804,217.375,0.5,sell,False,2022-11-09T21:36:31.479793+00:00
169,5394864803,219.2,0.295,sell,False,2022-11-09T21:36:31.479793+00:00
170,5394864802,219.2,0.275,sell,False,2022-11-09T21:36:31.479793+00:00
171,5394850511,220.4,0.095,buy,False,2022-11-09T21:35:45.314079+00:00
172,5394849567,220.4,0.1,buy,False,2022-11-09T21:35:42.367215+00:00
173,5394816916,194.425,1.035,sell,False,2022-11-09T21:34:27.666052+00:00
174,5393816487,220.425,0.125,buy,False,2022-11-09T20:36:55.309214+00:00
175,5393816486,220.4,0.13,buy,False,2022-11-09T20:36:55.309214+00:00
176,5393579161,194.425,0.13,sell,False,2022-11-09T20:13:01.738388+00:00
177,5393483551,216.025,0.925,buy,False,2022-11-09T20:03:38.443876+00:00
178,5393483550,208.3,23.77,buy,False,2022-11-09T20:03:38.443876+00:00
179,5393483549,207.0,0.28,buy,False,2022-11-09T20:03:38.443876+00:00
180,5393451259,198.2,0.785,buy,False,2022-11-09T20:01:05.413637+00:00
181,5393451258,194.4,0.3,buy,False,2022-11-09T20:01:05.413637+00:00
182,5393434057,179.175,4.12,buy,False,2022-11-09T19:59:52.565346+00:00
183,5393434056,179.15,1.935,buy,False,2022-11-09T19:59:52.565346+00:00
184,5392907907,174.525,0.08,sell,False,2022-11-09T19:11:52.741653+00:00
185,5392499488,176.0,0.08,sell,False,2022-11-09T18:44:42.114637+00:00
186,5392499108,176.1,1.99,sell,False,2022-11-09T18:44:41.437862+00:00
187,5392420257,177.325,0.08,sell,False,2022-11-09T18:40:01.949144+00:00
188,5392308199,178.65,0.425,sell,False,2022-11-09T18:32:57.884017+00:00
189,5392307094,179.0,1.09,sell,False,2022-11-09T18:32:53.220523+00:00
190,5392295878,179.4,0.075,buy,False,2022-11-09T18:32:08.574837+00:00
191,5392295378,179.4,0.07,buy,False,2022-11-09T18:32:06.790021+00:00
192,5392295273,179.4,0.07,buy,False,2022-11-09T18:32:06.258922+00:00
193,5392295053,179.4,0.065,buy,False,2022-11-09T18:32:05.734062+00:00
194,5391945808,181.1,0.6,sell,False,2022-11-09T18:10:52.963904+00:00
195,5391389292,182.625,0.165,buy,False,2022-11-09T17:35:08.709103+00:00
196,5391285387,182.625,0.33,sell,False,2022-11-09T17:27:52.048259+00:00
197,5391261897,183.625,0.11,buy,False,2022-11-09T17:25:51.407243+00:00
198,5390873938,186.95,7.33,buy,False,2022-11-09T16:51:01.459651+00:00
199,5390450264,182.05,0.5,sell,False,2022-11-09T16:24:16.994665+00:00
200,5390172228,182.55,0.3,sell,False,2022-11-09T16:06:43.264682+00:00
201,5390172227,182.575,3.45,sell,False,2022-11-09T16:06:43.264682+00:00
202,5389674515,186.825,1.875,sell,False,2022-11-09T15:42:58.695914+00:00
203,5389546868,189.9,1.025,sell,False,2022-11-09T15:37:34.851664+00:00
204,5389544954,190.225,0.065,sell,False,2022-11-09T15:37:32.433840+00:00
205,5389484942,192.125,0.565,sell,False,2022-11-09T15:35:59.974689+00:00
206,5389477871,193.725,0.31,sell,False,2022-11-09T15:35:40.300109+00:00
207,5389475431,194.8,0.105,buy,False,2022-11-09T15:35:30.335248+00:00
208,5389441068,192.6,0.06,sell,False,2022-11-09T15:33:59.372309+00:00
209,5389428253,194.4,0.28,sell,False,2022-11-09T15:33:35.669097+00:00
210,5389421032,194.875,0.06,sell,False,2022-11-09T15:33:20.266950+00:00
211,5389410056,197.1,0.055,sell,False,2022-11-09T15:32:59.406642+00:00
212,5389398484,199.25,0.055,sell,False,2022-11-09T15:32:21.283675+00:00
213,5389152027,207.0,0.28,buy,False,2022-11-09T15:07:09.023859+00:00
214,5389030642,201.35,0.05,sell,False,2022-11-09T14:57:05.782181+00:00
215,5389006135,203.4,0.05,sell,False,2022-11-09T14:54:49.224447+00:00
216,5388827370,196.35,2.015,buy,False,2022-11-09T14:44:32.938360+00:00
217,5388827085,196.35,4.965,buy,False,2022-11-09T14:44:32.407488+00:00
218,5388720902,191.75,3.285,sell,False,2022-11-09T14:36:48.721956+00:00
219,5388694334,196.2,1.73,sell,False,2022-11-09T14:35:02.638142+00:00
220,5388403953,196.2,0.055,sell,False,2022-11-09T14:09:50.710996+00:00
221,5388403952,199.425,0.515,sell,False,2022-11-09T14:09:50.710996+00:00
222,5388093493,199.425,0.46,sell,False,2022-11-09T13:39:19.126899+00:00
223,5388093195,201.75,0.54,sell,False,2022-11-09T13:39:17.101207+00:00
224,5388065209,203.45,0.295,sell,False,2022-11-09T13:36:53.654359+00:00
225,5388064879,204.575,0.1,buy,False,2022-11-09T13:36:51.782823+00:00
226,5388058370,201.225,1.0,buy,False,2022-11-09T13:36:26.578098+00:00
227,5388058299,190.425,6.675,sell,False,2022-11-09T13:36:26.050201+00:00
228,5388058021,195.675,7.01,buy,False,2022-11-09T13:36:25.028490+00:00
229,5388057885,190.425,5.415,sell,False,2022-11-09T13:36:24.692041+00:00
230,5388057675,190.425,0.42,sell,False,2022-11-09T13:36:23.138618+00:00
231,5388057483,191.075,3.3,sell,False,2022-11-09T13:36:21.650260+00:00
232,5388057260,195.525,1.67,sell,False,2022-11-09T13:36:20.207484+00:00
233,5388057097,195.525,0.12,sell,False,2022-11-09T13:36:18.593717+00:00
234,5388056911,195.55,0.105,sell,False,2022-11-09T13:36:17.176758+00:00
235,5388056810,198.75,0.98,sell,False,2022-11-09T13:36:15.567501+00:00
236,5388056505,201.075,0.54,sell,False,2022-11-09T13:36:13.553848+00:00
237,5388056317,202.75,0.3,sell,False,2022-11-09T13:36:11.538552+00:00
238,5388053579,203.875,0.1,buy,False,2022-11-09T13:35:51.733336+00:00
239,5388047213,188.9,0.5,sell,False,2022-11-09T13:35:13.258902+00:00
240,5388046848,191.375,6.79,sell,False,2022-11-09T13:35:11.260390+00:00
241,5388046764,196.25,6.995,buy,False,2022-11-09T13:35:10.230843+00:00
242,5388046497,191.375,0.5,sell,False,2022-11-09T13:35:08.655158+00:00
243,5388045890,191.375,0.005,sell,False,2022-11-09T13:35:05.617378+00:00
244,5388045602,191.375,3.485,sell,False,2022-11-09T13:35:03.590067+00:00
245,5388045017,191.375,4.46,sell,False,2022-11-09T13:35:01.629009+00:00
246,5388044695,191.65,3.29,sell,False,2022-11-09T13:35:00.092199+00:00
247,5388044432,192.225,4.71,sell,False,2022-11-09T13:34:58.521268+00:00
248,5388044053,192.225,0.94,sell,False,2022-11-09T13:34:56.480562+00:00
249,5388043655,192.225,5.75,sell,False,2022-11-09T13:34:54.581558+00:00
250,5388043189,192.225,0.94,sell,False,2022-11-09T13:34:52.428795+00:00
251,5388042586,192.225,3.645,sell,False,2022-11-09T13:34:50.361186+00:00
252,5388041145,192.225,2.46,sell,False,2022-11-09T13:34:47.291247+00:00
253,5388040472,193.075,3.025,sell,False,2022-11-09T13:34:44.328621+00:00
254,5388039818,193.075,0.005,sell,False,2022-11-09T13:34:40.265224+00:00
255,5388039406,193.075,8.7,sell,False,2022-11-09T13:34:36.531899+00:00
256,5388039209,193.075,5.745,sell,False,2022-11-09T13:34:34.994228+00:00
257,5388038938,193.075,4.19,sell,False,2022-11-09T13:34:32.802442+00:00
258,5388038665,196.1,0.315,sell,False,2022-11-09T13:34:31.137137+00:00
259,5388038510,196.1,1.47,sell,False,2022-11-09T13:34:29.806963+00:00
260,5388038373,196.125,0.66,sell,False,2022-11-09T13:34:28.517089+00:00
261,5388038069,196.125,2.015,sell,False,2022-11-09T13:34:27.089598+00:00
262,5388037829,196.125,0.46,sell,False,2022-11-09T13:34:25.103263+00:00
263,5388037443,199.325,0.98,sell,False,2022-11-09T13:34:23.256826+00:00
264,5388037289,201.675,0.54,sell,False,2022-11-09T13:34:21.935214+00:00
265,5388037017,203.35,0.29,sell,False,2022-11-09T13:34:20.444589+00:00
266,5388036769,203.35,0.005,sell,False,2022-11-09T13:34:19.066831+00:00
267,5388036418,203.35,0.005,sell,False,2022-11-09T13:34:17.173261+00:00
268,5388021651,204.475,0.1,buy,False,2022-11-09T13:32:47.081833+00:00
269,5388011467,190.675,13.17,buy,False,2022-11-09T13:31:53.551970+00:00
270,5388011466,190.65,3.225,buy,False,2022-11-09T13:31:53.551970+00:00
271,5388011465,183.0,34.145,buy,False,2022-11-09T13:31:53.551970+00:00
272,5387992248,184.575,6.145,sell,False,2022-11-09T13:30:01.948847+00:00
273,5387990572,190.2,0.05,sell,False,2022-11-09T13:29:49.383370+00:00
274,5387990571,190.675,3.305,sell,False,2022-11-09T13:29:49.383370+00:00
275,5387990570,190.7,3.225,sell,False,2022-11-09T13:29:49.383370+00:00
276,5387990569,195.125,1.795,sell,False,2022-11-09T13:29:49.383370+00:00
277,5387987335,198.325,0.985,sell,False,2022-11-09T13:29:27.995950+00:00
278,5387982199,200.65,0.54,sell,False,2022-11-09T13:28:58.511782+00:00
279,5387697855,202.35,0.3,sell,False,2022-11-09T13:10:39.645764+00:00
280,5387697110,203.45,0.1,buy,False,2022-11-09T13:10:37.365388+00:00
281,5386083662,203.55,6.74,buy,False,2022-11-09T11:21:06.802824+00:00
282,5386083661,203.525,2.925,buy,False,2022-11-09T11:21:06.802824+00:00
283,5385706312,203.525,0.1,buy,False,2022-11-09T10:50:52.945276+00:00
284,5385534127,193.0,13.515,buy,False,2022-11-09T10:39:39.209179+00:00
285,5385534078,193.0,0.485,sell,False,2022-11-09T10:39:39.030661+00:00
286,5385183547,193.0,0.015,sell,False,2022-11-09T10:22:12.882130+00:00
287,5385183546,194.4,0.035,sell,False,2022-11-09T10:22:12.882130+00:00
288,5385183545,195.0,4.37,sell,False,2022-11-09T10:22:12.882130+00:00
289,5385124691,195.0,4.245,sell,True,2022-11-09T10:19:30.874981+00:00
290,5384968283,197.225,1.005,sell,True,2022-11-09T10:12:37.352744+00:00
291,5384645967,195.0,0.435,sell,False,2022-11-09T09:55:08.819714+00:00
292,5384645966,198.8,3.17,sell,False,2022-11-09T09:55:08.819714+00:00
293,5384645965,200.0,3.31,sell,False,2022-11-09T09:55:08.819714+00:00
294,5384645964,200.025,0.36,sell,False,2022-11-09T09:55:08.819714+00:00
295,5384645963,203.4,1.725,sell,False,2022-11-09T09:55:08.819714+00:00
296,5384645962,204.0,1.0,sell,False,2022-11-09T09:55:08.819714+00:00
297,5384532162,206.75,0.945,sell,False,2022-11-09T09:49:20.665186+00:00
298,5383924754,209.175,0.52,sell,False,2022-11-09T09:13:38.839123+00:00
299,5383897842,209.5,0.915,sell,False,2022-11-09T09:12:18.766154+00:00
300,5383485412,209.5,0.395,sell,False,2022-11-09T08:41:58.629194+00:00
301,5382407513,209.5,0.855,sell,False,2022-11-09T07:22:12.772594+00:00
302,5382407512,210.95,0.285,sell,False,2022-11-09T07:22:12.772594+00:00
303,5379785773,212.1,0.095,buy,False,2022-11-09T03:38:37.599892+00:00
304,5378865543,215.6,0.04,buy,False,2022-11-09T02:16:08.767479+00:00
305,5378858297,215.625,0.05,buy,False,2022-11-09T02:15:22.099440+00:00
306,5378459918,216.8,0.29,buy,False,2022-11-09T01:35:53.204352+00:00
307,5377620808,206.35,5.96,sell,False,2022-11-09T00:17:00.100459+00:00
308,5376967107,204.075,0.81,sell,False,2022-11-08T23:30:24.272018+00:00
309,5376967106,204.1,0.185,sell,False,2022-11-08T23:30:24.272018+00:00
310,5376215331,213.0,0.555,buy,False,2022-11-08T22:32:15.237163+00:00
311,5375812776,210.075,0.45,sell,False,2022-11-08T22:01:54.692128+00:00
312,5375393172,208.925,0.335,sell,False,2022-11-08T21:37:52.208708+00:00
313,5374904432,214.3,3.0,buy,False,2022-11-08T21:08:47.639450+00:00
314,5374226662,205.225,0.05,buy,False,2022-11-08T20:31:31.541098+00:00
315,5372816450,200.25,0.05,sell,False,2022-11-08T19:42:10.472251+00:00
316,5372628035,202.45,1.0,buy,False,2022-11-08T19:37:22.739992+00:00
317,5372618463,202.475,0.05,buy,False,2022-11-08T19:37:10.184852+00:00
318,5372450562,194.4,0.095,sell,True,2022-11-08T19:34:20.240639+00:00
319,5372416544,194.4,0.15,sell,False,2022-11-08T19:33:52.557788+00:00
320,5371957853,200.0,0.05,sell,False,2022-11-08T19:27:06.193783+00:00
321,5371669881,202.675,0.18,sell,False,2022-11-08T19:22:11.056701+00:00
322,5371367680,203.7,1.565,sell,True,2022-11-08T19:12:00.085535+00:00
323,5371350640,207.0,0.22,sell,True,2022-11-08T19:11:36.331060+00:00
324,5371165343,207.0,0.045,sell,False,2022-11-08T19:05:06.049160+00:00
325,5371165304,210.2,0.495,sell,False,2022-11-08T19:05:06.014344+00:00
326,5371165303,210.5,0.23,sell,False,2022-11-08T19:05:06.014344+00:00
327,5371162294,213.15,0.975,sell,False,2022-11-08T19:04:59.330425+00:00
328,5371156979,213.15,4.345,sell,False,2022-11-08T19:04:46.618246+00:00
329,5371156978,213.175,3.025,sell,False,2022-11-08T19:04:46.618246+00:00
330,5370033614,220.225,1.365,sell,False,2022-11-08T18:29:41.186263+00:00
331,5370009079,221.5,36.315,buy,False,2022-11-08T18:29:00.270752+00:00
332,5370009078,220.9,3.685,buy,False,2022-11-08T18:29:00.270752+00:00
333,5369993608,220.225,0.51,sell,False,2022-11-08T18:28:29.260108+00:00
334,5369932761,220.225,0.99,sell,False,2022-11-08T18:26:49.195985+00:00
335,5369650385,220.425,0.245,sell,False,2022-11-08T18:21:08.447313+00:00
336,5369585433,221.125,0.08,sell,False,2022-11-08T18:20:14.888900+00:00
337,5369101805,225.225,0.11,sell,False,2022-11-08T18:09:39.298994+00:00
338,5369099007,225.325,1.555,sell,False,2022-11-08T18:09:36.568192+00:00
339,5368775267,228.725,0.23,sell,False,2022-11-08T18:05:21.481630+00:00
340,5368681331,231.0,1.0,sell,False,2022-11-08T18:02:41.465734+00:00
341,5368595938,229.05,0.85,sell,False,2022-11-08T18:00:13.957807+00:00
342,5368363568,231.725,0.47,sell,False,2022-11-08T17:54:06.621233+00:00
343,5368361750,233.2,0.005,buy,False,2022-11-08T17:54:04.801906+00:00
344,5368243579,233.675,0.26,sell,False,2022-11-08T17:51:46.104633+00:00
345,5368221199,234.725,0.235,sell,False,2022-11-08T17:50:53.835770+00:00
346,5368212691,234.95,0.09,buy,False,2022-11-08T17:50:30.243364+00:00
347,5368154619,235.325,0.035,sell,False,2022-11-08T17:47:54.320039+00:00
348,5367901658,239.475,0.08,buy,False,2022-11-08T17:36:01.961391+00:00
349,5367483612,237.575,0.055,sell,False,2022-11-08T17:21:53.207909+00:00
350,5367189596,245.025,1.0,buy,False,2022-11-08T17:11:46.072090+00:00
351,5367015463,241.8,0.11,sell,False,2022-11-08T17:04:24.689187+00:00
352,5367013380,246.25,0.01,sell,False,2022-11-08T17:04:21.635825+00:00
353,5367012407,246.25,0.005,sell,False,2022-11-08T17:04:19.951104+00:00
354,5367012244,246.25,0.005,sell,False,2022-11-08T17:04:19.564110+00:00
355,5366768275,248.675,13.3,sell,False,2022-11-08T16:54:52.799619+00:00
356,5366687712,247.95,0.025,sell,False,2022-11-08T16:50:57.669237+00:00
357,5366621297,250.975,0.055,sell,False,2022-11-08T16:48:06.242962+00:00
358,5366557092,254.625,0.015,sell,False,2022-11-08T16:45:54.276900+00:00
359,5366016966,256.85,1.61,sell,False,2022-11-08T16:29:00.574917+00:00
360,5366016965,257.45,0.03,sell,False,2022-11-08T16:29:00.574917+00:00
361,5365875165,261.85,0.015,buy,False,2022-11-08T16:24:24.345718+00:00
362,5365806139,257.725,0.01,buy,False,2022-11-08T16:22:15.885167+00:00
363,5365678659,256.65,0.01,sell,False,2022-11-08T16:18:24.522670+00:00
364,5365583902,253.3,0.39,buy,False,2022-11-08T16:15:54.015448+00:00
365,5365462368,250.675,0.66,buy,False,2022-11-08T16:13:31.373395+00:00
366,5365461234,250.675,5.31,buy,False,2022-11-08T16:13:30.837366+00:00
367,5365459768,250.675,4.035,buy,False,2022-11-08T16:13:30.215801+00:00
368,5365452660,249.925,0.235,buy,False,2022-11-08T16:13:23.515687+00:00
369,5365367708,249.075,0.015,sell,False,2022-11-08T16:11:47.143638+00:00
370,5365247396,247.85,0.395,buy,False,2022-11-08T16:09:56.534670+00:00
371,5365100295,243.05,1.0,buy,False,2022-11-08T16:07:37.330956+00:00
372,5365032759,240.775,0.43,buy,False,2022-11-08T16:06:24.470397+00:00
373,5365032758,240.7,0.175,buy,False,2022-11-08T16:06:24.470397+00:00
374,5365031187,240.7,5.915,buy,False,2022-11-08T16:06:23.749966+00:00
375,5365030204,240.7,6.015,buy,False,2022-11-08T16:06:23.187276+00:00
376,5364985091,237.85,0.375,buy,False,2022-11-08T16:05:46.092949+00:00
377,5364975190,237.375,0.61,buy,False,2022-11-08T16:05:37.998311+00:00
378,5364899331,234.725,0.245,buy,False,2022-11-08T16:04:16.895004+00:00
379,5364317714,218.8,0.06,sell,False,2022-11-08T15:30:02.000653+00:00
380,5364298835,219.375,0.065,sell,False,2022-11-08T15:29:39.735858+00:00
381,5364295172,219.65,0.055,sell,False,2022-11-08T15:29:26.375655+00:00
382,5364254254,220.425,0.245,sell,False,2022-11-08T15:26:41.022039+00:00
383,5364197519,223.425,0.18,sell,False,2022-11-08T15:23:07.737357+00:00
384,5364197358,223.425,4.905,sell,False,2022-11-08T15:23:07.201114+00:00
385,5364197165,223.425,4.345,sell,False,2022-11-08T15:23:06.662981+00:00
386,5364196827,223.425,3.87,sell,False,2022-11-08T15:23:06.124915+00:00
387,5363749027,236.55,0.085,buy,False,2022-11-08T14:53:58.415334+00:00
388,5363560645,221.75,0.055,sell,False,2022-11-08T14:45:19.332138+00:00
389,5363556901,221.975,0.05,sell,False,2022-11-08T14:45:10.915001+00:00
390,5363551626,222.5,0.055,sell,False,2022-11-08T14:45:00.083117+00:00
391,5363550831,222.75,0.06,sell,False,2022-11-08T14:44:57.769538+00:00
392,5363529230,224.225,0.045,sell,False,2022-11-08T14:43:50.884911+00:00
393,5363488361,224.625,0.055,sell,False,2022-11-08T14:42:02.740983+00:00
394,5363488360,225.25,0.05,sell,False,2022-11-08T14:42:02.740983+00:00
395,5363454573,226.05,0.06,sell,False,2022-11-08T14:40:42.462128+00:00
396,5363433423,227.4,0.05,sell,False,2022-11-08T14:39:47.679280+00:00
397,5363356722,227.925,0.05,sell,False,2022-11-08T14:36:36.963679+00:00
398,5363355716,229.225,0.055,sell,False,2022-11-08T14:36:34.251174+00:00
399,5363341112,229.8,0.21,sell,False,2022-11-08T14:36:15.310369+00:00
400,5363339006,230.125,0.05,sell,False,2022-11-08T14:36:13.068995+00:00
401,5363338386,230.525,0.05,sell,False,2022-11-08T14:36:11.998458+00:00
402,5363338385,230.625,0.22,sell,False,2022-11-08T14:36:11.998458+00:00
403,5363328370,232.325,0.055,sell,False,2022-11-08T14:35:53.415056+00:00
404,5363327425,232.75,0.05,sell,False,2022-11-08T14:35:50.314896+00:00
405,5363323877,233.05,0.045,sell,False,2022-11-08T14:35:36.476324+00:00
406,5363315780,234.95,11.48,sell,False,2022-11-08T14:35:03.541744+00:00
407,5363301636,234.725,0.235,sell,False,2022-11-08T14:34:02.709004+00:00
408,5363299875,235.5,0.045,sell,False,2022-11-08T14:33:57.176187+00:00
409,5363297008,235.275,0.045,sell,False,2022-11-08T14:33:51.798302+00:00
410,5363297007,235.325,0.05,sell,False,2022-11-08T14:33:51.798302+00:00
411,5363293860,237.9,0.045,sell,False,2022-11-08T14:33:40.968252+00:00
412,5363280300,237.75,0.045,sell,False,2022-11-08T14:32:38.814853+00:00
413,5363273826,240.175,0.045,sell,False,2022-11-08T14:32:12.929725+00:00
414,5363265073,238.25,0.05,sell,False,2022-11-08T14:31:29.769848+00:00
415,5363261357,240.0,0.015,sell,False,2022-11-08T14:31:14.668526+00:00
416,5363260724,241.075,0.05,sell,False,2022-11-08T14:31:12.167320+00:00
417,5363260289,242.675,4.675,sell,False,2022-11-08T14:31:10.473193+00:00
418,5363253676,243.825,0.045,sell,False,2022-11-08T14:30:43.413278+00:00
419,5363253675,244.2,0.1,sell,False,2022-11-08T14:30:43.413278+00:00
420,5363242422,245.85,0.1,sell,False,2022-11-08T14:30:13.614117+00:00
421,5363242094,246.5,0.045,sell,False,2022-11-08T14:30:12.579465+00:00
422,5362938881,249.1,0.045,sell,False,2022-11-08T14:09:36.022294+00:00
423,5362847972,251.5,0.04,buy,False,2022-11-08T14:03:42.226675+00:00
424,5362726606,246.7,0.195,sell,False,2022-11-08T13:57:13.160181+00:00
425,5362722418,246.7,1.415,sell,False,2022-11-08T13:57:02.253646+00:00
426,5362582759,249.925,0.22,sell,False,2022-11-08T13:45:55.095370+00:00
427,5362558443,252.25,4.46,buy,False,2022-11-08T13:42:59.701833+00:00
428,5362558404,252.25,4.63,buy,False,2022-11-08T13:42:59.160275+00:00
429,5362558274,250.7,2.515,sell,False,2022-11-08T13:42:58.291777+00:00
430,5362558273,251.85,9.36,sell,False,2022-11-08T13:42:58.291777+00:00
431,5362472025,252.35,0.005,sell,False,2022-11-08T13:31:37.814132+00:00
432,5362472003,252.35,0.005,sell,False,2022-11-08T13:31:37.555301+00:00
433,5362471351,252.35,0.005,sell,False,2022-11-08T13:31:34.514841+00:00
434,5362471197,252.35,0.015,sell,False,2022-11-08T13:31:33.770738+00:00
435,5362291658,252.475,0.02,sell,False,2022-11-08T13:06:21.031509+00:00
436,5362127764,252.8,4.03,buy,False,2022-11-08T12:45:02.079050+00:00
437,5362083026,252.625,3.12,buy,False,2022-11-08T12:39:45.991721+00:00
438,5361879353,255.05,3.425,buy,False,2022-11-08T12:11:53.409803+00:00
439,5361776482,255.4,0.5,buy,False,2022-11-08T12:00:00.521247+00:00
440,5361593221,253.175,3.435,buy,False,2022-11-08T11:37:05.504398+00:00
441,5361188454,252.425,1.0,buy,False,2022-11-08T10:59:19.458223+00:00
442,5361092069,253.0,2.5,buy,False,2022-11-08T10:48:41.089540+00:00
443,5361083256,253.15,3.75,buy,False,2022-11-08T10:47:43.348101+00:00
444,5361080757,253.15,3.86,buy,False,2022-11-08T10:47:21.536758+00:00
445,5361046909,253.225,3.075,buy,False,2022-11-08T10:43:26.507754+00:00
446,5360815263,257.775,0.5,buy,False,2022-11-08T10:15:55.542694+00:00
447,5360815192,257.775,0.5,buy,False,2022-11-08T10:15:55.317721+00:00
448,5360741989,253.9,2.355,buy,False,2022-11-08T10:07:32.787728+00:00
449,5360664407,254.0,2.785,buy,False,2022-11-08T09:58:53.121974+00:00
450,5360628691,253.7,3.55,buy,False,2022-11-08T09:54:04.914161+00:00
451,5360086745,253.05,3.0,buy,False,2022-11-08T09:00:01.701158+00:00
452,5360086682,253.05,6.0,buy,False,2022-11-08T09:00:01.487753+00:00
453,5360086423,259.6,2.405,buy,False,2022-11-08T09:00:00.235245+00:00
454,5359861489,251.8,1.635,sell,False,2022-11-08T08:36:49.956788+00:00
455,5358374323,251.925,0.81,sell,False,2022-11-08T06:37:17.758048+00:00
456,5358374322,254.05,0.045,sell,False,2022-11-08T06:37:17.758048+00:00
457,5357107423,256.525,1.365,sell,False,2022-11-08T05:26:06.768634+00:00
458,5354003628,260.75,0.75,sell,False,2022-11-08T03:20:42.526779+00:00
459,5353981037,261.175,0.02,sell,False,2022-11-08T03:20:22.485845+00:00
460,5351881048,266.175,0.015,buy,False,2022-11-08T00:03:43.071836+00:00
461,5350781692,263.8,0.41,sell,False,2022-11-07T22:21:57.247722+00:00
462,5350257077,266.025,0.23,sell,False,2022-11-07T21:40:08.743066+00:00
463,5350176761,267.4,0.09,buy,False,2022-11-07T21:34:56.261408+00:00
464,5350129893,267.475,0.075,buy,False,2022-11-07T21:31:22.865737+00:00
465,5350113516,256.825,0.67,sell,False,2022-11-07T21:29:32.641382+00:00
466,5350113515,256.85,2.48,sell,False,2022-11-07T21:29:32.641382+00:00
467,5350113514,259.35,0.05,sell,False,2022-11-07T21:29:32.641382+00:00
468,5349895269,265.825,0.75,buy,False,2022-11-07T20:57:15.629370+00:00
469,5349895268,265.825,2.0,buy,False,2022-11-07T20:57:15.628771+00:00
470,5349873101,266.525,2.805,buy,False,2022-11-07T20:54:42.163446+00:00
471,5349838085,266.425,1.015,buy,False,2022-11-07T20:48:50.054245+00:00
472,5349629857,268.475,2.475,buy,False,2022-11-07T20:17:43.557458+00:00
473,5349610282,267.525,3.535,buy,False,2022-11-07T20:15:09.188645+00:00
474,5349601321,267.725,3.735,buy,False,2022-11-07T20:14:02.014373+00:00
475,5349579483,266.775,3.78,buy,False,2022-11-07T20:10:43.497579+00:00
476,5349571579,266.725,3.0,buy,False,2022-11-07T20:09:48.899019+00:00
477,5349499538,266.975,2.52,buy,False,2022-11-07T20:01:28.427886+00:00
478,5349483135,266.5,0.135,sell,False,2022-11-07T19:59:47.902127+00:00
479,5349405976,267.05,3.44,buy,False,2022-11-07T19:49:21.597776+00:00
480,5349397108,267.675,1.0,buy,False,2022-11-07T19:48:04.216184+00:00
481,5349367975,267.5,0.63,buy,False,2022-11-07T19:44:17.582755+00:00
482,5349367974,267.5,1.0,buy,False,2022-11-07T19:44:17.581298+00:00
483,5349367973,267.5,1.0,buy,False,2022-11-07T19:44:17.581086+00:00
484,5349367972,267.5,1.0,buy,False,2022-11-07T19:44:17.579976+00:00
485,5349334464,268.5,5.325,buy,False,2022-11-07T19:40:14.582595+00:00
486,5349320862,268.575,2.0,buy,False,2022-11-07T19:38:50.363743+00:00
487,5349305976,268.55,2.535,buy,False,2022-11-07T19:37:52.184049+00:00
488,5349298957,268.6,2.815,buy,False,2022-11-07T19:37:26.243065+00:00
489,5349282575,266.075,2.505,buy,False,2022-11-07T19:36:17.168664+00:00
490,5349251051,266.0,2.515,buy,False,2022-11-07T19:33:36.058977+00:00
491,5349247324,265.975,3.655,buy,False,2022-11-07T19:33:10.427243+00:00
492,5349208566,264.875,2.935,buy,False,2022-11-07T19:28:18.757114+00:00
493,5349208565,264.875,1.0,buy,False,2022-11-07T19:28:18.756462+00:00
494,5349206063,264.875,3.455,buy,False,2022-11-07T19:27:56.260509+00:00
495,5349197710,264.625,2.785,buy,False,2022-11-07T19:26:29.854990+00:00
496,5349196340,264.925,2.21,buy,False,2022-11-07T19:26:18.853739+00:00
497,5349125093,265.675,4.1,buy,False,2022-11-07T19:18:22.329371+00:00
498,5349122834,265.1,3.425,buy,False,2022-11-07T19:18:11.498909+00:00
499,5349101635,265.325,2.0,buy,False,2022-11-07T19:16:11.548326+00:00
500,5349093833,264.925,6.0,buy,False,2022-11-07T19:15:07.305632+00:00
501,5349093832,264.925,1.145,buy,False,2022-11-07T19:15:07.305614+00:00
502,5349083446,264.675,3.0,buy,False,2022-11-07T19:13:25.306042+00:00
503,5349081778,264.4,3.9,buy,False,2022-11-07T19:13:05.834275+00:00
504,5349074156,264.25,2.645,buy,False,2022-11-07T19:12:00.737132+00:00
505,5348993028,261.95,3.13,buy,False,2022-11-07T18:58:56.484252+00:00
506,5348972493,261.95,3.33,buy,False,2022-11-07T18:54:46.969192+00:00
507,5348968064,261.95,3.495,buy,False,2022-11-07T18:53:56.167941+00:00
508,5348950751,262.475,1.0,buy,False,2022-11-07T18:50:43.796984+00:00
509,5348929885,262.7,3.175,buy,False,2022-11-07T18:47:34.652668+00:00
510,5348919414,262.475,1.0,buy,False,2022-11-07T18:45:35.175920+00:00
511,5348873610,262.05,3.0,buy,False,2022-11-07T18:37:30.068867+00:00
512,5348873609,262.05,0.93,buy,False,2022-11-07T18:37:30.067977+00:00
513,5348852433,262.9,3.91,buy,False,2022-11-07T18:34:20.518745+00:00
514,5348786089,262.6,4.095,buy,False,2022-11-07T18:25:58.037643+00:00
515,5348679423,263.075,0.065,buy,False,2022-11-07T18:10:53.339684+00:00
516,5348679422,263.075,0.66,buy,False,2022-11-07T18:10:53.338230+00:00
517,5348606663,260.425,2.055,buy,False,2022-11-07T18:00:14.748714+00:00
518,5348606662,260.425,2.0,buy,False,2022-11-07T18:00:14.748129+00:00
519,5348589847,259.875,1.0,buy,False,2022-11-07T17:57:17.468123+00:00
520,5348582364,260.7,0.415,sell,False,2022-11-07T17:56:04.786044+00:00
521,5348561364,261.2,0.375,buy,False,2022-11-07T17:52:04.356749+00:00
522,5348545068,261.65,2.0,buy,False,2022-11-07T17:49:10.323194+00:00
523,5348472508,264.05,3.72,buy,False,2022-11-07T17:36:32.236591+00:00
524,5348302486,262.9,0.23,sell,False,2022-11-07T17:10:47.233796+00:00
525,5348222039,264.325,0.08,buy,False,2022-11-07T17:01:58.989769+00:00
526,5347819024,268.775,1.785,buy,False,2022-11-07T16:16:23.204631+00:00
527,5347819023,268.775,2.0,buy,False,2022-11-07T16:16:23.204029+00:00
528,5347603429,269.2,2.0,buy,False,2022-11-07T16:00:16.318745+00:00
529,5347603424,269.2,0.185,buy,False,2022-11-07T16:00:16.309794+00:00
530,5347313244,263.6,0.465,sell,False,2022-11-07T15:36:48.284360+00:00
531,5347313243,264.35,3.87,sell,False,2022-11-07T15:36:48.284360+00:00
532,5347283096,263.7,3.075,buy,False,2022-11-07T15:33:08.531380+00:00
533,5347179908,265.45,3.345,buy,False,2022-11-07T15:21:36.604040+00:00
534,5347109516,268.2,0.075,buy,False,2022-11-07T15:16:20.857844+00:00
535,5347102734,266.625,3.0,buy,False,2022-11-07T15:15:48.691159+00:00
536,5346979801,266.225,1.0,sell,False,2022-11-07T15:03:55.987746+00:00
537,5346967621,266.75,0.075,buy,False,2022-11-07T15:02:49.261306+00:00
538,5346954370,265.625,1.455,buy,False,2022-11-07T15:02:00.831596+00:00
539,5346943752,264.05,4.16,buy,False,2022-11-07T15:01:01.252676+00:00
540,5346943751,264.05,2.75,buy,False,2022-11-07T15:01:01.252676+00:00
541,5346823627,262.325,0.745,sell,False,2022-11-07T14:48:31.696958+00:00
542,5346788391,265.4,0.41,sell,False,2022-11-07T14:44:50.265782+00:00
543,5346739492,267.4,1.0,sell,False,2022-11-07T14:40:20.412785+00:00
544,5346684754,267.65,0.225,sell,False,2022-11-07T14:36:29.536807+00:00
545,5346672094,269.1,0.075,buy,False,2022-11-07T14:35:34.581674+00:00
546,5346034877,269.65,1.685,sell,False,2022-11-07T13:13:36.282744+00:00
547,5345935796,272.85,0.015,sell,False,2022-11-07T13:03:44.067728+00:00
548,5345853075,266.925,0.395,sell,False,2022-11-07T12:57:16.253526+00:00
549,5345121532,272.75,0.25,sell,False,2022-11-07T11:15:23.835624+00:00
550,5345070911,274.0,1.005,sell,False,2022-11-07T11:06:06.880924+00:00
551,5345068467,274.0,1.005,sell,False,2022-11-07T11:05:45.003998+00:00
552,5345060673,273.55,1.0,sell,False,2022-11-07T11:04:28.321668+00:00
553,5345060655,273.55,1.0,sell,False,2022-11-07T11:04:28.126902+00:00
554,5345058537,273.5,2.5,sell,False,2022-11-07T11:04:09.464113+00:00
555,5345058521,273.5,4.5,sell,False,2022-11-07T11:04:09.269332+00:00
556,5345058476,273.5,7.09,sell,False,2022-11-07T11:04:08.904266+00:00
557,5345057650,273.975,2.98,sell,False,2022-11-07T11:04:01.261257+00:00
558,5344729809,273.675,0.695,buy,False,2022-11-07T10:18:52.031068+00:00
559,5344697565,273.025,3.0,sell,False,2022-11-07T10:16:59.983693+00:00
560,5344596092,272.825,2.525,sell,False,2022-11-07T10:06:49.360653+00:00
561,5344513437,272.05,2.83,sell,False,2022-11-07T09:55:47.209044+00:00
562,5344507164,270.1,0.5,sell,False,2022-11-07T09:54:44.464900+00:00
563,5344507149,270.1,0.5,sell,False,2022-11-07T09:54:44.267788+00:00
564,5344506455,272.25,3.46,sell,False,2022-11-07T09:54:35.740976+00:00
565,5344172749,272.225,2.34,buy,False,2022-11-07T09:05:03.906551+00:00
566,5344122018,272.4,0.5,sell,False,2022-11-07T09:00:00.825064+00:00
567,5343342757,269.9,2.865,sell,False,2022-11-07T07:50:38.002923+00:00
568,5343296531,271.225,0.4,sell,False,2022-11-07T07:46:40.917763+00:00
569,5343079708,271.725,6.51,sell,False,2022-11-07T07:27:10.272252+00:00
570,5342566468,273.1,1.87,sell,False,2022-11-07T06:25:18.118865+00:00
571,5342566467,273.5,0.22,sell,False,2022-11-07T06:25:18.118865+00:00
572,5341544862,275.0,0.075,buy,False,2022-11-07T04:01:18.752049+00:00
573,5341532435,273.825,0.56,sell,False,2022-11-07T03:59:11.925480+00:00
574,5341012877,276.425,0.5,buy,False,2022-11-07T02:32:17.230275+00:00
575,5340990054,274.575,5.39,buy,False,2022-11-07T02:29:14.323559+00:00
576,5340864929,275.5,3.54,sell,False,2022-11-07T02:14:30.763943+00:00
577,5340848829,275.475,2.83,sell,False,2022-11-07T02:12:47.027990+00:00
578,5340840448,275.675,2.65,sell,False,2022-11-07T02:12:08.808967+00:00
579,5340838921,275.3,9.51,sell,False,2022-11-07T02:11:59.142359+00:00
580,5340838851,275.3,6.925,sell,False,2022-11-07T02:11:58.630919+00:00
581,5340818101,275.025,9.145,sell,False,2022-11-07T02:10:34.296408+00:00
582,5340800379,274.95,2.38,sell,False,2022-11-07T02:09:08.255412+00:00
583,5340760967,274.725,3.695,sell,False,2022-11-07T02:03:41.391277+00:00
584,5340732768,274.825,4.155,sell,False,2022-11-07T01:59:40.962133+00:00
585,5340716169,274.775,3.63,sell,False,2022-11-07T01:57:24.498803+00:00
586,5340516870,273.325,3.235,sell,False,2022-11-07T01:34:58.393292+00:00
587,5340483474,272.125,6.055,sell,False,2022-11-07T01:31:08.360390+00:00
588,5340423305,275.2,2.08,buy,False,2022-11-07T01:24:36.705186+00:00
589,5340423304,275.0,4.83,buy,False,2022-11-07T01:24:36.705186+00:00
590,5340423303,273.9,0.695,buy,False,2022-11-07T01:24:36.705186+00:00
591,5340423294,271.525,7.22,sell,False,2022-11-07T01:24:36.546004+00:00
592,5340423276,271.525,8.37,sell,False,2022-11-07T01:24:36.286637+00:00
593,5340415573,271.35,6.315,sell,False,2022-11-07T01:23:16.269851+00:00
594,5340410109,271.35,7.695,sell,False,2022-11-07T01:22:32.757714+00:00
595,5340408099,271.35,6.34,sell,False,2022-11-07T01:22:26.502985+00:00
596,5340407785,271.45,0.4,sell,False,2022-11-07T01:22:25.742394+00:00
597,5340401093,271.775,8.755,sell,False,2022-11-07T01:21:26.516843+00:00
598,5340374173,272.025,6.235,sell,False,2022-11-07T01:17:47.576485+00:00
599,5340371360,272.4,2.24,sell,False,2022-11-07T01:17:24.665022+00:00
600,5340362855,271.85,6.79,sell,False,2022-11-07T01:16:29.059341+00:00
601,5340284850,272.85,2.185,sell,False,2022-11-07T01:08:41.204043+00:00
602,5340281069,272.9,3.565,sell,False,2022-11-07T01:08:08.463662+00:00
603,5340237603,272.7,7.585,sell,False,2022-11-07T01:01:57.687707+00:00
604,5340225146,272.6,9.63,sell,False,2022-11-07T01:00:42.486834+00:00
605,5340221180,272.6,8.72,sell,False,2022-11-07T01:00:15.207293+00:00
606,5340221125,272.6,9.07,sell,False,2022-11-07T01:00:14.857520+00:00
607,5340218737,272.725,7.365,sell,False,2022-11-07T01:00:05.444679+00:00
608,5340217478,272.875,8.43,sell,False,2022-11-07T01:00:01.065977+00:00
609,5340217477,273.725,0.22,sell,False,2022-11-07T01:00:01.065977+00:00
610,5339925909,275.225,0.075,buy,False,2022-11-07T00:26:20.534026+00:00
611,5339884738,273.75,2.71,buy,False,2022-11-07T00:20:40.140314+00:00
612,5339879296,267.725,13.575,sell,False,2022-11-07T00:20:08.246502+00:00
613,5339879295,267.975,21.505,sell,False,2022-11-07T00:20:08.246502+00:00
614,5339879294,268.525,21.76,sell,False,2022-11-07T00:20:08.246502+00:00
615,5339879293,269.05,1.305,sell,False,2022-11-07T00:20:08.246502+00:00
616,5339879292,269.1,17.485,sell,False,2022-11-07T00:20:08.246502+00:00
617,5339879291,269.25,24.415,sell,False,2022-11-07T00:20:08.246502+00:00
618,5339879290,269.3,22.425,sell,False,2022-11-07T00:20:08.246502+00:00
619,5339879289,269.325,2.34,sell,False,2022-11-07T00:20:08.246502+00:00
620,5339879288,270.45,15.22,sell,False,2022-11-07T00:20:08.246502+00:00
621,5339879287,270.675,0.025,sell,False,2022-11-07T00:20:08.246502+00:00
622,5339879286,271.05,17.255,sell,False,2022-11-07T00:20:08.246502+00:00
623,5339879285,272.0,11.13,sell,False,2022-11-07T00:20:08.246502+00:00
624,5339879284,272.4,13.81,sell,False,2022-11-07T00:20:08.246502+00:00
625,5339879283,273.475,0.715,sell,False,2022-11-07T00:20:08.246502+00:00
626,5339879282,273.575,6.8,sell,False,2022-11-07T00:20:08.246502+00:00
627,5338859156,276.05,1.03,buy,False,2022-11-06T23:04:39.809777+00:00
628,5338859068,276.05,3.87,buy,False,2022-11-06T23:04:39.270204+00:00
629,5338859017,276.05,4.255,buy,False,2022-11-06T23:04:38.732975+00:00
630,5338858973,276.05,3.97,buy,False,2022-11-06T23:04:38.186374+00:00
631,5338858924,276.05,4.115,buy,False,2022-11-06T23:04:37.649010+00:00
632,5338858855,276.05,4.42,buy,False,2022-11-06T23:04:37.112308+00:00
633,5338622273,276.575,4.505,sell,False,2022-11-06T22:26:02.156458+00:00
634,5338622272,277.025,3.555,sell,False,2022-11-06T22:26:02.156458+00:00
635,5338228365,277.175,0.56,sell,False,2022-11-06T21:32:57.486226+00:00
636,5338033287,277.15,1.0,sell,False,2022-11-06T20:53:04.622981+00:00
637,5337903782,276.675,3.29,sell,False,2022-11-06T20:29:50.477617+00:00
638,5337754486,277.175,1.22,sell,False,2022-11-06T20:00:46.608462+00:00
639,5335734110,276.65,2.41,sell,False,2022-11-06T15:58:38.366837+00:00
640,5335734109,276.675,0.395,sell,False,2022-11-06T15:58:38.366837+00:00
641,5335734108,277.2,2.54,sell,False,2022-11-06T15:58:38.366837+00:00
642,5335734107,279.0,0.155,sell,False,2022-11-06T15:58:38.366837+00:00
643,5334615831,279.0,0.065,sell,False,2022-11-06T13:18:57.789504+00:00
644,5334024409,280.525,0.075,buy,False,2022-11-06T11:40:47.383981+00:00
645,5334011056,275.6,7.66,sell,False,2022-11-06T11:38:54.554874+00:00
646,5334011055,276.625,6.635,sell,False,2022-11-06T11:38:54.554874+00:00
647,5334011054,277.125,2.645,sell,False,2022-11-06T11:38:54.554874+00:00
648,5334006796,277.15,2.085,sell,False,2022-11-06T11:38:25.614282+00:00
649,5334004470,277.175,3.125,sell,False,2022-11-06T11:38:00.917125+00:00
650,5332280002,277.25,1.44,sell,False,2022-11-06T06:06:19.378250+00:00
651,5332064999,280.025,0.01,buy,False,2022-11-06T05:30:53.002065+00:00
652,5331490523,280.7,0.005,buy,False,2022-11-06T03:20:38.510046+00:00
653,5331490470,280.7,0.005,buy,False,2022-11-06T03:20:37.923822+00:00
654,5331490424,280.7,0.005,buy,False,2022-11-06T03:20:37.296685+00:00
655,5331490331,280.7,0.01,buy,False,2022-11-06T03:20:36.697395+00:00
656,5331489988,280.7,0.01,buy,False,2022-11-06T03:20:35.854237+00:00
657,5331489904,280.7,0.005,buy,False,2022-11-06T03:20:35.039780+00:00
658,5331489821,280.7,0.005,buy,False,2022-11-06T03:20:33.936000+00:00
659,5331488927,280.7,0.05,buy,False,2022-11-06T03:20:26.795020+00:00
660,5327299375,282.375,0.005,buy,False,2022-11-05T16:42:02.255386+00:00
661,5322829039,283.125,1.44,buy,False,2022-11-05T05:40:09.907147+00:00
662,5321077690,277.175,0.2,sell,False,2022-11-05T01:07:53.199656+00:00
663,5319759314,280.025,0.01,buy,False,2022-11-04T22:46:04.812725+00:00
664,5319753947,280.75,0.155,buy,False,2022-11-04T22:45:14.496635+00:00
665,5319753946,279.1,0.025,buy,False,2022-11-04T22:45:14.496635+00:00
666,5319255102,276.825,3.34,sell,False,2022-11-04T21:14:26.151728+00:00
667,5319211283,276.225,2.985,sell,False,2022-11-04T21:07:10.327052+00:00
668,5319208323,274.5,31.445,sell,False,2022-11-04T21:06:40.568597+00:00
669,5319208322,274.6,8.555,sell,False,2022-11-04T21:06:40.568597+00:00
670,5319115495,276.725,2.205,sell,False,2022-11-04T20:54:32.213439+00:00
671,5319090326,276.725,3.25,sell,False,2022-11-04T20:51:35.923727+00:00
672,5319050638,277.375,3.985,sell,False,2022-11-04T20:46:42.516820+00:00
673,5319041929,277.25,2.67,sell,False,2022-11-04T20:45:31.536304+00:00
674,5319033028,275.475,1.0,sell,False,2022-11-04T20:44:19.172356+00:00
675,5319006581,277.325,3.55,sell,False,2022-11-04T20:40:41.182970+00:00
676,5318968338,276.6,8.545,sell,False,2022-11-04T20:35:23.865386+00:00
677,5318767338,279.1,0.005,buy,False,2022-11-04T20:07:24.413538+00:00
678,5318563665,272.8,0.04,buy,False,2022-11-04T19:43:47.097970+00:00
679,5318525643,271.475,2.0,sell,False,2022-11-04T19:38:43.430881+00:00
680,5318280323,266.425,0.1,sell,False,2022-11-04T19:07:03.353782+00:00
681,5318227015,268.075,2.78,sell,False,2022-11-04T19:00:03.897135+00:00
682,5318227014,268.075,2.975,sell,False,2022-11-04T19:00:03.897135+00:00
683,5318226968,268.075,1.0,sell,False,2022-11-04T19:00:03.706322+00:00
684,5317852085,257.45,3.365,buy,False,2022-11-04T18:15:05.082933+00:00
685,5317718460,258.425,0.005,buy,False,2022-11-04T17:54:03.004034+00:00
686,5317502723,255.5,3.11,sell,False,2022-11-04T17:22:22.153884+00:00
687,5317502721,255.975,3.11,buy,False,2022-11-04T17:22:22.107922+00:00
688,5317501551,255.4,1.82,sell,False,2022-11-04T17:22:06.745474+00:00
689,5317501540,255.9,2.12,buy,False,2022-11-04T17:22:06.696594+00:00
690,5317317588,255.0,2.59,buy,False,2022-11-04T17:01:02.234412+00:00
691,5316891143,258.85,2.4,buy,False,2022-11-04T16:14:28.614482+00:00
692,5316586536,258.6,3.02,buy,False,2022-11-04T15:57:08.004904+00:00
693,5316442736,260.0,144.5,buy,False,2022-11-04T15:46:30.443238+00:00
694,5316441507,260.0,176.0,buy,False,2022-11-04T15:46:25.393322+00:00
695,5316441436,260.0,11.0,buy,False,2022-11-04T15:46:25.198734+00:00
696,5316441433,260.0,53.0,buy,False,2022-11-04T15:46:25.194705+00:00
697,5316441432,260.0,55.0,buy,False,2022-11-04T15:46:25.193596+00:00
698,5316441431,260.0,10.0,buy,False,2022-11-04T15:46:25.192015+00:00
699,5316441430,260.0,79.0,buy,False,2022-11-04T15:46:25.184042+00:00
700,5316441429,260.0,53.0,buy,False,2022-11-04T15:46:25.178650+00:00
701,5316441428,260.0,10.0,buy,False,2022-11-04T15:46:25.176721+00:00
702,5316441427,260.0,10.0,buy,False,2022-11-04T15:46:25.175321+00:00
703,5316441426,260.0,6.0,buy,False,2022-11-04T15:46:25.174925+00:00
704,5316440714,260.0,7.0,buy,False,2022-11-04T15:46:21.542041+00:00
705,5316440472,260.0,30.21,buy,False,2022-11-04T15:46:19.462875+00:00
706,5316437277,260.0,34.495,buy,False,2022-11-04T15:46:05.065395+00:00
707,5316435025,260.0,1.0,buy,False,2022-11-04T15:45:54.209536+00:00
708,5316434132,260.0,32.925,buy,False,2022-11-04T15:45:50.977763+00:00
709,5316430946,260.0,4.0,buy,False,2022-11-04T15:45:38.010886+00:00
710,5316430923,260.0,4.0,buy,False,2022-11-04T15:45:38.001169+00:00
711,5316430922,260.0,4.0,buy,False,2022-11-04T15:45:37.998075+00:00
712,5316430911,260.0,100.0,buy,False,2022-11-04T15:45:37.992036+00:00
713,5316430910,260.0,4.0,buy,False,2022-11-04T15:45:37.990695+00:00
714,5316430909,260.0,4.0,buy,False,2022-11-04T15:45:37.988612+00:00
715,5316430593,260.0,17.035,buy,False,2022-11-04T15:45:37.157897+00:00
716,5316430460,260.0,17.05,buy,False,2022-11-04T15:45:36.576570+00:00
717,5316425144,260.0,33.0,buy,False,2022-11-04T15:45:15.510866+00:00
718,5316424999,260.0,36.53,buy,False,2022-11-04T15:45:14.971176+00:00
719,5316421072,260.0,28.695,buy,False,2022-11-04T15:45:01.482043+00:00
720,5316421071,259.975,2.15,buy,False,2022-11-04T15:45:01.482043+00:00
721,5316419663,260.0,17.385,buy,False,2022-11-04T15:44:54.056738+00:00
722,5316419528,260.0,17.175,buy,False,2022-11-04T15:44:53.527985+00:00
723,5316268323,263.425,0.025,sell,False,2022-11-04T15:33:25.821326+00:00
724,5316268001,263.7,1.0,sell,False,2022-11-04T15:33:24.539608+00:00
725,5316231615,263.55,1.0,sell,False,2022-11-04T15:30:24.876197+00:00
726,5316021341,268.65,2.695,sell,False,2022-11-04T15:11:29.513016+00:00
727,5315742973,269.725,2.65,buy,False,2022-11-04T14:47:58.098989+00:00
728,5315715173,270.05,0.1,sell,False,2022-11-04T14:45:51.885482+00:00
729,5315714799,271.025,1.0,sell,False,2022-11-04T14:45:50.393628+00:00
730,5315714798,271.025,1.0,sell,False,2022-11-04T14:45:50.392122+00:00
731,5315714797,271.025,0.71,sell,False,2022-11-04T14:45:50.391838+00:00
732,5315660895,272.65,0.01,sell,False,2022-11-04T14:41:58.273125+00:00
733,5315645567,271.375,0.03,buy,False,2022-11-04T14:41:12.980585+00:00
734,5315570971,267.1,2.0,buy,False,2022-11-04T14:35:46.543241+00:00
735,5315570968,267.1,1.455,buy,False,2022-11-04T14:35:46.525635+00:00
736,5315498462,266.15,0.21,buy,False,2022-11-04T14:31:11.309391+00:00
737,5315446552,263.975,0.32,sell,False,2022-11-04T14:28:10.106891+00:00
738,5315201151,263.0,142.85,sell,False,2022-11-04T14:17:57.603903+00:00
739,5315201142,263.0,357.15,buy,False,2022-11-04T14:17:57.548720+00:00
740,5315197849,262.6,67.455,buy,False,2022-11-04T14:17:45.782676+00:00
741,5315197848,261.5,357.15,buy,False,2022-11-04T14:17:45.782676+00:00
742,5315197847,261.15,75.395,buy,False,2022-11-04T14:17:45.782676+00:00
743,5315003001,255.55,2.0,sell,False,2022-11-04T14:07:13.742835+00:00
744,5315003000,255.55,1.625,sell,False,2022-11-04T14:07:13.742809+00:00
745,5314980406,254.725,2.0,sell,False,2022-11-04T14:05:02.293533+00:00
746,5314969297,256.275,3.11,sell,False,2022-11-04T14:03:41.738389+00:00
747,5314969277,256.275,1.0,sell,False,2022-11-04T14:03:41.737423+00:00
748,5314929500,256.45,4.045,sell,False,2022-11-04T13:59:51.157238+00:00
749,5314919109,256.6,1.0,sell,False,2022-11-04T13:58:17.434886+00:00
750,5314919108,256.6,0.01,sell,False,2022-11-04T13:58:17.434409+00:00
751,5314919107,256.6,1.0,sell,False,2022-11-04T13:58:17.434286+00:00
752,5314919106,256.6,1.0,sell,False,2022-11-04T13:58:17.433910+00:00
753,5314824683,251.925,0.035,sell,False,2022-11-04T13:49:40.930574+00:00
754,5314824682,251.925,4.0,sell,False,2022-11-04T13:49:40.929810+00:00
755,5314774504,252.675,3.73,sell,False,2022-11-04T13:45:03.071761+00:00
756,5314757627,254.225,3.715,sell,False,2022-11-04T13:43:51.654623+00:00
757,5314748101,254.575,2.64,sell,False,2022-11-04T13:43:08.672907+00:00
758,5314737466,256.025,3.97,sell,False,2022-11-04T13:42:07.369007+00:00
759,5314720329,256.125,0.025,sell,False,2022-11-04T13:40:23.221713+00:00
760,5314715056,257.75,65.0,sell,False,2022-11-04T13:39:56.088993+00:00
761,5314685509,259.375,2.0,sell,False,2022-11-04T13:36:53.601542+00:00
762,5314615719,264.975,0.01,buy,False,2022-11-04T13:31:22.630356+00:00
763,5314601886,263.625,0.18,buy,False,2022-11-04T13:30:25.803756+00:00
764,5314596104,262.15,0.2,buy,False,2022-11-04T13:30:05.577722+00:00
765,5314498427,259.25,8.12,sell,False,2022-11-04T13:21:58.362977+00:00
766,5314498328,259.25,6.875,sell,False,2022-11-04T13:21:57.832937+00:00
767,5314498229,259.25,7.085,sell,False,2022-11-04T13:21:57.164476+00:00
768,5314498135,259.25,7.415,sell,False,2022-11-04T13:21:56.630285+00:00
769,5314376439,258.625,3.84,buy,False,2022-11-04T13:12:45.204092+00:00
770,5314369190,258.45,2.28,buy,False,2022-11-04T13:12:00.209507+00:00
771,5314223876,258.5,2.62,buy,False,2022-11-04T13:02:05.694842+00:00
772,5314121113,256.0,17.19,sell,False,2022-11-04T12:56:54.498740+00:00
773,5314120871,256.0,15.385,sell,False,2022-11-04T12:56:52.817598+00:00
774,5314119741,255.75,3.99,sell,False,2022-11-04T12:56:44.092288+00:00
775,5314099211,256.125,2.525,buy,False,2022-11-04T12:54:35.067292+00:00
776,5313057559,255.25,52.94,sell,False,2022-11-04T11:36:49.026419+00:00
777,5313013684,254.75,4.085,sell,False,2022-11-04T11:30:49.630479+00:00
778,5313013255,254.75,3.795,sell,False,2022-11-04T11:30:44.731017+00:00
779,5313013201,254.75,4.2,sell,False,2022-11-04T11:30:44.137484+00:00
780,5312990497,254.75,2.56,buy,False,2022-11-04T11:28:11.307179+00:00
781,5312923489,255.1,2.43,buy,False,2022-11-04T11:19:44.424002+00:00
782,5312339018,254.125,3.03,buy,False,2022-11-04T10:08:20.078865+00:00
783,5312272441,254.125,3.385,buy,False,2022-11-04T10:00:13.768327+00:00
784,5312258738,254.3,4.03,buy,False,2022-11-04T09:57:57.635035+00:00
785,5312223346,254.3,4.12,buy,False,2022-11-04T09:53:14.463983+00:00
786,5311291334,253.675,1.0,buy,False,2022-11-04T08:00:01.063720+00:00
787,5311291259,253.675,0.335,buy,False,2022-11-04T08:00:00.927437+00:00
788,5311291227,252.725,0.5,sell,False,2022-11-04T08:00:00.804957+00:00
789,5311291075,252.725,0.5,sell,False,2022-11-04T08:00:00.357548+00:00
790,5311291028,252.725,0.5,sell,False,2022-11-04T08:00:00.158901+00:00
791,5310909154,255.3,1.65,buy,False,2022-11-04T07:07:26.937663+00:00
792,5310909153,254.625,3.35,buy,False,2022-11-04T07:07:26.937663+00:00
793,5307008377,249.475,1.0,buy,False,2022-11-03T23:07:41.214431+00:00
794,5307008319,249.475,1.0,buy,False,2022-11-03T23:07:41.024445+00:00
795,5307008242,249.475,1.0,buy,False,2022-11-03T23:07:40.837959+00:00
796,5307008238,249.475,1.0,buy,False,2022-11-03T23:07:40.655735+00:00
797,5307008223,249.475,1.0,buy,False,2022-11-03T23:07:40.464305+00:00
798,5307008217,249.475,1.0,buy,False,2022-11-03T23:07:40.274633+00:00
799,5307008137,248.475,0.585,buy,False,2022-11-03T23:07:39.412513+00:00
800,5307008033,248.475,1.0,buy,False,2022-11-03T23:07:39.222397+00:00
801,5307007842,248.475,1.0,buy,False,2022-11-03T23:07:39.038667+00:00
802,5307007807,248.475,1.0,buy,False,2022-11-03T23:07:38.821784+00:00
803,5307007779,248.475,1.0,buy,False,2022-11-03T23:07:38.614540+00:00
804,5307007746,248.475,1.0,buy,False,2022-11-03T23:07:38.425586+00:00
805,5307007734,248.475,1.0,buy,False,2022-11-03T23:07:38.243623+00:00
806,5307007712,248.475,1.0,buy,False,2022-11-03T23:07:37.903011+00:00
807,5306981172,247.95,1.0,buy,False,2022-11-03T23:04:38.010552+00:00
808,5306914492,247.625,1.0,buy,False,2022-11-03T22:56:31.214118+00:00
809,5306896142,247.725,1.0,buy,False,2022-11-03T22:54:53.640498+00:00
810,5306875004,247.925,1.0,buy,False,2022-11-03T22:52:04.371187+00:00
811,5306841667,247.925,1.0,buy,False,2022-11-03T22:46:24.839436+00:00
812,5306818266,247.825,1.0,buy,False,2022-11-03T22:42:00.111338+00:00
813,5306811195,247.85,1.0,buy,False,2022-11-03T22:40:42.182587+00:00
814,5306675269,247.475,3.44,buy,False,2022-11-03T22:23:48.105467+00:00
815,5306607467,247.225,3.255,buy,False,2022-11-03T22:18:08.670438+00:00
816,5305837623,249.3,0.51,sell,False,2022-11-03T19:51:22.898849+00:00
817,5305837622,249.3,2.0,sell,False,2022-11-03T19:51:22.897811+00:00
818,5305756669,248.4,3.535,sell,False,2022-11-03T19:36:04.493284+00:00
819,5305677262,247.575,2.11,sell,False,2022-11-03T19:23:31.782260+00:00
820,5305563109,247.175,1.55,sell,False,2022-11-03T19:03:01.661617+00:00
821,5305563084,247.175,1.0,sell,False,2022-11-03T19:03:01.660317+00:00
822,5305559498,247.15,3.78,sell,False,2022-11-03T19:02:25.079458+00:00
823,5305154673,249.925,2.0,sell,False,2022-11-03T17:58:24.553348+00:00
824,5305027424,250.05,2.155,sell,False,2022-11-03T17:39:41.287825+00:00
825,5304918638,249.55,1.035,sell,False,2022-11-03T17:22:04.814766+00:00
826,5304918637,249.55,2.0,sell,False,2022-11-03T17:22:04.814054+00:00
827,5304905511,251.4,1.72,sell,False,2022-11-03T17:20:21.870739+00:00
828,5304905510,251.4,2.0,sell,False,2022-11-03T17:20:21.869912+00:00
829,5304326532,252.6,2.895,sell,False,2022-11-03T15:52:17.856886+00:00
830,5304201056,253.775,1.0,sell,False,2022-11-03T15:33:28.875318+00:00
831,5304201054,253.775,1.36,sell,False,2022-11-03T15:33:28.873336+00:00
832,5304081621,256.325,3.525,sell,False,2022-11-03T15:16:36.172382+00:00
833,5304017096,257.95,1.0,sell,False,2022-11-03T15:08:09.127439+00:00
834,5303980774,259.825,1.0,sell,False,2022-11-03T15:04:15.398339+00:00
835,5303825849,260.475,0.205,buy,False,2022-11-03T14:45:52.228452+00:00
836,5303822353,260.225,0.125,buy,False,2022-11-03T14:45:29.594239+00:00
837,5303787326,259.05,3.295,buy,False,2022-11-03T14:41:31.003474+00:00
838,5303683130,254.2,0.035,buy,False,2022-11-03T14:28:32.092423+00:00
839,5303677217,253.35,3.56,buy,False,2022-11-03T14:27:40.308390+00:00
840,5303634086,250.325,3.26,buy,False,2022-11-03T14:23:20.233742+00:00
841,5303622322,249.225,3.52,sell,False,2022-11-03T14:21:53.539129+00:00
842,5303587043,249.35,3.7,sell,False,2022-11-03T14:18:44.849820+00:00
843,5303577305,249.65,2.92,sell,False,2022-11-03T14:17:30.815326+00:00
844,5303247367,248.625,1.0,sell,False,2022-11-03T13:45:43.425375+00:00
845,5303247365,248.625,2.075,sell,False,2022-11-03T13:45:43.422042+00:00
846,5303181221,248.45,3.695,sell,False,2022-11-03T13:39:07.994140+00:00
847,5303092824,242.575,0.1,sell,False,2022-11-03T13:30:55.876510+00:00
848,5303092814,242.85,0.045,sell,False,2022-11-03T13:30:55.846868+00:00
849,5303092813,242.95,0.035,sell,False,2022-11-03T13:30:55.846868+00:00
850,5303037109,245.5,0.28,buy,False,2022-11-03T13:23:31.612698+00:00
851,5303037108,243.35,3.415,sell,False,2022-11-03T13:23:31.468007+00:00
852,5303037107,243.875,3.585,sell,False,2022-11-03T13:23:31.468007+00:00
853,5302973148,244.175,2.305,sell,False,2022-11-03T13:12:49.035583+00:00
854,5302939656,243.875,0.975,sell,False,2022-11-03T13:08:01.401930+00:00
855,5302939648,243.875,1.0,sell,False,2022-11-03T13:08:01.214977+00:00
856,5302939625,245.975,0.7,buy,False,2022-11-03T13:08:01.064996+00:00
857,5302939617,243.875,1.0,sell,False,2022-11-03T13:08:01.024042+00:00
858,5302928750,243.775,0.7,sell,False,2022-11-03T13:06:20.087620+00:00
859,5302928726,245.975,0.515,buy,False,2022-11-03T13:06:19.912740+00:00
860,5302928721,243.775,1.0,sell,False,2022-11-03T13:06:19.870126+00:00
861,5302928697,243.775,1.0,sell,False,2022-11-03T13:06:19.682498+00:00
862,5302635854,245.075,2.28,buy,False,2022-11-03T12:31:06.503897+00:00
863,5302635369,245.575,7.205,buy,False,2022-11-03T12:31:04.553768+00:00
864,5302056070,247.1,3.03,buy,False,2022-11-03T11:32:52.188378+00:00
865,5302056069,247.1,9.415,buy,False,2022-11-03T11:32:52.188378+00:00
866,5302056062,243.65,11.72,sell,False,2022-11-03T11:32:52.141345+00:00
867,5302056061,243.85,0.025,sell,False,2022-11-03T11:32:52.141345+00:00
868,5302056060,243.95,0.165,sell,False,2022-11-03T11:32:52.141345+00:00
869,5302056059,244.3,0.045,sell,False,2022-11-03T11:32:52.141345+00:00
870,5302056058,245.1,0.045,sell,False,2022-11-03T11:32:52.141345+00:00
871,5301667310,247.1,0.115,buy,False,2022-11-03T10:45:38.913435+00:00
872,5301555143,247.375,3.86,buy,False,2022-11-03T10:28:46.997556+00:00
873,5301554493,247.4,3.705,buy,False,2022-11-03T10:28:41.458432+00:00
874,5300674125,248.975,0.5,buy,False,2022-11-03T08:01:54.440445+00:00
875,5300674103,248.975,0.5,buy,False,2022-11-03T08:01:54.254787+00:00
876,5300072796,249.775,0.78,buy,False,2022-11-03T06:15:31.174976+00:00
877,5298894958,248.725,5.185,buy,False,2022-11-03T03:05:45.017093+00:00
878,5298894933,248.725,10.085,buy,False,2022-11-03T03:05:44.466484+00:00
879,5298894928,248.925,4.125,sell,False,2022-11-03T03:05:44.398484+00:00
880,5297411959,246.0,3.7,buy,False,2022-11-02T23:05:09.467576+00:00
881,5297374345,254.55,0.08,buy,False,2022-11-02T22:58:14.013191+00:00
882,5297362312,247.9,0.045,sell,False,2022-11-02T22:55:25.035223+00:00
883,5297362285,250.6,0.045,sell,False,2022-11-02T22:55:24.547907+00:00
884,5297362248,253.25,0.04,sell,False,2022-11-02T22:55:24.020579+00:00
885,5297361365,255.7,0.04,buy,False,2022-11-02T22:55:11.986583+00:00
886,5297307320,246.45,1.0,buy,False,2022-11-02T22:45:59.716394+00:00
887,5297123549,247.1,0.045,sell,False,2022-11-02T22:08:18.269295+00:00
888,5297123475,249.8,0.045,sell,False,2022-11-02T22:08:17.493759+00:00
889,5297123180,252.425,0.04,sell,False,2022-11-02T22:08:16.257383+00:00
890,5297122457,254.875,0.04,buy,False,2022-11-02T22:08:12.100267+00:00
891,5297105881,245.8,2.385,sell,False,2022-11-02T22:05:31.444526+00:00
892,5297105029,245.4,0.045,sell,False,2022-11-02T22:05:22.051689+00:00
893,5297105028,245.85,3.01,sell,False,2022-11-02T22:05:22.051689+00:00
894,5296697693,247.8,2.365,buy,False,2022-11-02T20:52:40.528764+00:00
895,5296697204,247.8,3.35,buy,False,2022-11-02T20:52:35.041385+00:00
896,5296694884,247.75,2.375,buy,False,2022-11-02T20:52:07.743210+00:00
897,5296688214,247.75,3.365,buy,False,2022-11-02T20:51:16.340328+00:00
898,5296666834,247.85,3.68,buy,False,2022-11-02T20:47:59.650596+00:00
899,5296592031,247.7,1.0,buy,False,2022-11-02T20:37:59.333313+00:00
900,5296587821,247.6,1.0,buy,False,2022-11-02T20:37:32.045311+00:00
901,5296580672,247.6,2.0,buy,False,2022-11-02T20:36:47.572977+00:00
902,5296579466,247.55,2.855,buy,False,2022-11-02T20:36:36.667394+00:00
903,5296575936,247.45,3.425,buy,False,2022-11-02T20:36:14.976110+00:00
904,5296489255,248.6,3.535,buy,False,2022-11-02T20:29:05.376469+00:00
905,5296449653,247.525,2.55,buy,False,2022-11-02T20:25:37.915600+00:00
906,5296326382,247.325,2.505,buy,False,2022-11-02T20:19:04.149620+00:00
907,5296322591,247.325,3.81,buy,False,2022-11-02T20:18:58.752170+00:00
908,5296320369,247.325,3.945,buy,False,2022-11-02T20:18:53.145689+00:00
909,5296283538,246.25,42.62,sell,False,2022-11-02T20:17:02.319069+00:00
910,5296281946,247.575,4.08,buy,False,2022-11-02T20:16:53.032050+00:00
911,5296266555,246.75,6.205,sell,False,2022-11-02T20:15:44.002459+00:00
912,5296266554,246.775,2.435,sell,False,2022-11-02T20:15:44.002459+00:00
913,5296233111,247.35,3.075,buy,False,2022-11-02T20:13:41.921234+00:00
914,5296218242,247.575,3.815,buy,False,2022-11-02T20:13:07.845596+00:00
915,5296212329,247.575,2.565,buy,False,2022-11-02T20:12:46.001477+00:00
916,5296211356,247.6,3.895,buy,False,2022-11-02T20:12:40.541940+00:00
917,5296123472,248.525,0.015,buy,False,2022-11-02T20:04:45.520921+00:00
918,5296112818,246.75,9.8,sell,False,2022-11-02T20:03:34.378250+00:00
919,5296112817,247.225,0.03,sell,False,2022-11-02T20:03:34.378250+00:00
920,5296104081,248.525,2.0,buy,False,2022-11-02T20:02:33.654332+00:00
921,5296043785,247.775,0.045,buy,False,2022-11-02T19:57:41.125845+00:00
922,5296041539,247.325,0.015,sell,False,2022-11-02T19:57:15.496804+00:00
923,5296033280,246.175,0.015,sell,False,2022-11-02T19:56:04.449402+00:00
924,5296010963,246.875,87.015,sell,False,2022-11-02T19:53:30.133289+00:00
925,5296008652,246.75,2.99,sell,False,2022-11-02T19:53:17.292932+00:00
926,5295982254,248.5,2.95,sell,False,2022-11-02T19:51:15.200501+00:00
927,5295970975,248.9,5.0,sell,False,2022-11-02T19:50:15.559975+00:00
928,5295970974,248.9,5.0,sell,False,2022-11-02T19:50:15.549829+00:00
929,5295970973,248.9,4.0,sell,False,2022-11-02T19:50:15.548676+00:00
930,5295969822,249.425,4.0,sell,False,2022-11-02T19:50:11.850501+00:00
931,5295969821,249.425,0.025,sell,False,2022-11-02T19:50:11.833402+00:00
932,5295956959,249.925,0.22,sell,False,2022-11-02T19:48:46.020686+00:00
933,5295956958,250.15,3.185,sell,False,2022-11-02T19:48:46.020686+00:00
934,5295947981,251.475,2.0,sell,False,2022-11-02T19:47:51.343592+00:00
935,5295947980,251.475,0.335,sell,False,2022-11-02T19:47:51.342514+00:00
936,5295920369,253.25,3.0,sell,False,2022-11-02T19:45:03.494683+00:00
937,5295920368,253.25,0.22,sell,False,2022-11-02T19:45:03.494625+00:00
938,5295869105,254.05,3.0,sell,False,2022-11-02T19:40:12.505408+00:00
939,5295814558,253.8,2.47,sell,False,2022-11-02T19:36:10.342737+00:00
940,5295726098,255.525,4.195,sell,False,2022-11-02T19:30:59.500487+00:00
941,5295642978,253.975,2.265,sell,False,2022-11-02T19:27:58.172487+00:00
942,5295620925,254.175,3.135,sell,False,2022-11-02T19:27:03.422335+00:00
943,5295598161,255.875,0.05,sell,False,2022-11-02T19:26:32.585117+00:00
944,5295521812,258.65,0.1,sell,False,2022-11-02T19:23:29.102436+00:00
945,5295521811,258.65,4.0,sell,False,2022-11-02T19:23:29.101542+00:00
946,5295502503,259.4,1.24,sell,False,2022-11-02T19:22:07.300012+00:00
947,5295502502,259.4,2.0,sell,False,2022-11-02T19:22:07.299564+00:00
948,5295450699,262.175,0.02,sell,False,2022-11-02T19:19:33.708959+00:00
949,5295448199,262.175,3.0,sell,False,2022-11-02T19:19:18.848988+00:00
950,5295398693,264.55,3.415,sell,False,2022-11-02T19:15:59.781285+00:00
951,5295393374,264.8,1.0,sell,False,2022-11-02T19:15:41.347435+00:00
952,5295337293,266.35,15.0,sell,False,2022-11-02T19:11:26.375401+00:00
953,5295337292,266.35,2.0,sell,False,2022-11-02T19:11:26.375327+00:00
954,5295337291,266.35,14.395,sell,False,2022-11-02T19:11:26.374646+00:00
955,5295337290,266.35,13.0,sell,False,2022-11-02T19:11:26.374584+00:00
956,5295337283,266.925,2.605,sell,False,2022-11-02T19:11:26.370013+00:00
957,5295082683,263.25,1.0,sell,False,2022-11-02T18:56:27.665686+00:00
958,5295035898,264.075,1.0,sell,False,2022-11-02T18:54:24.104500+00:00
959,5295016251,263.975,1.0,sell,False,2022-11-02T18:53:52.053142+00:00
960,5294871803,266.75,2.745,sell,False,2022-11-02T18:50:23.783977+00:00
961,5294800019,268.975,1.0,sell,False,2022-11-02T18:46:30.745438+00:00
962,5294754571,268.825,2.51,sell,False,2022-11-02T18:44:16.649858+00:00
963,5294742288,269.375,3.825,sell,False,2022-11-02T18:43:50.594651+00:00
964,5294633058,266.425,2.27,sell,False,2022-11-02T18:41:10.183573+00:00
965,5294633057,266.425,6.0,sell,False,2022-11-02T18:41:10.182630+00:00
966,5294539528,267.0,9.09,buy,False,2022-11-02T18:38:31.194406+00:00
967,5294520374,267.075,0.025,sell,False,2022-11-02T18:38:14.722650+00:00
968,5294406794,271.7,1.0,sell,False,2022-11-02T18:36:41.116042+00:00
969,5294391915,273.975,31.23,sell,False,2022-11-02T18:36:24.839344+00:00
970,5294391914,274.3,68.77,sell,False,2022-11-02T18:36:24.839344+00:00
971,5294283732,276.425,0.01,sell,False,2022-11-02T18:31:45.452628+00:00
972,5294237361,277.625,2.205,sell,False,2022-11-02T18:29:42.366190+00:00
973,5294237360,277.625,2.5,sell,False,2022-11-02T18:29:42.366190+00:00
974,5294215727,279.525,0.32,buy,True,2022-11-02T18:28:20.506560+00:00
975,5294213177,277.95,0.005,buy,False,2022-11-02T18:28:17.827390+00:00
976,5294051711,269.0,1.0,sell,False,2022-11-02T18:17:35.709283+00:00
977,5293935061,270.0,0.005,sell,False,2022-11-02T18:11:58.098973+00:00
978,5293911959,270.5,8.725,sell,False,2022-11-02T18:10:50.854668+00:00
979,5293839635,272.125,1.0,buy,False,2022-11-02T18:08:30.860131+00:00
980,5293805864,273.25,0.365,buy,False,2022-11-02T18:07:35.105596+00:00
981,5293673644,271.325,1.97,sell,False,2022-11-02T18:04:08.043451+00:00
982,5293673616,271.325,0.03,buy,False,2022-11-02T18:04:07.970109+00:00
983,5293456570,265.0,14.0,buy,False,2022-11-02T18:00:49.580896+00:00
984,5293456432,265.0,5.51,buy,False,2022-11-02T18:00:49.505725+00:00
985,5293451014,265.0,33.0,buy,False,2022-11-02T18:00:45.808472+00:00
986,5293450962,265.0,8.0,buy,False,2022-11-02T18:00:45.771224+00:00
987,5293402825,264.975,0.01,sell,False,2022-11-02T18:00:21.339805+00:00
988,5293335586,262.35,0.08,sell,False,2022-11-02T17:59:07.672056+00:00
989,5293166323,262.675,3.13,sell,False,2022-11-02T17:37:47.906856+00:00
990,5292948244,261.675,2.955,sell,False,2022-11-02T17:00:11.361456+00:00
991,5292732337,256.85,1.0,sell,False,2022-11-02T16:29:52.908634+00:00
992,5292732335,256.85,1.0,sell,False,2022-11-02T16:29:52.905379+00:00
993,5292550977,263.325,3.26,sell,False,2022-11-02T15:56:27.278043+00:00
994,5292490117,264.325,0.535,sell,False,2022-11-02T15:39:54.493204+00:00
995,5292490116,264.325,1.0,sell,False,2022-11-02T15:39:54.493108+00:00
996,5292490115,264.325,1.0,sell,False,2022-11-02T15:39:54.493032+00:00
997,5292385688,262.875,3.45,sell,False,2022-11-02T15:13:30.334756+00:00
998,5292374616,263.3,1.0,sell,False,2022-11-02T15:11:00.815102+00:00
999,5292361706,263.725,3.0,sell,False,2022-11-02T15:08:18.495075+00:00
1000,5292361705,263.725,0.12,sell,False,2022-11-02T15:08:18.489451+00:00
1001,5292361704,263.75,2.635,sell,False,2022-11-02T15:08:18.489451+00:00
1002,5292254659,261.725,2.28,buy,False,2022-11-02T14:46:58.272431+00:00
1003,5292108392,257.45,1.1,sell,False,2022-11-02T14:21:29.980381+00:00
1004,5292108385,257.45,3.0,sell,False,2022-11-02T14:21:29.788081+00:00
1005,5292034017,257.6,2.88,sell,False,2022-11-02T14:12:18.614585+00:00
1006,5292015714,259.65,4.075,sell,False,2022-11-02T14:08:25.801056+00:00
1007,5291956213,259.55,3.66,sell,False,2022-11-02T13:56:19.480520+00:00
1008,5291919116,261.0,15.275,sell,False,2022-11-02T13:49:03.788679+00:00
1009,5291919109,260.375,4.125,buy,False,2022-11-02T13:49:03.607931+00:00
1010,5291886603,257.7,4.015,sell,False,2022-11-02T13:42:54.406966+00:00
1011,5291822676,254.225,0.02,sell,False,2022-11-02T13:33:15.501325+00:00
1012,5291822675,254.425,0.05,sell,False,2022-11-02T13:33:15.501325+00:00
1013,5291750412,257.575,3.615,buy,False,2022-11-02T13:20:40.080330+00:00
1014,5291514342,258.1,5.0,buy,False,2022-11-02T12:30:31.179045+00:00
1015,5291505380,257.775,3.26,buy,False,2022-11-02T12:29:02.122574+00:00
1016,5291504687,257.775,2.96,buy,False,2022-11-02T12:28:51.208340+00:00
1017,5291407810,257.15,4.125,buy,False,2022-11-02T12:15:40.074669+00:00
1018,5291405145,257.125,4.04,buy,False,2022-11-02T12:15:29.045269+00:00
1019,5291357208,258.9,4.0,buy,False,2022-11-02T12:08:22.946995+00:00
1020,5291032185,259.275,2.0,buy,False,2022-11-02T11:00:00.531057+00:00
1021,5291032133,259.275,0.13,buy,False,2022-11-02T11:00:00.343045+00:00
1022,5291032132,258.575,9.87,buy,False,2022-11-02T11:00:00.343045+00:00
1023,5290999842,257.575,3.13,buy,False,2022-11-02T10:51:40.812895+00:00
1024,5290997961,257.525,3.685,buy,False,2022-11-02T10:50:57.134629+00:00
1025,5290822323,256.25,0.32,sell,False,2022-11-02T10:18:22.577496+00:00
1026,5290820241,256.9,0.005,sell,False,2022-11-02T10:18:06.343553+00:00
1027,5290815286,256.275,0.16,sell,False,2022-11-02T10:17:08.418644+00:00
1028,5288875386,259.55,0.035,buy,False,2022-11-02T05:51:35.697965+00:00
1029,5288165069,259.725,0.275,buy,False,2022-11-02T04:02:53.662636+00:00
1030,5288165064,258.7,0.5,sell,False,2022-11-02T04:02:53.595291+00:00
1031,5288165044,258.7,0.5,sell,False,2022-11-02T04:02:53.407423+00:00
1032,5288165011,258.7,0.5,sell,False,2022-11-02T04:02:53.210344+00:00
1033,5285667921,265.0,0.205,buy,False,2022-11-01T20:35:47.525359+00:00
1034,5285508821,262.725,0.015,buy,False,2022-11-01T20:02:19.611861+00:00
1035,5285359404,260.025,0.02,sell,False,2022-11-01T19:29:46.628841+00:00
1036,5284956522,263.6,0.01,buy,False,2022-11-01T18:00:42.641768+00:00
1037,5284772369,264.325,0.215,sell,False,2022-11-01T17:22:55.313511+00:00
1038,5284772368,264.975,3.88,sell,False,2022-11-01T17:22:55.313511+00:00
1039,5284737350,265.0,0.015,buy,False,2022-11-01T17:15:21.597517+00:00
1040,5284733500,265.0,4.57,buy,False,2022-11-01T17:14:24.578629+00:00
1041,5284733382,265.0,4.57,buy,False,2022-11-01T17:14:21.890789+00:00
1042,5284733300,265.0,3.905,buy,False,2022-11-01T17:14:20.282916+00:00
1043,5284733264,265.0,4.17,buy,False,2022-11-01T17:14:19.753895+00:00
1044,5284733234,265.0,4.385,buy,False,2022-11-01T17:14:19.223458+00:00
1045,5284733209,265.0,3.965,buy,False,2022-11-01T17:14:18.658897+00:00
1046,5284732816,265.0,4.525,buy,False,2022-11-01T17:14:11.273604+00:00
1047,5284732784,265.0,4.69,buy,False,2022-11-01T17:14:10.740847+00:00
1048,5284732705,265.0,4.49,buy,False,2022-11-01T17:14:10.203113+00:00
1049,5284725124,264.7,0.09,buy,False,2022-11-01T17:12:45.232412+00:00
1050,5284721595,263.875,0.09,buy,False,2022-11-01T17:12:06.108575+00:00
1051,5284500991,263.05,0.09,sell,False,2022-11-01T16:32:10.972265+00:00
1052,5284405981,264.15,1.245,buy,False,2022-11-01T16:18:07.259356+00:00
1053,5284405980,264.15,1.555,buy,False,2022-11-01T16:18:07.257478+00:00
1054,5284405979,264.15,1.0,buy,False,2022-11-01T16:18:07.255706+00:00
1055,5284405974,263.5,1.0,sell,False,2022-11-01T16:18:07.181493+00:00
1056,5284405973,263.5,0.91,sell,False,2022-11-01T16:18:07.180423+00:00
1057,5284405972,263.5,1.0,sell,False,2022-11-01T16:18:07.179345+00:00
1058,5284405971,263.5,0.91,sell,False,2022-11-01T16:18:07.178773+00:00
1059,5284405970,263.875,0.09,sell,False,2022-11-01T16:18:07.178773+00:00
1060,5284379853,264.7,0.09,sell,False,2022-11-01T16:12:51.042630+00:00
1061,5284348261,265.55,0.09,buy,False,2022-11-01T16:07:34.521131+00:00
1062,5284311667,264.6,2.36,sell,False,2022-11-01T16:03:27.835399+00:00
1063,5284295126,264.7,0.09,buy,False,2022-11-01T16:00:34.210446+00:00
1064,5284211170,264.4,0.105,buy,False,2022-11-01T15:41:59.578971+00:00
1065,5284192670,263.875,0.09,sell,False,2022-11-01T15:39:12.543408+00:00
1066,5284187139,264.7,0.09,sell,False,2022-11-01T15:38:29.032077+00:00
1067,5284096216,265.55,0.09,sell,False,2022-11-01T15:19:57.187674+00:00
1068,5284041031,266.375,0.09,buy,False,2022-11-01T15:10:21.781917+00:00
1069,5283993538,265.55,0.09,sell,False,2022-11-01T15:02:10.024940+00:00
1070,5283982760,266.375,0.09,buy,False,2022-11-01T15:00:40.960582+00:00
1071,5283970846,265.55,0.025,sell,False,2022-11-01T14:58:39.132390+00:00
1072,5283970845,265.55,0.09,sell,False,2022-11-01T14:58:39.132390+00:00
1073,5283897720,266.375,0.09,sell,False,2022-11-01T14:44:47.292035+00:00
1074,5283876818,267.2,0.09,sell,False,2022-11-01T14:41:06.664506+00:00
1075,5283866687,268.05,0.09,sell,False,2022-11-01T14:40:02.875392+00:00
1076,5283862583,268.9,0.09,sell,False,2022-11-01T14:39:33.759411+00:00
1077,5283797231,269.725,0.09,buy,False,2022-11-01T14:29:56.638560+00:00
1078,5283777432,268.775,2.43,sell,False,2022-11-01T14:27:06.154179+00:00
1079,5283743444,268.9,0.09,buy,False,2022-11-01T14:21:41.547980+00:00
1080,5283693652,268.2,0.105,buy,False,2022-11-01T14:16:13.489680+00:00
1081,5283693651,268.05,0.09,buy,False,2022-11-01T14:16:13.489680+00:00
1082,5283684945,267.2,0.09,buy,False,2022-11-01T14:15:19.257834+00:00
1083,5283642252,266.375,0.09,sell,False,2022-11-01T14:11:20.189898+00:00
1084,5283628242,266.675,1.0,sell,False,2022-11-01T14:10:07.033669+00:00
1085,5283624196,267.2,0.09,sell,False,2022-11-01T14:09:48.809695+00:00
1086,5283615509,268.05,0.09,sell,False,2022-11-01T14:08:54.236373+00:00
1087,5283602548,268.9,0.09,sell,False,2022-11-01T14:07:41.255959+00:00
1088,5283601855,269.0,1.0,sell,False,2022-11-01T14:07:39.045049+00:00
1089,5283572305,269.725,0.09,sell,False,2022-11-01T14:04:56.076058+00:00
1090,5283532377,270.575,0.09,sell,False,2022-11-01T14:01:08.965539+00:00
1091,5283518164,271.425,0.085,sell,False,2022-11-01T14:00:20.671045+00:00
1092,5283512996,272.275,0.085,sell,False,2022-11-01T14:00:10.484822+00:00
1093,5283451435,273.125,0.085,buy,False,2022-11-01T13:52:53.166460+00:00
1094,5283442705,272.275,0.085,buy,False,2022-11-01T13:52:10.602032+00:00
1095,5283424267,271.425,0.085,sell,False,2022-11-01T13:50:30.741959+00:00
1096,5283396370,272.275,0.005,sell,False,2022-11-01T13:48:24.871649+00:00
1097,5283361071,273.125,0.085,sell,False,2022-11-01T13:46:54.977424+00:00
1098,5283305196,274.0,0.085,buy,False,2022-11-01T13:44:49.026007+00:00
1099,5283275310,273.125,0.085,sell,False,2022-11-01T13:42:31.219450+00:00
1100,5283269831,274.0,0.085,sell,False,2022-11-01T13:42:10.996370+00:00
1101,5283225208,274.85,0.085,sell,False,2022-11-01T13:36:10.236278+00:00
1102,5283216996,275.7,0.085,buy,False,2022-11-01T13:35:20.463823+00:00
1103,5283190109,274.85,0.085,sell,False,2022-11-01T13:32:03.985288+00:00
1104,5283171807,275.7,0.085,buy,False,2022-11-01T13:30:06.211737+00:00
1105,5283039535,277.45,0.085,sell,False,2022-11-01T13:05:04.452122+00:00
1106,5283039493,276.575,0.085,sell,False,2022-11-01T13:05:04.057397+00:00
1107,5283039458,275.7,0.085,sell,False,2022-11-01T13:05:03.562510+00:00
1108,5283039355,274.85,0.085,sell,False,2022-11-01T13:05:02.741302+00:00
1109,5283038985,278.75,14.56,buy,False,2022-11-01T13:04:56.966726+00:00
1110,5283038984,278.3,0.085,buy,False,2022-11-01T13:04:56.966726+00:00
1111,5283038983,277.45,0.085,buy,False,2022-11-01T13:04:56.966726+00:00
1112,5283038982,277.1,0.015,buy,False,2022-11-01T13:04:56.966726+00:00
1113,5283038981,276.575,0.085,buy,False,2022-11-01T13:04:56.966726+00:00
1114,5283038980,275.7,0.085,buy,False,2022-11-01T13:04:56.966726+00:00
1115,5283038979,274.85,0.085,buy,False,2022-11-01T13:04:56.966726+00:00
1116,5282907146,274.85,0.085,buy,False,2022-11-01T12:39:24.871772+00:00
1117,5282855040,273.125,0.085,sell,False,2022-11-01T12:29:51.799438+00:00
1118,5282854866,274.0,0.085,buy,False,2022-11-01T12:29:48.976897+00:00
1119,5282854688,273.125,0.085,sell,False,2022-11-01T12:29:46.503525+00:00
1120,5282853898,274.0,0.085,buy,False,2022-11-01T12:29:43.888030+00:00
1121,5282853604,273.125,0.085,sell,False,2022-11-01T12:29:41.084695+00:00
1122,5282853406,274.0,0.085,buy,False,2022-11-01T12:29:37.845389+00:00
1123,5282852724,273.125,0.085,sell,False,2022-11-01T12:29:29.050483+00:00
1124,5282852085,274.0,0.085,buy,False,2022-11-01T12:29:18.274833+00:00
1125,5282851922,273.125,0.085,sell,False,2022-11-01T12:29:14.964340+00:00
1126,5282851174,274.0,0.085,buy,False,2022-11-01T12:29:04.300711+00:00
1127,5282851026,273.125,0.085,sell,False,2022-11-01T12:29:01.615115+00:00
1128,5282850106,274.0,0.085,buy,False,2022-11-01T12:28:52.132709+00:00
1129,5282850088,274.725,0.01,buy,False,2022-11-01T12:28:51.787487+00:00
1130,5282848884,273.125,0.085,sell,False,2022-11-01T12:28:40.210033+00:00
1131,5282848554,274.0,0.085,buy,False,2022-11-01T12:28:37.469679+00:00
1132,5282848134,273.125,0.085,sell,False,2022-11-01T12:28:27.896888+00:00
1133,5282847244,274.0,0.085,buy,False,2022-11-01T12:28:16.286602+00:00
1134,5282846918,273.125,0.085,sell,False,2022-11-01T12:28:12.964110+00:00
1135,5282845977,272.275,0.08,sell,False,2022-11-01T12:28:02.883403+00:00
1136,5282845887,274.0,0.085,buy,False,2022-11-01T12:28:02.028846+00:00
1137,5282845650,273.125,0.085,sell,False,2022-11-01T12:27:59.987781+00:00
1138,5282844451,274.0,0.085,buy,False,2022-11-01T12:27:51.340293+00:00
1139,5282844348,273.125,0.085,sell,False,2022-11-01T12:27:49.374077+00:00
1140,5282843306,274.0,0.085,buy,False,2022-11-01T12:27:40.234387+00:00
1141,5282838346,274.725,0.265,buy,False,2022-11-01T12:26:46.604447+00:00
1142,5282805611,272.5,5.125,sell,False,2022-11-01T12:21:26.662121+00:00
1143,5282805373,272.5,5.5,sell,False,2022-11-01T12:21:23.354821+00:00
1144,5282805117,272.5,3.755,sell,False,2022-11-01T12:21:19.775594+00:00
1145,5282805116,272.525,2.295,sell,False,2022-11-01T12:21:19.775594+00:00
1146,5282804905,272.5,4.515,sell,False,2022-11-01T12:21:16.808969+00:00
1147,5282804770,272.5,4.27,sell,False,2022-11-01T12:21:15.420413+00:00
1148,5282804719,272.5,4.46,sell,False,2022-11-01T12:21:14.885141+00:00
1149,5282804588,272.5,4.34,sell,False,2022-11-01T12:21:13.670038+00:00
1150,5282804551,272.5,3.855,sell,False,2022-11-01T12:21:13.137207+00:00
1151,5282804471,272.5,4.29,sell,False,2022-11-01T12:21:12.611696+00:00
1152,5282804288,272.5,4.27,sell,False,2022-11-01T12:21:12.076594+00:00
1153,5282798290,273.125,0.085,sell,False,2022-11-01T12:20:21.048288+00:00
1154,5282797990,274.0,0.085,buy,False,2022-11-01T12:20:17.720986+00:00
1155,5282771350,272.35,3.56,buy,False,2022-11-01T12:16:00.315651+00:00
1156,5282751247,273.125,0.085,buy,False,2022-11-01T12:12:28.521840+00:00
1157,5282750744,272.275,0.085,sell,False,2022-11-01T12:12:25.466861+00:00
1158,5282722189,272.0,4.505,sell,False,2022-11-01T12:08:11.815638+00:00
1159,5282721745,272.0,4.35,sell,False,2022-11-01T12:08:09.891389+00:00
1160,5282692902,273.125,0.085,buy,False,2022-11-01T12:05:56.411235+00:00
1161,5282692642,272.275,0.085,sell,False,2022-11-01T12:05:54.427371+00:00
1162,5282491222,273.125,0.085,buy,False,2022-11-01T11:32:22.292690+00:00
1163,5282490992,272.325,3.94,buy,False,2022-11-01T11:32:20.562724+00:00
1164,5282471472,271.975,2.235,buy,False,2022-11-01T11:29:19.261095+00:00
1165,5282379969,272.275,0.085,sell,False,2022-11-01T11:17:51.408420+00:00
1166,5282379968,273.125,0.085,sell,False,2022-11-01T11:17:51.408420+00:00
1167,5282016829,273.5,0.5,buy,False,2022-11-01T10:34:36.281131+00:00
1168,5282003570,273.3,1.0,buy,False,2022-11-01T10:32:52.149953+00:00
1169,5281943191,273.325,1.0,buy,False,2022-11-01T10:24:42.102798+00:00
1170,5281895228,274.075,0.665,buy,False,2022-11-01T10:18:24.511973+00:00
1171,5281895215,274.075,2.5,buy,False,2022-11-01T10:18:24.320882+00:00
1172,5281895152,274.075,4.915,buy,False,2022-11-01T10:18:24.118021+00:00
1173,5281895151,274.0,0.085,buy,False,2022-11-01T10:18:24.118021+00:00
1174,5281790935,273.325,3.92,buy,False,2022-11-01T10:04:06.587603+00:00
1175,5281067451,273.375,2.86,buy,False,2022-11-01T08:17:27.834395+00:00
1176,5281052392,273.125,0.085,buy,False,2022-11-01T08:15:09.547869+00:00
1177,5280987074,272.275,0.085,sell,False,2022-11-01T08:03:08.612828+00:00
1178,5280985756,273.125,0.085,buy,False,2022-11-01T08:02:59.492116+00:00
1179,5280985533,272.275,0.085,sell,False,2022-11-01T08:02:57.578609+00:00
1180,5280984647,273.125,0.085,buy,False,2022-11-01T08:02:49.224253+00:00
1181,5280982531,272.275,0.085,sell,False,2022-11-01T08:02:35.627423+00:00
1182,5280982073,273.125,0.085,buy,False,2022-11-01T08:02:31.657965+00:00
1183,5280982072,272.275,0.085,buy,False,2022-11-01T08:02:31.657965+00:00
1184,5280351333,271.425,0.09,buy,False,2022-11-01T06:17:24.686003+00:00
1185,5280301221,270.575,0.09,buy,False,2022-11-01T06:11:37.077407+00:00
1186,5279054359,269.725,0.09,buy,False,2022-11-01T02:49:41.271716+00:00
1187,5278098300,268.9,0.09,sell,False,2022-11-01T00:06:13.381285+00:00
1188,5277977012,269.725,0.09,buy,False,2022-10-31T23:50:52.174447+00:00
1189,5277977011,268.9,0.09,buy,False,2022-10-31T23:50:52.174447+00:00
1190,5277976991,268.55,4.0,sell,False,2022-10-31T23:50:52.102427+00:00
1191,5277974906,268.6,3.79,sell,False,2022-10-31T23:50:35.717236+00:00
1192,5277974721,268.6,4.135,sell,False,2022-10-31T23:50:33.218355+00:00
1193,5276856974,268.05,0.09,sell,False,2022-10-31T20:30:02.741551+00:00
1194,5276820056,268.9,0.09,buy,False,2022-10-31T20:22:13.267486+00:00
1195,5276820055,268.05,0.09,buy,False,2022-10-31T20:22:13.267486+00:00
1196,5276705685,267.65,0.015,buy,False,2022-10-31T20:02:17.425357+00:00
1197,5276654057,267.2,0.09,sell,False,2022-10-31T19:54:21.286386+00:00
1198,5276536092,268.05,0.09,buy,False,2022-10-31T19:32:36.763338+00:00
1199,5276479910,267.2,0.09,buy,False,2022-10-31T19:21:39.988370+00:00
1200,5276410404,266.375,0.09,sell,False,2022-10-31T19:09:40.949733+00:00
1201,5276393951,267.2,0.09,sell,False,2022-10-31T19:07:23.112498+00:00
1202,5276345100,268.05,0.09,sell,False,2022-10-31T19:01:03.353295+00:00
1203,5276280290,268.9,0.09,sell,False,2022-10-31T18:48:55.602483+00:00
1204,5276231508,269.725,0.09,buy,False,2022-10-31T18:40:47.023606+00:00
1205,5276169885,268.9,0.09,buy,False,2022-10-31T18:32:15.504587+00:00
1206,5275935338,267.5,0.005,buy,False,2022-10-31T17:53:49.761459+00:00
1207,5275922716,268.05,0.09,sell,False,2022-10-31T17:51:49.903787+00:00
1208,5275877803,268.9,0.09,sell,False,2022-10-31T17:45:13.465904+00:00
1209,5275780286,270.1,2.55,buy,False,2022-10-31T17:29:38.635293+00:00
1210,5275780285,269.725,0.09,buy,False,2022-10-31T17:29:38.635293+00:00
1211,5275777565,268.9,0.09,buy,False,2022-10-31T17:29:17.169568+00:00
1212,5275732090,268.75,0.1,buy,False,2022-10-31T17:21:52.775045+00:00
1213,5275728819,268.55,0.1,buy,False,2022-10-31T17:21:22.886868+00:00
1214,5275718234,268.55,0.1,buy,False,2022-10-31T17:20:04.524544+00:00
1215,5275693097,268.6,0.1,buy,False,2022-10-31T17:17:57.144047+00:00
1216,5275685424,268.35,0.1,buy,False,2022-10-31T17:17:01.152697+00:00
1217,5275659628,268.25,0.1,buy,False,2022-10-31T17:13:18.492416+00:00
1218,5275651802,268.825,0.1,buy,False,2022-10-31T17:11:56.942916+00:00
1219,5275650436,268.175,0.1,buy,False,2022-10-31T17:11:40.620709+00:00
1220,5275647659,268.1,0.1,buy,False,2022-10-31T17:11:15.859955+00:00
1221,5275635602,268.1,0.01,buy,False,2022-10-31T17:09:26.611850+00:00
1222,5275635601,268.05,0.09,buy,False,2022-10-31T17:09:26.611850+00:00
1223,5275625007,267.95,0.1,buy,False,2022-10-31T17:07:51.349446+00:00
1224,5275622254,267.45,0.1,buy,False,2022-10-31T17:07:22.107803+00:00
1225,5275619787,267.425,0.1,buy,False,2022-10-31T17:07:00.429437+00:00
1226,5275604821,266.975,3.8,sell,False,2022-10-31T17:05:09.532944+00:00
1227,5275604820,267.2,0.09,sell,False,2022-10-31T17:05:09.532454+00:00
1228,5275601614,268.05,0.09,sell,False,2022-10-31T17:05:02.157203+00:00
1229,5275598604,268.3,0.1,buy,False,2022-10-31T17:04:30.929349+00:00
1230,5275567368,268.125,0.1,buy,False,2022-10-31T17:00:57.295171+00:00
1231,5275561467,269.0,0.01,buy,False,2022-10-31T17:00:08.443871+00:00
1232,5275561466,268.9,0.09,buy,False,2022-10-31T17:00:08.443871+00:00
1233,5275558058,268.3,0.25,buy,False,2022-10-31T16:59:44.658905+00:00
1234,5275549809,268.375,0.1,buy,False,2022-10-31T16:58:18.425752+00:00
1235,5275547065,268.375,0.1,buy,False,2022-10-31T16:58:00.678915+00:00
1236,5275528070,268.05,0.09,sell,False,2022-10-31T16:55:05.704560+00:00
1237,5275527391,268.325,0.1,buy,False,2022-10-31T16:54:56.950716+00:00
1238,5275521572,268.7,0.1,buy,False,2022-10-31T16:53:52.158324+00:00
1239,5275516831,268.825,0.1,buy,False,2022-10-31T16:53:08.804477+00:00
1240,5275514377,268.9,0.1,buy,False,2022-10-31T16:52:43.497936+00:00
1241,5275505749,269.175,0.1,buy,False,2022-10-31T16:51:23.035738+00:00
1242,5275500846,269.175,0.1,buy,False,2022-10-31T16:50:40.792004+00:00
1243,5275497871,269.2,0.1,buy,False,2022-10-31T16:50:18.377734+00:00
1244,5275485882,269.0,0.1,buy,False,2022-10-31T16:48:45.199411+00:00
1245,5275475635,268.125,0.1,buy,False,2022-10-31T16:47:13.504251+00:00
1246,5275464089,268.275,0.1,buy,False,2022-10-31T16:45:38.017450+00:00
1247,5275456871,268.725,0.1,buy,False,2022-10-31T16:44:48.487507+00:00
1248,5275448508,268.9,0.09,sell,False,2022-10-31T16:43:40.184468+00:00
1249,5275404816,270.175,0.1,buy,False,2022-10-31T16:39:24.936595+00:00
1250,5275399371,269.675,0.1,buy,False,2022-10-31T16:38:28.463930+00:00
1251,5275388485,269.65,0.1,buy,False,2022-10-31T16:36:57.253580+00:00
1252,5275374026,269.625,0.1,buy,False,2022-10-31T16:35:09.377418+00:00
1253,5275370554,269.625,0.1,buy,False,2022-10-31T16:34:51.919734+00:00
1254,5275355804,269.725,0.1,buy,False,2022-10-31T16:33:57.794132+00:00
1255,5275339586,269.725,0.09,sell,False,2022-10-31T16:32:07.282441+00:00
1256,5275334913,270.15,0.1,buy,False,2022-10-31T16:31:39.818757+00:00
1257,5275327827,270.575,0.09,sell,False,2022-10-31T16:30:59.046998+00:00
1258,5275304924,271.425,0.085,sell,False,2022-10-31T16:29:31.384233+00:00
1259,5275258316,272.35,2.905,sell,False,2022-10-31T16:24:44.873481+00:00
1260,5275245980,272.275,0.085,sell,False,2022-10-31T16:23:12.137588+00:00
1261,5275207348,273.2,1.0,sell,False,2022-10-31T16:19:46.676868+00:00
1262,5275201359,273.125,0.085,buy,False,2022-10-31T16:19:15.669247+00:00
1263,5275155008,272.35,3.825,buy,False,2022-10-31T16:16:42.291396+00:00
1264,5275155007,272.275,0.085,buy,False,2022-10-31T16:16:42.291396+00:00
1265,5275132234,271.425,0.09,buy,False,2022-10-31T16:15:25.292651+00:00
1266,5274954801,270.575,0.09,sell,False,2022-10-31T15:58:52.336060+00:00
1267,5274905273,272.1,0.155,sell,False,2022-10-31T15:54:52.891374+00:00
1268,5274877116,271.425,0.09,buy,False,2022-10-31T15:53:16.598449+00:00
1269,5274806734,270.575,0.09,buy,False,2022-10-31T15:45:03.740346+00:00
1270,5274799505,269.725,0.09,buy,False,2022-10-31T15:43:53.328982+00:00
1271,5274694729,268.9,0.09,buy,False,2022-10-31T15:28:29.604917+00:00
1272,5274636437,267.7,3.13,sell,False,2022-10-31T15:20:59.010014+00:00
1273,5274597552,268.35,0.1,buy,False,2022-10-31T15:15:56.921728+00:00
1274,5274530717,268.325,0.01,buy,False,2022-10-31T15:09:15.273134+00:00
1275,5274530716,268.05,0.09,buy,False,2022-10-31T15:09:15.273134+00:00
1276,5274518913,267.4,0.01,buy,False,2022-10-31T15:08:11.152043+00:00
1277,5274518912,267.2,0.09,buy,False,2022-10-31T15:08:11.152043+00:00
1278,5274511347,266.375,0.09,buy,False,2022-10-31T15:07:37.105616+00:00
1279,5274417656,265.55,0.09,buy,False,2022-10-31T14:59:37.220275+00:00
1280,5274382541,264.7,0.09,sell,False,2022-10-31T14:55:54.972513+00:00
1281,5274379094,264.95,0.025,sell,False,2022-10-31T14:55:38.141686+00:00
1282,5274333619,265.55,0.09,sell,False,2022-10-31T14:51:39.645026+00:00
1283,5274323137,265.575,3.415,sell,False,2022-10-31T14:50:29.115595+00:00
1284,5274285767,266.375,0.09,buy,False,2022-10-31T14:46:47.604858+00:00
1285,5274261437,265.55,0.09,buy,False,2022-10-31T14:44:59.523714+00:00
1286,5274220660,264.7,0.09,buy,False,2022-10-31T14:42:01.722256+00:00
1287,5274185212,263.875,0.09,buy,False,2022-10-31T14:40:52.161018+00:00
1288,5274190304,263.05,0.09,buy,False,2022-10-31T14:40:34.798021+00:00
1289,5274171000,262.225,0.09,buy,False,2022-10-31T14:39:51.086824+00:00
1290,5274108171,261.275,0.05,sell,False,2022-10-31T14:35:52.476312+00:00
1291,5274108170,261.425,0.09,sell,False,2022-10-31T14:35:52.476312+00:00
1292,5273984386,262.225,0.09,sell,False,2022-10-31T14:26:43.332742+00:00
1293,5273963171,263.05,0.09,sell,False,2022-10-31T14:25:12.672994+00:00
1294,5273951939,264.075,2.96,buy,False,2022-10-31T14:24:04.949389+00:00
1295,5273951929,263.4,0.08,sell,False,2022-10-31T14:24:04.883766+00:00
1296,5273951928,263.475,3.685,sell,False,2022-10-31T14:24:04.883766+00:00
1297,5273951927,263.875,0.09,sell,False,2022-10-31T14:24:04.883766+00:00
1298,5273944068,264.625,2.0,buy,False,2022-10-31T14:23:22.418858+00:00
1299,5273940032,264.7,0.09,sell,False,2022-10-31T14:23:00.777805+00:00
1300,5273935145,264.75,2.0,buy,False,2022-10-31T14:22:32.625392+00:00
1301,5273921686,265.55,0.09,sell,False,2022-10-31T14:21:22.793724+00:00
1302,5273918257,266.15,0.205,sell,False,2022-10-31T14:21:04.693925+00:00
1303,5273917327,266.375,0.09,sell,False,2022-10-31T14:21:00.678403+00:00
1304,5273858472,267.2,0.09,buy,False,2022-10-31T14:16:56.892648+00:00
1305,5273825461,266.375,0.09,sell,False,2022-10-31T14:14:42.113288+00:00
1306,5273772187,266.65,0.08,sell,False,2022-10-31T14:10:56.918483+00:00
1307,5273733871,267.2,0.09,sell,False,2022-10-31T14:09:13.898617+00:00
1308,5273720623,268.05,0.09,sell,False,2022-10-31T14:08:27.363040+00:00
1309,5273712678,268.9,0.09,sell,False,2022-10-31T14:07:56.566308+00:00
1310,5273705739,269.725,0.09,sell,False,2022-10-31T14:07:28.144932+00:00
1311,5273675302,270.575,0.09,sell,False,2022-10-31T14:05:37.211103+00:00
1312,5273615459,271.425,0.09,buy,False,2022-10-31T14:02:19.338622+00:00
1313,5273512821,270.575,0.09,sell,False,2022-10-31T13:59:56.348706+00:00
1314,5273411746,271.425,0.09,buy,False,2022-10-31T13:57:41.026038+00:00
1315,5273393156,270.425,2.0,buy,False,2022-10-31T13:56:48.186008+00:00
1316,5273391324,270.575,0.09,sell,False,2022-10-31T13:56:44.573351+00:00
1317,5273370351,271.425,0.085,sell,False,2022-10-31T13:56:05.377414+00:00
1318,5273358752,272.475,3.06,buy,False,2022-10-31T13:55:42.610616+00:00
1319,5273358692,271.925,3.045,sell,False,2022-10-31T13:55:42.534142+00:00
1320,5273358691,272.275,0.085,sell,False,2022-10-31T13:55:42.534142+00:00
1321,5273328534,272.675,0.025,sell,False,2022-10-31T13:54:49.191372+00:00
1322,5273328367,272.75,2.0,buy,False,2022-10-31T13:54:48.092554+00:00
1323,5273297335,273.125,0.085,sell,False,2022-10-31T13:52:25.898180+00:00
1324,5273287070,273.325,2.0,buy,False,2022-10-31T13:52:00.488295+00:00
1325,5273267903,274.0,0.085,sell,False,2022-10-31T13:50:49.640525+00:00
1326,5273254304,274.6,0.04,sell,False,2022-10-31T13:50:07.153980+00:00
1327,5273252433,274.85,0.075,sell,False,2022-10-31T13:50:00.849387+00:00
1328,5273248927,275.7,0.085,sell,False,2022-10-31T13:49:47.680380+00:00
1329,5273239526,276.75,2.695,buy,False,2022-10-31T13:48:58.082402+00:00
1330,5273239521,275.9,2.215,sell,False,2022-10-31T13:48:58.016310+00:00
1331,5273215600,276.575,0.085,sell,False,2022-10-31T13:47:30.484668+00:00
1332,5273213213,277.45,0.085,sell,False,2022-10-31T13:47:16.379741+00:00
1333,5273199153,278.3,0.085,sell,False,2022-10-31T13:46:06.823312+00:00
1334,5273198878,279.175,0.085,sell,False,2022-10-31T13:46:04.722668+00:00
1335,5273197518,280.05,0.085,sell,False,2022-10-31T13:45:58.768822+00:00
1336,5273197298,280.75,3.68,sell,False,2022-10-31T13:45:57.546292+00:00
1337,5273197297,280.95,0.085,sell,False,2022-10-31T13:45:57.546292+00:00
1338,5273140269,281.825,0.085,sell,False,2022-10-31T13:40:24.566381+00:00
1339,5273123033,283.575,9.0,buy,False,2022-10-31T13:38:50.997700+00:00
1340,5273122335,282.7,0.085,buy,False,2022-10-31T13:38:48.500304+00:00
1341,5273115953,282.0,4.025,buy,False,2022-10-31T13:38:12.586014+00:00
1342,5273110978,282.075,3.485,sell,False,2022-10-31T13:37:41.389845+00:00
1343,5273086479,281.825,0.085,buy,False,2022-10-31T13:35:23.148461+00:00
1344,5273085036,280.95,0.085,buy,False,2022-10-31T13:35:16.682357+00:00
1345,5273081602,280.05,0.085,buy,False,2022-10-31T13:35:01.465525+00:00
1346,5273079134,279.175,0.085,buy,False,2022-10-31T13:34:51.233901+00:00
1347,5273079092,278.3,0.085,buy,False,2022-10-31T13:34:51.033283+00:00
1348,5273074251,277.45,0.085,buy,False,2022-10-31T13:34:23.579562+00:00
1349,5273060997,276.575,0.085,sell,False,2022-10-31T13:33:34.202276+00:00
1350,5273059218,277.45,0.085,sell,False,2022-10-31T13:33:27.960797+00:00
1351,5273059197,278.3,0.085,sell,False,2022-10-31T13:33:27.952397+00:00
1352,5273042892,279.175,0.085,sell,False,2022-10-31T13:32:53.413983+00:00
1353,5273040236,280.05,0.085,sell,False,2022-10-31T13:32:45.999341+00:00
1354,5273016207,280.95,0.085,buy,False,2022-10-31T13:31:01.923342+00:00
1355,5273015394,280.05,0.085,buy,False,2022-10-31T13:30:56.158660+00:00
1356,5273004969,279.175,0.085,sell,False,2022-10-31T13:30:07.077280+00:00
1357,5272860933,280.05,0.085,buy,False,2022-10-31T13:10:46.675917+00:00
1358,5272455330,279.175,0.085,buy,False,2022-10-31T12:14:25.384551+00:00
1359,5272446377,278.3,0.085,buy,False,2022-10-31T12:13:36.080905+00:00
1360,5272445697,277.45,0.085,sell,False,2022-10-31T12:13:30.572489+00:00
1361,5272445696,278.3,0.085,sell,False,2022-10-31T12:13:30.572489+00:00
1362,5272445695,279.175,0.085,sell,False,2022-10-31T12:13:30.572489+00:00
1363,5272433411,280.05,0.085,sell,False,2022-10-31T12:12:22.323611+00:00
1364,5271959359,280.95,0.085,buy,False,2022-10-31T11:07:40.965976+00:00
1365,5271623036,280.05,0.085,sell,False,2022-10-31T10:21:04.674111+00:00
1366,5271606000,285.375,0.085,sell,False,2022-10-31T10:19:20.317297+00:00
1367,5271605985,284.475,0.085,sell,False,2022-10-31T10:19:20.092402+00:00
1368,5271605940,283.6,0.085,sell,False,2022-10-31T10:19:19.425376+00:00
1369,5271605906,282.7,0.085,sell,False,2022-10-31T10:19:18.898463+00:00
1370,5271605880,280.95,0.085,sell,False,2022-10-31T10:19:18.391098+00:00
1371,5271605820,281.825,0.085,sell,False,2022-10-31T10:19:17.722662+00:00
1372,5271605321,287.025,0.93,buy,False,2022-10-31T10:19:10.589879+00:00
1373,5271605320,286.275,0.085,buy,False,2022-10-31T10:19:10.589879+00:00
1374,5271605319,285.375,0.085,buy,False,2022-10-31T10:19:10.589879+00:00
1375,5271605318,284.475,0.085,buy,False,2022-10-31T10:19:10.589879+00:00
1376,5271605317,283.6,0.085,buy,False,2022-10-31T10:19:10.589879+00:00
1377,5271605316,282.7,0.085,buy,False,2022-10-31T10:19:10.589879+00:00
1378,5271605315,281.825,0.07,buy,False,2022-10-31T10:19:10.589879+00:00
1379,5271408078,281.825,0.005,buy,False,2022-10-31T10:01:50.953392+00:00
1380,5271405813,281.825,0.005,buy,False,2022-10-31T10:01:40.115905+00:00
1381,5271405750,281.825,0.005,buy,False,2022-10-31T10:01:39.704641+00:00
1382,5271391554,280.95,0.085,sell,False,2022-10-31T10:00:20.432002+00:00
1383,5271391123,281.825,14.915,sell,False,2022-10-31T10:00:17.440365+00:00
1384,5271391104,281.825,0.085,buy,False,2022-10-31T10:00:17.386660+00:00
1385,5271377950,280.95,0.085,sell,False,2022-10-31T09:58:39.364957+00:00
