,id,price,size,side,liquidation,time
0,5400468796,17.03,0.45,buy,False,2022-11-10T07:58:56.972727+00:00
1,5400461919,14.89,0.01,buy,False,2022-11-10T07:58:10.354867+00:00
2,5395621333,14.0,0.1,buy,False,2022-11-09T22:27:23.329321+00:00
3,5393168184,13.355,0.01,buy,False,2022-11-09T19:34:43.820199+00:00
4,5371749481,11.25,0.1,sell,False,2022-11-08T19:23:41.573051+00:00
5,5371293044,11.5,0.1,sell,False,2022-11-08T19:09:52.292558+00:00
6,5363379437,11.975,0.83,buy,False,2022-11-08T14:37:41.267578+00:00
7,5362682324,12.1,0.05,sell,False,2022-11-08T13:55:11.896357+00:00
8,5361265961,12.125,0.1,sell,False,2022-11-08T11:04:26.341868+00:00
9,5360086731,12.28,0.05,sell,False,2022-11-08T09:00:01.681708+00:00
10,5348179105,12.815,0.1,sell,False,2022-11-07T16:57:43.344658+00:00
11,5333879792,13.115,8.0,sell,False,2022-11-06T11:25:15.172906+00:00
12,5329912669,13.25,0.51,buy,False,2022-11-05T23:32:24.058228+00:00
13,5329905559,13.25,7.49,buy,False,2022-11-05T23:31:20.480199+00:00
14,5329735648,13.135,8.0,sell,False,2022-11-05T23:12:28.366329+00:00
15,5328574538,13.295,8.0,buy,False,2022-11-05T19:41:08.803791+00:00
16,5327495912,13.145,8.0,sell,False,2022-11-05T17:04:34.296888+00:00
17,5327178995,13.34,8.0,buy,False,2022-11-05T16:28:37.032483+00:00
18,5326120854,13.14,10.0,sell,False,2022-11-05T14:37:23.730771+00:00
19,5318364724,13.04,10.0,buy,False,2022-11-04T19:16:31.638996+00:00
20,5315652432,13.27,0.04,buy,False,2022-11-04T14:41:30.859922+00:00
21,5315642508,13.145,0.18,buy,False,2022-11-04T14:41:07.562554+00:00
22,5214288570,12.045,10.0,sell,False,2022-10-25T14:31:19.057261+00:00
23,5213966889,12.125,10.0,buy,False,2022-10-25T13:57:09.254985+00:00
24,5213798308,11.935,10.0,sell,False,2022-10-25T13:43:50.246906+00:00
25,5213570832,12.01,10.0,buy,False,2022-10-25T13:22:26.435552+00:00
26,5209868734,11.89,10.0,sell,False,2022-10-24T20:32:11.329485+00:00
27,5209554318,11.985,10.0,buy,False,2022-10-24T19:10:23.111913+00:00
28,5208291073,11.85,10.0,sell,False,2022-10-24T14:39:44.971652+00:00
29,5207205965,12.015,10.0,buy,False,2022-10-24T12:17:38.592732+00:00
30,5143151188,11.88,13.01,buy,False,2022-10-13T18:48:10.146240+00:00
31,5106651476,12.325,0.4,sell,False,2022-10-07T06:28:13.340177+00:00
32,5104565995,12.37,3.24,sell,False,2022-10-06T19:33:41.676880+00:00
33,5084410739,11.755,156.18,buy,False,2022-10-03T13:58:03.390398+00:00
34,5084407477,11.755,139.43,sell,False,2022-10-03T13:57:32.000068+00:00
35,5084390043,11.74,73.53,sell,False,2022-10-03T13:54:28.803877+00:00
36,5084390042,11.745,1.41,sell,False,2022-10-03T13:54:28.803877+00:00
37,5084390041,11.775,129.35,sell,False,2022-10-03T13:54:28.803877+00:00
38,5075420720,11.865,12.0,sell,False,2022-10-01T15:28:21.179918+00:00
39,5074400639,12.05,0.01,buy,False,2022-10-01T08:30:21.283961+00:00
40,5074349565,12.04,12.0,buy,False,2022-10-01T08:09:13.924383+00:00
41,5072430140,11.9,12.0,sell,False,2022-09-30T20:46:40.170459+00:00
42,5072270514,12.015,3.46,buy,False,2022-09-30T20:12:30.717539+00:00
43,5072270513,12.01,8.54,buy,False,2022-09-30T20:12:30.717539+00:00
44,5072148414,12.005,21.0,sell,False,2022-09-30T19:56:42.246545+00:00
45,5071232658,12.245,21.0,buy,False,2022-09-30T16:38:47.759983+00:00
46,5037220221,11.485,4.26,sell,False,2022-09-26T06:30:35.149782+00:00
47,5037220106,11.755,4.26,buy,False,2022-09-26T06:30:33.987504+00:00
48,5037214328,11.49,4.06,sell,False,2022-09-26T06:29:40.804762+00:00
49,5037214327,11.49,0.2,sell,False,2022-09-26T06:29:40.804762+00:00
50,5037214257,11.755,4.26,buy,False,2022-09-26T06:29:39.578803+00:00
51,5037213521,11.49,4.26,sell,False,2022-09-26T06:29:30.360898+00:00
52,5037212276,11.755,0.37,buy,False,2022-09-26T06:29:22.915257+00:00
53,5037212275,11.755,3.89,buy,False,2022-09-26T06:29:22.915257+00:00
54,5037209599,11.485,4.26,sell,False,2022-09-26T06:28:50.055771+00:00
55,5037208664,11.755,0.37,buy,False,2022-09-26T06:28:41.369424+00:00
56,5037208663,11.755,3.89,buy,False,2022-09-26T06:28:41.369424+00:00
57,5037206100,11.475,3.87,sell,False,2022-09-26T06:28:28.722557+00:00
58,5037206099,11.48,0.39,sell,False,2022-09-26T06:28:28.722557+00:00
59,5037205973,11.755,0.37,buy,False,2022-09-26T06:28:26.847735+00:00
60,5037205972,11.755,3.89,buy,False,2022-09-26T06:28:26.847735+00:00
61,5037205755,11.48,4.26,sell,False,2022-09-26T06:28:24.120869+00:00
62,5037204883,11.755,4.26,buy,False,2022-09-26T06:28:19.193884+00:00
63,5037201291,11.475,4.26,sell,False,2022-09-26T06:27:30.932469+00:00
64,5037200020,11.755,4.26,buy,False,2022-09-26T06:27:21.054322+00:00
65,5007224793,11.49,171.1,sell,False,2022-09-21T21:15:55.527643+00:00
66,5007224655,11.49,157.52,sell,False,2022-09-21T21:15:54.974951+00:00
67,5007224482,11.49,171.38,sell,False,2022-09-21T21:15:54.295620+00:00
68,4986658893,11.31,0.09,sell,False,2022-09-19T09:19:59.782245+00:00
69,4986295692,11.45,0.43,sell,False,2022-09-19T08:00:01.818449+00:00
70,4986295691,11.705,0.09,sell,False,2022-09-19T08:00:01.818449+00:00
71,4986295621,11.8,0.42,sell,False,2022-09-19T08:00:01.258894+00:00
72,4979808180,12.13,0.43,sell,False,2022-09-18T14:54:48.042681+00:00
73,4968165195,12.07,0.41,sell,False,2022-09-16T13:52:44.628788+00:00
74,4967887139,12.1,0.99,sell,False,2022-09-16T13:10:09.414161+00:00
75,4943550643,12.85,0.05,sell,False,2022-09-13T15:46:23.836989+00:00
76,4940996092,13.5,1.0,sell,False,2022-09-13T12:32:59.815842+00:00
77,4930730747,13.885,0.04,buy,False,2022-09-12T08:00:09.967771+00:00
78,4930729770,13.28,0.33,buy,False,2022-09-12T08:00:01.907345+00:00
79,4891496570,11.445,0.16,sell,False,2022-09-06T20:09:56.366260+00:00
80,4890740277,11.59,0.05,sell,False,2022-09-06T18:31:57.259745+00:00
81,4871509596,12.055,5.0,sell,False,2022-09-03T09:16:15.792606+00:00
82,4869362232,12.17,5.0,sell,False,2022-09-02T21:51:32.585337+00:00
83,4869358668,12.18,5.0,sell,False,2022-09-02T21:50:26.397841+00:00
84,4867113864,12.57,10.0,buy,False,2022-09-02T14:47:38.893294+00:00
85,4857566876,12.155,5.0,sell,False,2022-09-01T03:53:58.776116+00:00
86,4855959998,12.32,5.0,sell,False,2022-08-31T21:40:27.795848+00:00
87,4850410065,12.465,10.0,buy,False,2022-08-31T03:16:46.422077+00:00
88,4848730267,12.16,7.59,sell,False,2022-08-30T21:42:23.528547+00:00
89,4848730266,12.165,2.41,sell,False,2022-08-30T21:42:23.528547+00:00
90,4848729151,12.16,10.0,sell,False,2022-08-30T21:41:52.353064+00:00
91,4847954206,12.23,4.78,buy,False,2022-08-30T19:18:58.592648+00:00
92,4844141918,12.54,2.0,buy,False,2022-08-30T09:07:30.344142+00:00
93,4842843394,12.595,10.0,buy,False,2022-08-30T03:47:21.337040+00:00
94,4842843351,12.595,4.65,buy,False,2022-08-30T03:47:20.009823+00:00
95,4842843350,12.59,5.35,buy,False,2022-08-30T03:47:20.009823+00:00
96,4841464997,12.435,0.24,buy,False,2022-08-29T21:15:28.697156+00:00
97,4840681068,12.435,1.97,sell,False,2022-08-29T17:34:45.756411+00:00
98,4836605430,11.92,10.0,sell,False,2022-08-29T02:49:28.625435+00:00
99,4834274869,12.445,4.41,buy,False,2022-08-28T18:56:03.300286+00:00
100,4831278484,12.44,1.97,buy,False,2022-08-28T03:53:40.643730+00:00
101,4830473101,12.07,1.35,sell,False,2022-08-27T23:49:05.975771+00:00
102,4830455250,12.44,1.4,buy,False,2022-08-27T23:42:49.073596+00:00
103,4828801748,12.0,10.0,sell,False,2022-08-27T16:14:44.038201+00:00
104,4828801623,12.0,10.0,sell,False,2022-08-27T16:14:42.648388+00:00
105,4826332853,12.08,5.0,sell,False,2022-08-27T05:17:10.745293+00:00
106,4826320267,12.055,50.0,sell,False,2022-08-27T05:16:20.608716+00:00
107,4822277931,12.67,10.0,sell,False,2022-08-26T15:48:41.198161+00:00
108,4822277641,12.6,10.0,sell,False,2022-08-26T15:48:39.217956+00:00
109,4822242078,12.65,10.0,sell,False,2022-08-26T15:45:12.338484+00:00
110,4822241901,12.65,10.0,sell,False,2022-08-26T15:45:11.111838+00:00
111,4822241127,12.65,10.0,sell,False,2022-08-26T15:45:09.850466+00:00
112,4822200367,12.665,10.0,sell,False,2022-08-26T15:41:26.375489+00:00
113,4822200060,12.665,10.0,sell,False,2022-08-26T15:41:24.949988+00:00
114,4821525275,12.92,12.02,sell,False,2022-08-26T15:00:36.452544+00:00
115,4820324063,13.435,5.0,buy,False,2022-08-26T13:20:45.130179+00:00
116,4817780287,13.1,5.0,sell,False,2022-08-26T05:44:28.288845+00:00
117,4817780121,13.1,5.0,sell,False,2022-08-26T05:44:27.012164+00:00
118,4816287930,13.175,2.0,sell,False,2022-08-25T23:15:40.780253+00:00
119,4816287908,13.175,2.0,sell,False,2022-08-25T23:15:39.531787+00:00
120,4816283462,13.175,2.0,sell,False,2022-08-25T23:14:39.348806+00:00
121,4814214151,13.34,1.0,buy,False,2022-08-25T14:12:18.146824+00:00
122,4812775428,13.415,1.0,buy,False,2022-08-25T08:20:28.593619+00:00
123,4810226958,13.46,1.0,buy,False,2022-08-24T21:47:15.291786+00:00
124,4807722132,13.26,1.0,buy,False,2022-08-24T12:31:39.147105+00:00
125,4807722016,13.26,1.0,buy,False,2022-08-24T12:31:36.466756+00:00
126,4807721895,13.26,1.0,buy,False,2022-08-24T12:31:34.716296+00:00
127,4804183342,13.3,10.0,buy,False,2022-08-23T21:41:44.264669+00:00
128,4802415362,13.3,2.0,buy,False,2022-08-23T14:45:29.869654+00:00
129,4802406142,13.285,10.0,buy,False,2022-08-23T14:44:03.965783+00:00
130,4801041118,13.235,10.0,buy,False,2022-08-23T10:58:41.635542+00:00
131,4797557563,13.315,1.0,buy,False,2022-08-23T00:20:58.482261+00:00
132,4794874355,13.17,3.7,sell,False,2022-08-22T16:02:03.285651+00:00
133,4793979437,13.135,1.0,buy,False,2022-08-22T13:57:17.486803+00:00
134,4792932427,13.095,5.0,buy,False,2022-08-22T10:57:30.933404+00:00
135,4789252768,13.065,5.0,buy,False,2022-08-21T23:36:25.226851+00:00
136,4788913978,13.005,10.0,buy,False,2022-08-21T22:30:12.515887+00:00
137,4786102917,13.02,3.06,buy,False,2022-08-21T11:51:10.500697+00:00
138,4786102916,13.015,1.94,buy,False,2022-08-21T11:51:10.500697+00:00
139,4786097153,13.005,5.0,buy,False,2022-08-21T11:49:52.896056+00:00
140,4786094399,13.01,5.0,buy,False,2022-08-21T11:49:11.032339+00:00
141,4785922525,12.835,0.06,sell,False,2022-08-21T11:00:25.854916+00:00
142,4785922524,12.84,11.94,sell,False,2022-08-21T11:00:25.854916+00:00
143,4785159006,13.005,7.0,buy,False,2022-08-21T08:17:51.001766+00:00
144,4785159005,13.0,5.0,buy,False,2022-08-21T08:17:51.001766+00:00
145,4778647425,12.715,5.0,sell,False,2022-08-20T09:14:12.490653+00:00
146,4778137273,12.935,3.9,buy,False,2022-08-20T07:11:07.038315+00:00
147,4778132203,12.935,2.34,buy,False,2022-08-20T07:10:02.608529+00:00
148,4778131629,12.935,2.34,buy,False,2022-08-20T07:09:52.534607+00:00
149,4778121526,12.935,1.56,buy,False,2022-08-20T07:07:44.063298+00:00
150,4778116466,12.94,10.0,buy,False,2022-08-20T07:06:31.290996+00:00
151,4776610449,12.855,67.45,buy,False,2022-08-20T01:47:44.795352+00:00
152,4776610448,12.85,11.82,buy,False,2022-08-20T01:47:44.795352+00:00
153,4776573310,12.625,38.18,sell,False,2022-08-20T01:40:12.800566+00:00
154,4776573309,12.63,11.82,sell,False,2022-08-20T01:40:12.800566+00:00
155,4776551736,12.86,38.38,buy,False,2022-08-20T01:35:21.993579+00:00
156,4776551735,12.845,11.62,buy,False,2022-08-20T01:35:21.993579+00:00
157,4776536660,12.655,58.38,sell,False,2022-08-20T01:32:26.677807+00:00
158,4776536659,12.66,11.62,sell,False,2022-08-20T01:32:26.677807+00:00
159,4776525103,12.86,20.0,buy,False,2022-08-20T01:30:22.344649+00:00
160,4776523107,12.85,39.48,buy,False,2022-08-20T01:29:51.103656+00:00
161,4776523106,12.845,10.52,buy,False,2022-08-20T01:29:51.103656+00:00
162,4776240353,12.83,1.41,sell,False,2022-08-20T00:40:28.546450+00:00
163,4776240352,12.83,0.08,sell,False,2022-08-20T00:40:28.546450+00:00
164,4773650623,13.08,1.38,sell,False,2022-08-19T19:05:55.203045+00:00
165,4773575302,13.14,0.92,buy,False,2022-08-19T18:52:25.305046+00:00
166,4770348703,13.09,92.7,sell,False,2022-08-19T11:11:01.879145+00:00
167,4770348702,13.095,5.45,sell,False,2022-08-19T11:11:01.879145+00:00
168,4770348701,13.11,1.85,sell,False,2022-08-19T11:11:01.879145+00:00
169,4768871339,13.685,1.61,sell,False,2022-08-19T08:00:01.900208+00:00
170,4766590429,14.24,5.0,buy,False,2022-08-19T03:35:51.799401+00:00
171,4765571001,14.025,8.54,sell,False,2022-08-19T01:06:56.549356+00:00
172,4765571000,14.085,0.05,sell,False,2022-08-19T01:06:56.549356+00:00
173,4765570999,14.16,1.41,sell,False,2022-08-19T01:06:56.549356+00:00
174,4761417942,14.395,1.01,sell,False,2022-08-18T13:30:30.540114+00:00
175,4761417941,14.4,10.99,sell,False,2022-08-18T13:30:30.540114+00:00
176,4761147943,14.515,5.0,buy,False,2022-08-18T12:40:08.500003+00:00
177,4760570215,14.44,8.0,sell,False,2022-08-18T10:28:25.094143+00:00
178,4760493605,14.5,20.0,buy,False,2022-08-18T10:10:55.793276+00:00
179,4760019452,14.44,5.0,buy,False,2022-08-18T08:25:30.139076+00:00
180,4759004764,14.465,2.0,buy,False,2022-08-18T03:48:14.797910+00:00
181,4758454201,14.475,10.0,buy,False,2022-08-18T01:33:30.991061+00:00
182,4758453906,14.475,10.0,buy,False,2022-08-18T01:33:22.110283+00:00
183,4757305831,14.435,0.13,buy,False,2022-08-17T21:50:17.226759+00:00
184,4753852952,14.72,5.0,buy,False,2022-08-17T13:31:17.440588+00:00
185,4753423103,14.56,1.25,sell,False,2022-08-17T12:33:02.518490+00:00
186,4752598052,14.625,14.0,sell,False,2022-08-17T10:25:14.089663+00:00
187,4752053309,14.68,5.0,sell,False,2022-08-17T08:40:15.534001+00:00
188,4752050827,14.74,2.0,buy,False,2022-08-17T08:39:49.687482+00:00
189,4751934925,14.75,12.0,buy,False,2022-08-17T08:20:14.049644+00:00
190,4751830005,14.635,14.0,sell,False,2022-08-17T08:06:56.676238+00:00
191,4751803998,14.715,2.0,buy,False,2022-08-17T08:03:55.287033+00:00
192,4751766853,14.76,12.0,buy,False,2022-08-17T08:00:07.265936+00:00
193,4751738084,14.62,20.0,sell,False,2022-08-17T07:55:58.595889+00:00
194,4751332889,15.005,3.0,buy,False,2022-08-17T07:25:32.344783+00:00
195,4751314171,15.03,0.49,buy,False,2022-08-17T07:23:58.212513+00:00
196,4751314170,15.025,0.51,buy,False,2022-08-17T07:23:58.212513+00:00
197,4750599378,14.9,0.06,buy,False,2022-08-17T05:40:31.159484+00:00
198,4750579095,14.895,3.0,buy,False,2022-08-17T05:36:45.393949+00:00
199,4750569291,14.9,1.0,buy,False,2022-08-17T05:34:17.284443+00:00
200,4749280989,14.82,10.0,buy,False,2022-08-17T01:03:04.673678+00:00
201,4749278260,14.81,10.0,buy,False,2022-08-17T01:02:38.995549+00:00
202,4748434292,14.71,13.48,sell,False,2022-08-16T21:50:28.972773+00:00
203,4747600967,14.69,21.0,sell,False,2022-08-16T18:44:05.312132+00:00
204,4747370881,14.825,1.0,buy,False,2022-08-16T18:13:33.391089+00:00
205,4747367917,14.825,6.0,buy,False,2022-08-16T18:12:50.882050+00:00
206,4747359070,14.825,2.0,buy,False,2022-08-16T18:11:13.301247+00:00
207,4747357030,14.785,2.0,sell,False,2022-08-16T18:10:55.652400+00:00
208,4747327642,14.815,2.0,buy,False,2022-08-16T18:08:57.827516+00:00
209,4747316384,14.765,2.0,buy,False,2022-08-16T18:07:21.699972+00:00
210,4747306213,14.755,10.0,buy,False,2022-08-16T18:04:51.887079+00:00
211,4745468971,14.69,10.0,sell,False,2022-08-16T12:53:50.241462+00:00
212,4745458054,14.735,12.0,sell,False,2022-08-16T12:52:17.659664+00:00
213,4744505233,14.9,2.0,buy,False,2022-08-16T09:33:56.942025+00:00
214,4742915720,14.875,13.36,sell,False,2022-08-16T03:33:49.123739+00:00
215,4741703963,14.94,5.0,buy,False,2022-08-15T23:40:05.869951+00:00
216,4741667519,14.92,2.0,buy,False,2022-08-15T23:34:19.461708+00:00
217,4741637292,14.895,2.0,buy,False,2022-08-15T23:29:11.659653+00:00
218,4741636929,14.895,2.0,buy,False,2022-08-15T23:29:08.870905+00:00
219,4741595242,14.765,13.48,sell,False,2022-08-15T23:24:29.713171+00:00
220,4738191949,15.035,3.34,buy,False,2022-08-15T11:16:13.018742+00:00
221,4738191695,15.035,3.34,buy,False,2022-08-15T11:16:07.090125+00:00
222,4738185128,15.035,3.34,buy,False,2022-08-15T11:14:31.573424+00:00
223,4738181878,15.035,3.34,buy,False,2022-08-15T11:13:40.754556+00:00
224,4738181746,15.035,3.34,buy,False,2022-08-15T11:13:38.521094+00:00
225,4738178397,15.035,6.68,buy,False,2022-08-15T11:12:59.072723+00:00
226,4738178229,15.035,6.68,buy,False,2022-08-15T11:12:52.822349+00:00
227,4738177920,15.035,6.68,buy,False,2022-08-15T11:12:48.637381+00:00
228,4737553184,14.83,13.42,sell,False,2022-08-15T08:59:24.722254+00:00
229,4737184254,14.9,2.0,buy,False,2022-08-15T08:08:43.448958+00:00
230,4737182553,14.9,2.0,buy,False,2022-08-15T08:08:24.920005+00:00
231,4737145593,14.885,2.0,buy,False,2022-08-15T08:02:48.404245+00:00
232,4737130679,14.895,2.0,buy,False,2022-08-15T08:00:48.624403+00:00
233,4737037190,15.15,4.0,buy,False,2022-08-15T07:44:36.799055+00:00
234,4736904750,15.05,65.98,sell,False,2022-08-15T07:33:10.756917+00:00
235,4736872820,14.99,55.43,sell,False,2022-08-15T07:28:44.702288+00:00
236,4736872819,14.995,10.57,sell,False,2022-08-15T07:28:44.702288+00:00
237,4736047463,15.56,1.0,buy,False,2022-08-15T06:01:34.229362+00:00
238,4734543644,15.165,1.0,sell,False,2022-08-15T01:55:04.270280+00:00
239,4734535491,15.41,1.0,buy,False,2022-08-15T01:53:10.429543+00:00
240,4734116035,15.285,8.0,buy,False,2022-08-15T00:37:44.978222+00:00
241,4728748469,15.44,66.07,buy,False,2022-08-14T05:26:40.803517+00:00
242,4728191114,15.47,1.0,buy,False,2022-08-14T02:49:51.427379+00:00
243,4727621751,15.345,2.0,buy,False,2022-08-14T00:25:36.725299+00:00
244,4723932349,15.475,5.0,buy,False,2022-08-13T08:28:18.696823+00:00
245,4723914466,15.48,2.0,buy,False,2022-08-13T08:24:19.755345+00:00
246,4722361543,15.56,1.0,buy,False,2022-08-13T03:30:24.477164+00:00
247,4721741666,15.385,19.81,buy,False,2022-08-13T01:32:47.332313+00:00
248,4721737595,15.4,13.21,buy,False,2022-08-13T01:32:25.704841+00:00
249,4721715793,15.42,13.21,buy,False,2022-08-13T01:28:03.392082+00:00
250,4718142805,14.77,1.0,buy,False,2022-08-12T13:23:40.905168+00:00
251,4718080499,14.775,1.0,buy,False,2022-08-12T13:08:51.249169+00:00
252,4717262266,14.8,0.06,buy,False,2022-08-12T10:47:26.948877+00:00
253,4717248063,14.8,1.0,buy,False,2022-08-12T10:44:21.698131+00:00
254,4715814901,14.775,2.0,buy,False,2022-08-12T05:23:04.622378+00:00
255,4715813917,14.775,2.0,buy,False,2022-08-12T05:22:44.805969+00:00
256,4715807150,14.755,1.0,buy,False,2022-08-12T05:22:06.694571+00:00
257,4715801877,14.765,2.0,buy,False,2022-08-12T05:20:24.808410+00:00
258,4715801023,14.765,1.0,buy,False,2022-08-12T05:20:04.779569+00:00
259,4715799793,14.755,1.0,buy,False,2022-08-12T05:19:46.318728+00:00
260,4714038440,14.895,1.11,sell,False,2022-08-11T22:54:48.398152+00:00
261,4711873865,15.17,6.61,buy,False,2022-08-11T15:29:02.979392+00:00
262,4711872218,15.17,6.61,buy,False,2022-08-11T15:28:48.980111+00:00
263,4711871535,15.17,6.61,buy,False,2022-08-11T15:28:33.259101+00:00
264,4711853073,15.145,6.62,buy,False,2022-08-11T15:25:51.778868+00:00
265,4711851555,15.155,10.0,buy,False,2022-08-11T15:25:34.603858+00:00
266,4711849950,15.155,10.0,buy,False,2022-08-11T15:25:21.169806+00:00
267,4711849079,15.245,10.0,buy,False,2022-08-11T15:25:15.894542+00:00
268,4711846867,15.165,10.0,buy,False,2022-08-11T15:24:57.640150+00:00
269,4711481930,15.17,0.99,sell,False,2022-08-11T14:41:54.370388+00:00
270,4710642741,15.395,0.65,buy,False,2022-08-11T12:58:24.629168+00:00
271,4709040934,15.065,1.67,sell,False,2022-08-11T08:10:24.160092+00:00
272,4708974608,15.22,0.04,buy,False,2022-08-11T08:00:09.195964+00:00
273,4708974168,15.145,0.04,buy,False,2022-08-11T08:00:02.649078+00:00
274,4702714060,14.795,1.02,sell,False,2022-08-10T14:20:18.147164+00:00
275,4702255614,15.015,0.67,buy,False,2022-08-10T13:32:53.787050+00:00
276,4669835316,14.405,0.04,buy,False,2022-08-05T11:21:45.457159+00:00
277,4625063164,15.415,3.24,buy,False,2022-07-30T14:31:16.762095+00:00
278,4616816400,14.995,0.16,buy,False,2022-07-29T14:49:44.657261+00:00
279,4571230571,14.105,3.0,buy,False,2022-07-23T11:34:49.384055+00:00
280,4527580198,13.585,10.73,buy,False,2022-07-18T08:00:01.970149+00:00
281,4496608848,12.3,1.0,buy,False,2022-07-13T21:42:06.506917+00:00
282,4439017051,12.09,11.73,sell,False,2022-07-05T10:01:58.709054+00:00
283,4438902882,11.99,11.83,buy,False,2022-07-05T09:44:24.289793+00:00
284,4438763757,12.195,11.83,sell,False,2022-07-05T09:19:28.461512+00:00
285,4373018632,13.0,0.12,sell,False,2022-06-25T17:12:35.743881+00:00
286,4324302667,12.755,0.08,buy,False,2022-06-19T20:15:53.117046+00:00
287,4301143600,12.815,10.13,buy,False,2022-06-17T08:00:07.072705+00:00
288,4297814852,12.725,0.09,sell,False,2022-06-16T22:50:41.316847+00:00
289,4255213020,14.47,0.86,buy,False,2022-06-13T15:39:11.286130+00:00
290,4253094132,14.635,0.07,sell,False,2022-06-13T13:18:47.768770+00:00
291,4252138195,14.71,0.15,sell,False,2022-06-13T12:00:08.612034+00:00
292,4248678809,15.4,4.19,sell,False,2022-06-13T08:00:24.086846+00:00
293,4248672745,16.86,0.06,sell,False,2022-06-13T08:00:03.127049+00:00
294,4244695375,17.44,0.02,sell,False,2022-06-13T02:14:53.798694+00:00
295,4242946559,17.655,0.01,sell,False,2022-06-12T23:55:02.446589+00:00
296,4242944582,17.675,0.01,sell,False,2022-06-12T23:54:53.951451+00:00
297,4238610194,17.905,0.01,sell,False,2022-06-12T13:29:17.035755+00:00
298,4228786754,17.985,0.01,sell,False,2022-06-11T11:40:06.879534+00:00
299,4228448882,17.995,0.01,sell,False,2022-06-11T11:02:46.452423+00:00
300,4228320583,18.005,0.01,sell,False,2022-06-11T10:46:42.914946+00:00
301,4228312951,18.015,0.01,sell,False,2022-06-11T10:46:00.529841+00:00
302,4228298911,18.03,0.01,sell,False,2022-06-11T10:44:07.913233+00:00
303,4228297473,18.04,0.01,sell,False,2022-06-11T10:43:56.914808+00:00
304,4228296203,18.05,0.01,sell,False,2022-06-11T10:43:53.292033+00:00
305,4228286018,18.06,0.01,sell,False,2022-06-11T10:42:08.757121+00:00
306,4225378397,18.135,0.01,sell,False,2022-06-10T22:31:25.087204+00:00
307,4225291880,18.205,0.01,sell,False,2022-06-10T22:01:49.417215+00:00
308,4208591717,18.96,11.09,sell,False,2022-06-08T08:00:09.675274+00:00
309,4194120501,20.175,0.01,buy,False,2022-06-06T09:00:19.457499+00:00
310,4194118058,20.035,0.01,buy,False,2022-06-06T09:00:18.632804+00:00
311,4194118057,19.895,0.01,buy,False,2022-06-06T09:00:18.632804+00:00
312,4194120344,19.76,0.01,buy,False,2022-06-06T09:00:18.070313+00:00
313,4194117421,19.62,0.01,buy,False,2022-06-06T09:00:13.094183+00:00
314,4184735222,18.515,0.01,sell,False,2022-06-04T14:06:24.284841+00:00
315,4184734983,18.52,0.01,sell,False,2022-06-04T14:06:22.694344+00:00
316,4184732249,18.525,0.01,sell,False,2022-06-04T14:06:20.370616+00:00
317,4184499973,18.53,0.01,sell,False,2022-06-04T13:00:26.669739+00:00
318,4181486626,18.545,0.01,sell,False,2022-06-03T21:05:48.709265+00:00
319,4154388073,18.995,4.83,buy,False,2022-05-31T08:00:09.271750+00:00
320,4134122775,17.645,5.69,sell,False,2022-05-28T06:22:30.885819+00:00
321,4130517022,17.48,4.83,sell,False,2022-05-27T17:37:58.155435+00:00
322,4119010496,17.865,11.37,buy,False,2022-05-26T13:49:49.114217+00:00
323,4118453820,17.625,11.37,sell,False,2022-05-26T13:16:09.976126+00:00
324,4112174690,18.49,0.24,buy,False,2022-05-25T19:30:32.828630+00:00
325,4111425195,18.525,0.67,buy,False,2022-05-25T17:29:04.575371+00:00
326,4091820727,18.835,1.02,buy,False,2022-05-23T08:00:03.871227+00:00
327,4089512115,18.2,0.01,buy,False,2022-05-23T00:10:58.594053+00:00
328,4085735073,18.18,0.01,buy,False,2022-05-22T11:32:34.048588+00:00
329,4080442764,18.17,0.01,buy,False,2022-05-21T17:36:47.593905+00:00
330,4079772024,18.165,0.01,buy,False,2022-05-21T15:54:42.226262+00:00
331,4079406192,18.16,0.01,buy,False,2022-05-21T14:52:35.842168+00:00
332,4079015074,18.15,0.01,buy,False,2022-05-21T13:33:14.544220+00:00
333,4076254744,18.08,0.01,sell,False,2022-05-21T01:29:40.012979+00:00
334,4076247680,18.115,0.01,sell,False,2022-05-21T01:29:21.527512+00:00
335,4076235857,18.15,0.01,sell,False,2022-05-21T01:28:37.840799+00:00
336,4076231196,18.19,0.01,sell,False,2022-05-21T01:28:21.442461+00:00
337,4075980882,18.225,0.01,sell,False,2022-05-21T00:38:24.351855+00:00
338,4075819462,18.26,0.01,sell,False,2022-05-21T00:05:33.677041+00:00
339,4035654835,18.37,2.99,sell,False,2022-05-16T10:01:42.802254+00:00
340,4034814035,18.43,9.36,sell,False,2022-05-16T08:09:10.544936+00:00
341,3993478007,17.495,1.0,sell,False,2022-05-12T14:17:12.632113+00:00
342,3973929376,18.62,10.53,buy,False,2022-05-11T17:51:11.800078+00:00
343,3939911332,18.23,0.09,sell,True,2022-05-10T00:02:27.506518+00:00
344,3934465782,19.575,0.06,sell,False,2022-05-09T17:05:27.692508+00:00
345,3933884527,20.0,0.13,sell,False,2022-05-09T16:39:11.574197+00:00
346,3933655549,20.2,0.13,buy,False,2022-05-09T16:15:54.479737+00:00
347,3933215543,20.0,0.13,sell,False,2022-05-09T15:32:47.012586+00:00
348,3932902944,20.2,0.13,sell,False,2022-05-09T15:00:01.989272+00:00
349,3932593384,20.4,0.13,sell,False,2022-05-09T14:30:14.270225+00:00
350,3931999523,20.61,0.13,buy,False,2022-05-09T13:36:32.994469+00:00
351,3930514710,20.4,0.13,sell,False,2022-05-09T10:57:31.274105+00:00
352,3930138642,20.61,0.13,sell,False,2022-05-09T10:34:35.496034+00:00
353,3929191871,20.81,0.13,sell,False,2022-05-09T08:20:03.381448+00:00
354,3929078842,21.01,0.13,sell,False,2022-05-09T08:00:04.421890+00:00
355,3929078798,21.015,4.28,sell,False,2022-05-09T08:00:03.858529+00:00
356,3929078682,21.22,0.13,sell,False,2022-05-09T08:00:01.929029+00:00
357,3929078639,21.42,0.13,sell,False,2022-05-09T08:00:01.374494+00:00
358,3929078638,21.62,0.13,sell,False,2022-05-09T08:00:01.374494+00:00
359,3929078637,21.83,0.13,sell,False,2022-05-09T08:00:01.374494+00:00
360,3929078636,22.03,0.13,sell,False,2022-05-09T08:00:01.374494+00:00
361,3922582155,22.23,0.13,sell,False,2022-05-08T13:23:59.851319+00:00
362,3908753922,22.44,0.13,buy,False,2022-05-06T14:19:01.969192+00:00
363,3908534996,22.23,0.13,buy,False,2022-05-06T14:00:20.751732+00:00
364,3908379515,22.03,0.13,sell,False,2022-05-06T13:47:02.661159+00:00
365,3908276801,22.23,0.13,buy,False,2022-05-06T13:41:16.636357+00:00
366,3908168803,22.03,0.13,sell,False,2022-05-06T13:36:25.045162+00:00
367,3908093409,22.23,0.13,sell,False,2022-05-06T13:33:31.061049+00:00
368,3906776535,22.44,0.13,sell,False,2022-05-06T10:56:18.000436+00:00
369,3902939101,22.64,0.13,buy,False,2022-05-05T21:38:07.866999+00:00
370,3902238458,22.565,0.89,buy,False,2022-05-05T19:46:26.830456+00:00
371,3902136827,22.44,0.13,buy,False,2022-05-05T19:36:26.529098+00:00
372,3901936245,22.23,0.13,sell,False,2022-05-05T19:18:16.308626+00:00
373,3901776000,22.44,0.13,sell,False,2022-05-05T19:07:19.709882+00:00
374,3901257875,22.64,0.13,sell,False,2022-05-05T18:24:23.779740+00:00
375,3901125729,22.84,0.13,sell,False,2022-05-05T18:12:37.068689+00:00
376,3900105724,23.05,0.13,buy,False,2022-05-05T16:20:03.336559+00:00
377,3899678947,22.84,0.13,sell,False,2022-05-05T15:53:10.146464+00:00
378,3899651317,22.89,0.05,sell,False,2022-05-05T15:52:23.552462+00:00
379,3899203026,23.05,0.13,sell,False,2022-05-05T15:25:58.275260+00:00
380,3898930430,23.25,0.13,buy,False,2022-05-05T15:12:30.047216+00:00
381,3898723323,22.99,10.52,sell,False,2022-05-05T15:08:23.583405+00:00
382,3898708851,23.05,0.13,sell,False,2022-05-05T15:08:17.857214+00:00
383,3898689316,23.25,0.13,sell,False,2022-05-05T15:08:10.831813+00:00
384,3898676780,23.35,1.2,sell,False,2022-05-05T15:08:05.575189+00:00
385,3898671242,23.45,0.13,sell,False,2022-05-05T15:08:03.141248+00:00
386,3898575034,23.66,0.13,sell,False,2022-05-05T15:05:03.636787+00:00
387,3898278447,23.86,0.13,sell,False,2022-05-05T14:42:59.837807+00:00
388,3898021274,24.06,0.13,sell,False,2022-05-05T14:23:35.832768+00:00
389,3897751020,24.27,0.13,sell,False,2022-05-05T14:04:30.938963+00:00
390,3897536577,24.47,0.13,sell,False,2022-05-05T13:45:57.939376+00:00
391,3896360735,24.67,0.13,sell,False,2022-05-05T09:30:46.652100+00:00
392,3892108878,24.88,0.13,buy,False,2022-05-04T19:08:30.548074+00:00
393,3891854768,24.67,0.13,buy,False,2022-05-04T18:54:09.969974+00:00
394,3891672044,24.47,0.13,buy,False,2022-05-04T18:47:07.698753+00:00
395,3890835658,24.27,0.13,sell,False,2022-05-04T17:34:15.868078+00:00
396,3890360646,24.47,0.13,buy,False,2022-05-04T16:22:35.381593+00:00
397,3887655967,24.27,0.13,buy,False,2022-05-04T09:38:06.219252+00:00
398,3887018413,24.06,0.13,buy,False,2022-05-04T08:01:30.888016+00:00
399,3887002371,23.86,0.13,buy,False,2022-05-04T08:00:03.931676+00:00
400,3886408760,23.66,0.13,buy,False,2022-05-04T06:08:58.919589+00:00
401,3883424791,23.45,0.13,sell,False,2022-05-03T18:29:17.442996+00:00
402,3883215530,23.66,0.13,sell,False,2022-05-03T18:01:21.130612+00:00
403,3881760469,23.86,0.13,sell,False,2022-05-03T13:31:43.198587+00:00
404,3877934745,24.06,0.13,buy,False,2022-05-02T22:11:12.018872+00:00
405,3876452893,23.86,0.13,sell,False,2022-05-02T17:45:17.903228+00:00
406,3875805609,24.06,0.13,sell,False,2022-05-02T16:04:08.637802+00:00
407,3875696724,24.115,0.28,buy,False,2022-05-02T15:46:21.318146+00:00
408,3874727103,24.27,0.13,buy,False,2022-05-02T13:43:20.901631+00:00
409,3874664495,24.06,0.13,buy,False,2022-05-02T13:39:43.345419+00:00
410,3874601967,23.86,2.94,sell,False,2022-05-02T13:36:15.428688+00:00
411,3874601966,23.86,0.13,sell,False,2022-05-02T13:36:15.428688+00:00
412,3872686691,24.06,0.13,buy,False,2022-05-02T08:00:01.493736+00:00
413,3853874273,23.86,0.13,sell,False,2022-04-29T19:47:33.249719+00:00
414,3852678943,24.06,0.13,sell,False,2022-04-29T16:44:29.911381+00:00
415,3851778349,24.27,0.13,sell,False,2022-04-29T14:28:36.768370+00:00
416,3851502926,24.47,0.13,buy,False,2022-04-29T13:57:10.404895+00:00
417,3850102652,24.27,0.13,sell,False,2022-04-29T10:48:14.544731+00:00
418,3849475334,24.47,0.13,sell,False,2022-04-29T09:16:43.473113+00:00
419,3849188143,24.67,0.13,sell,False,2022-04-29T08:34:55.662897+00:00
420,3845634460,24.88,0.13,sell,False,2022-04-28T20:02:05.628336+00:00
421,3844733412,25.08,0.13,buy,False,2022-04-28T17:29:31.099234+00:00
422,3844376487,24.88,0.13,buy,False,2022-04-28T16:43:28.131570+00:00
423,3843908224,24.67,0.13,sell,False,2022-04-28T15:45:21.031277+00:00
424,3843680252,24.88,0.13,sell,False,2022-04-28T15:19:38.211251+00:00
425,3843503990,25.08,0.13,buy,False,2022-04-28T15:07:22.280095+00:00
426,3843473529,24.88,0.13,buy,False,2022-04-28T15:06:51.754471+00:00
427,3843439048,24.67,0.13,buy,False,2022-04-28T15:05:05.640370+00:00
428,3843228210,24.425,1.02,buy,False,2022-04-28T14:33:27.294645+00:00
429,3842845876,24.47,0.13,sell,False,2022-04-28T13:48:43.097218+00:00
430,3840933237,24.67,0.13,buy,False,2022-04-28T08:00:02.700666+00:00
431,3838870553,24.47,0.13,buy,False,2022-04-27T23:34:22.650637+00:00
432,3837771615,24.27,0.13,sell,False,2022-04-27T18:56:23.420649+00:00
433,3836906618,24.47,0.13,buy,False,2022-04-27T16:23:50.378065+00:00
434,3836559094,24.27,0.13,buy,False,2022-04-27T15:33:06.816871+00:00
435,3836031934,24.06,0.13,sell,False,2022-04-27T14:17:44.327443+00:00
436,3835893873,24.27,0.13,sell,False,2022-04-27T14:05:34.719737+00:00
437,3835558379,24.47,0.13,buy,False,2022-04-27T13:31:08.492672+00:00
438,3833820927,24.27,0.13,buy,False,2022-04-27T08:00:02.491276+00:00
439,3833819910,24.06,0.13,buy,False,2022-04-27T08:00:01.350316+00:00
440,3832668318,23.86,0.13,buy,False,2022-04-27T03:17:28.298507+00:00
441,3831432109,23.66,0.13,sell,False,2022-04-26T23:18:18.593214+00:00
442,3831029444,23.86,0.13,buy,False,2022-04-26T21:55:38.641993+00:00
443,3830485085,23.66,0.13,sell,False,2022-04-26T20:14:20.222280+00:00
444,3830263386,23.86,0.13,buy,False,2022-04-26T19:50:43.650062+00:00
445,3830107783,23.66,0.13,sell,False,2022-04-26T19:34:19.904417+00:00
446,3829166750,23.86,0.13,sell,False,2022-04-26T17:21:36.554674+00:00
447,3828446795,24.06,0.13,sell,False,2022-04-26T16:02:55.073036+00:00
448,3828327304,24.27,0.13,sell,False,2022-04-26T15:55:43.765542+00:00
449,3827850835,24.47,0.13,sell,False,2022-04-26T15:01:43.563101+00:00
450,3827646645,24.67,0.13,sell,False,2022-04-26T14:41:55.530209+00:00
451,3827233502,24.88,0.13,sell,False,2022-04-26T14:00:11.413558+00:00
452,3826962858,25.08,0.13,sell,False,2022-04-26T13:31:46.341690+00:00
453,3823041148,25.28,0.13,buy,False,2022-04-26T00:00:05.659071+00:00
454,3821298822,25.08,0.13,buy,False,2022-04-25T18:49:04.672159+00:00
455,3821273326,24.88,0.13,buy,False,2022-04-25T18:48:15.592299+00:00
456,3820523398,24.67,0.13,buy,False,2022-04-25T16:43:46.175529+00:00
457,3819544362,24.47,0.13,buy,False,2022-04-25T14:31:56.656103+00:00
458,3819223636,24.27,0.13,sell,False,2022-04-25T13:49:27.874214+00:00
459,3819099668,24.47,0.13,buy,False,2022-04-25T13:37:20.714368+00:00
460,3818664556,24.27,0.13,buy,False,2022-04-25T12:25:08.082460+00:00
461,3817146170,24.06,0.13,sell,False,2022-04-25T08:00:01.697613+00:00
462,3817146098,24.27,0.13,sell,False,2022-04-25T08:00:01.016187+00:00
463,3817146097,24.47,0.01,sell,False,2022-04-25T08:00:01.016187+00:00
464,3812581024,24.47,0.01,sell,False,2022-04-24T16:52:04.769458+00:00
465,3812580840,24.47,0.01,sell,False,2022-04-24T16:52:04.448579+00:00
466,3812580160,24.47,0.01,sell,False,2022-04-24T16:52:03.628334+00:00
467,3812579699,24.47,0.01,sell,False,2022-04-24T16:52:02.823816+00:00
468,3812579416,24.47,0.01,sell,False,2022-04-24T16:52:02.547787+00:00
469,3812578464,24.47,0.01,sell,False,2022-04-24T16:52:01.624888+00:00
470,3812577969,24.47,0.01,sell,False,2022-04-24T16:52:01.315922+00:00
471,3812577579,24.47,0.01,sell,False,2022-04-24T16:52:00.934528+00:00
472,3812577333,24.47,0.02,sell,False,2022-04-24T16:52:00.663010+00:00
473,3812577021,24.47,0.02,sell,False,2022-04-24T16:52:00.399218+00:00
474,3801548223,24.67,0.13,sell,False,2022-04-22T15:43:30.680353+00:00
475,3801232250,24.88,0.13,sell,False,2022-04-22T15:03:37.193683+00:00
476,3800566350,25.08,0.13,sell,False,2022-04-22T13:44:22.109162+00:00
477,3798842637,25.28,0.13,buy,False,2022-04-22T08:00:15.070479+00:00
478,3798842170,24.83,0.01,sell,False,2022-04-22T08:00:08.867041+00:00
479,3798842057,25.08,0.13,buy,False,2022-04-22T08:00:07.011056+00:00
480,3796587039,24.88,0.01,sell,False,2022-04-22T00:03:43.379246+00:00
481,3796586990,24.88,0.01,sell,False,2022-04-22T00:03:43.134302+00:00
482,3796586891,24.88,0.01,sell,False,2022-04-22T00:03:42.958659+00:00
483,3796586886,24.88,0.01,sell,False,2022-04-22T00:03:42.811811+00:00
484,3796586884,24.88,0.01,sell,False,2022-04-22T00:03:42.784358+00:00
485,3796586851,24.88,0.01,sell,False,2022-04-22T00:03:42.582660+00:00
486,3796586842,24.88,0.01,sell,False,2022-04-22T00:03:42.530790+00:00
487,3796586808,24.88,0.01,sell,False,2022-04-22T00:03:42.252226+00:00
488,3796586785,24.88,0.01,sell,False,2022-04-22T00:03:42.132950+00:00
489,3796586754,24.88,0.02,sell,False,2022-04-22T00:03:41.932906+00:00
490,3796586704,24.88,0.02,sell,False,2022-04-22T00:03:41.884017+00:00
491,3795895109,25.08,0.13,sell,False,2022-04-21T22:31:05.708377+00:00
492,3795831633,25.28,0.13,sell,False,2022-04-21T22:29:49.273844+00:00
493,3795087596,25.49,0.13,sell,False,2022-04-21T20:40:03.889482+00:00
494,3794962751,25.69,0.13,sell,False,2022-04-21T20:33:31.493424+00:00
495,3793945202,25.89,0.13,sell,False,2022-04-21T18:05:07.908366+00:00
496,3793532020,26.1,0.13,sell,False,2022-04-21T17:09:03.774867+00:00
497,3793055714,26.3,0.13,sell,False,2022-04-21T16:07:11.730946+00:00
498,3792790392,26.5,0.13,sell,False,2022-04-21T15:36:29.515953+00:00
499,3791551946,26.71,0.13,buy,False,2022-04-21T12:56:30.190431+00:00
500,3790931582,26.5,0.13,buy,False,2022-04-21T11:34:44.489190+00:00
501,3790367963,26.3,0.13,buy,False,2022-04-21T10:19:26.851189+00:00
502,3789556738,26.1,0.13,buy,False,2022-04-21T08:00:01.741570+00:00
503,3786554463,25.89,0.13,buy,False,2022-04-20T21:28:25.059044+00:00
504,3785645663,25.6,44.39,sell,False,2022-04-20T18:40:49.909607+00:00
505,3785630827,25.69,0.13,sell,False,2022-04-20T18:40:20.460760+00:00
506,3785136437,25.89,0.13,buy,False,2022-04-20T17:05:58.755910+00:00
507,3784369318,25.69,0.13,sell,False,2022-04-20T15:20:07.665764+00:00
508,3784135985,25.89,0.13,sell,False,2022-04-20T15:01:39.632945+00:00
509,3783422353,26.1,0.13,sell,False,2022-04-20T13:42:54.127923+00:00
510,3782535228,26.3,0.13,buy,False,2022-04-20T11:44:45.477500+00:00
511,3781984645,26.1,0.13,buy,False,2022-04-20T10:26:03.781007+00:00
512,3776763967,25.89,0.13,sell,False,2022-04-19T16:38:32.042313+00:00
513,3776177769,26.125,0.87,buy,False,2022-04-19T15:14:59.845238+00:00
514,3776177768,26.1,0.13,buy,False,2022-04-19T15:14:59.845238+00:00
515,3775509932,25.89,0.13,buy,False,2022-04-19T13:52:14.402825+00:00
516,3775407575,25.69,0.13,buy,False,2022-04-19T13:43:12.306841+00:00
517,3773835594,25.49,0.13,sell,False,2022-04-19T08:00:19.456454+00:00
518,3772165403,25.69,0.01,buy,False,2022-04-19T00:32:29.282217+00:00
519,3772165273,25.69,0.01,buy,False,2022-04-19T00:32:28.650628+00:00
520,3772165125,25.69,0.01,buy,False,2022-04-19T00:32:28.024909+00:00
521,3772165008,25.69,0.01,buy,False,2022-04-19T00:32:27.450824+00:00
522,3772164853,25.69,0.01,buy,False,2022-04-19T00:32:26.706042+00:00
523,3772164669,25.69,0.01,buy,False,2022-04-19T00:32:25.867489+00:00
524,3772164502,25.69,0.01,buy,False,2022-04-19T00:32:25.236725+00:00
525,3772162680,25.69,0.01,buy,False,2022-04-19T00:32:19.233716+00:00
526,3772162453,25.69,0.01,buy,False,2022-04-19T00:32:18.608247+00:00
527,3772162202,25.69,0.01,buy,False,2022-04-19T00:32:17.936083+00:00
528,3772162075,25.69,0.01,buy,False,2022-04-19T00:32:17.406500+00:00
529,3772161898,25.69,0.01,buy,False,2022-04-19T00:32:16.676022+00:00
530,3772161726,25.69,0.01,buy,False,2022-04-19T00:32:16.014934+00:00
531,3770928564,25.49,0.13,buy,False,2022-04-18T20:08:02.631142+00:00
532,3770823058,25.28,0.13,sell,False,2022-04-18T19:50:00.914792+00:00
533,3770216482,25.49,0.13,buy,False,2022-04-18T18:16:24.580671+00:00
534,3770175931,25.28,0.13,buy,False,2022-04-18T18:15:14.760828+00:00
535,3769647189,25.08,0.13,buy,False,2022-04-18T17:10:54.533728+00:00
536,3769644837,25.025,9.66,buy,False,2022-04-18T17:10:53.288652+00:00
537,3769629637,24.88,0.13,buy,False,2022-04-18T17:10:35.078829+00:00
538,3769467706,24.67,0.13,buy,False,2022-04-18T16:46:39.687509+00:00
539,3768987081,24.47,0.13,sell,False,2022-04-18T15:28:17.332855+00:00
540,3767933467,24.67,0.01,buy,False,2022-04-18T12:56:57.752818+00:00
541,3767933466,24.67,0.01,buy,False,2022-04-18T12:56:57.752160+00:00
542,3767933369,24.67,0.01,buy,False,2022-04-18T12:56:57.023263+00:00
543,3767932819,24.67,0.01,buy,False,2022-04-18T12:56:51.448043+00:00
544,3767932759,24.67,0.01,buy,False,2022-04-18T12:56:50.938613+00:00
545,3767932605,24.67,0.01,buy,False,2022-04-18T12:56:49.802675+00:00
546,3767932478,24.67,0.01,buy,False,2022-04-18T12:56:49.226691+00:00
547,3767932386,24.67,0.01,buy,False,2022-04-18T12:56:48.581034+00:00
548,3767932385,24.67,0.01,buy,False,2022-04-18T12:56:48.580633+00:00
549,3767932308,24.67,0.01,buy,False,2022-04-18T12:56:47.829384+00:00
550,3767932302,24.67,0.01,buy,False,2022-04-18T12:56:47.795649+00:00
551,3767932045,24.67,0.01,buy,False,2022-04-18T12:56:46.568578+00:00
552,3767931822,24.67,0.01,buy,False,2022-04-18T12:56:45.415073+00:00
553,3766636402,24.47,0.13,sell,False,2022-04-18T08:00:01.480513+00:00
554,3766636401,24.67,0.13,sell,False,2022-04-18T08:00:01.480513+00:00
555,3766636400,24.88,0.13,sell,False,2022-04-18T08:00:01.480513+00:00
556,3754062598,25.08,0.13,buy,False,2022-04-15T19:59:41.351761+00:00
557,3748291203,24.88,0.13,sell,False,2022-04-14T18:54:54.086399+00:00
558,3747130150,25.08,0.13,sell,False,2022-04-14T15:38:26.988373+00:00
559,3746481702,25.28,0.13,sell,False,2022-04-14T14:05:59.735281+00:00
560,3746179254,25.49,0.13,sell,False,2022-04-14T13:41:19.011923+00:00
561,3745238346,25.69,0.13,sell,False,2022-04-14T10:50:31.430710+00:00
562,3741337077,25.89,0.13,buy,False,2022-04-13T19:06:21.828084+00:00
563,3740012196,25.69,0.13,buy,False,2022-04-13T15:22:36.180506+00:00
564,3739426952,25.49,0.13,buy,False,2022-04-13T14:16:08.920515+00:00
565,3739171668,25.28,0.13,buy,False,2022-04-13T13:53:35.633816+00:00
566,3739050346,25.08,0.13,buy,False,2022-04-13T13:44:10.608981+00:00
567,3738084037,24.88,0.13,sell,False,2022-04-13T10:56:33.387802+00:00
568,3737397924,25.08,0.13,sell,False,2022-04-13T08:15:58.976104+00:00
569,3737325429,25.28,0.13,buy,False,2022-04-13T08:00:01.933678+00:00
570,3737325428,25.08,0.13,buy,False,2022-04-13T08:00:01.933678+00:00
571,3735177027,24.88,0.13,buy,False,2022-04-12T23:22:36.858678+00:00
572,3734056239,24.67,0.13,sell,False,2022-04-12T19:18:31.344683+00:00
573,3733652035,24.88,0.13,sell,False,2022-04-12T18:15:14.679937+00:00
574,3732265118,25.08,0.13,sell,False,2022-04-12T14:19:09.385615+00:00
575,3731228091,25.28,0.13,buy,False,2022-04-12T12:30:30.918029+00:00
576,3729903974,25.08,0.13,buy,False,2022-04-12T08:12:31.979781+00:00
577,3729838766,24.88,0.13,buy,False,2022-04-12T08:00:08.328546+00:00
578,3727457160,24.67,0.13,sell,False,2022-04-12T00:00:39.476768+00:00
579,3727006935,24.88,0.13,buy,False,2022-04-11T22:37:39.012864+00:00
580,3726718906,24.67,0.13,sell,False,2022-04-11T22:01:56.486282+00:00
581,3725610845,24.88,0.13,sell,False,2022-04-11T19:32:34.552086+00:00
582,3725533047,25.08,0.13,sell,False,2022-04-11T19:27:26.994926+00:00
583,3724809967,25.28,0.13,sell,False,2022-04-11T17:16:43.857375+00:00
584,3723741823,25.49,0.13,sell,False,2022-04-11T14:27:03.751994+00:00
585,3723490955,25.69,0.13,buy,False,2022-04-11T13:49:30.908071+00:00
586,3723326725,25.49,0.13,sell,False,2022-04-11T13:33:04.456672+00:00
587,3722485881,25.69,0.13,sell,False,2022-04-11T11:35:37.106319+00:00
588,3721733671,25.89,0.13,sell,False,2022-04-11T10:00:56.443852+00:00
589,3721668800,26.1,0.13,sell,False,2022-04-11T09:59:13.217191+00:00
590,3718095559,26.3,0.13,sell,False,2022-04-10T22:53:15.250169+00:00
591,3707969709,26.5,0.13,sell,False,2022-04-08T23:01:25.923642+00:00
592,3707065928,26.71,0.13,sell,False,2022-04-08T19:49:24.776308+00:00
593,3706766742,26.91,0.13,buy,False,2022-04-08T18:52:08.775196+00:00
594,3706455087,26.71,0.13,sell,False,2022-04-08T18:12:16.397203+00:00
595,3706086891,26.91,0.13,sell,False,2022-04-08T17:17:29.393299+00:00
596,3706020725,27.11,0.13,sell,False,2022-04-08T17:10:25.229047+00:00
597,3705615486,27.32,0.13,sell,False,2022-04-08T15:55:47.398932+00:00
598,3705298764,27.52,0.13,buy,False,2022-04-08T15:02:14.900055+00:00
599,3705193512,27.32,0.13,buy,False,2022-04-08T14:51:49.372749+00:00
600,3704957333,27.11,0.13,buy,False,2022-04-08T14:24:23.693220+00:00
601,3704391880,26.915,0.04,buy,False,2022-04-08T13:14:42.539410+00:00
602,3704391879,26.91,0.13,sell,False,2022-04-08T13:14:42.538846+00:00
603,3704125031,27.11,0.13,sell,False,2022-04-08T12:43:15.288841+00:00
604,3702650587,27.32,0.13,buy,False,2022-04-08T08:02:31.475670+00:00
605,3700759978,27.11,0.13,sell,False,2022-04-08T00:55:00.742766+00:00
606,3698886702,27.32,0.78,buy,False,2022-04-07T18:19:40.843761+00:00
607,3698886701,27.32,0.13,buy,False,2022-04-07T18:19:40.843761+00:00
608,3697742704,27.11,0.13,sell,False,2022-04-07T15:12:53.226755+00:00
609,3696598737,27.32,0.13,buy,False,2022-04-07T12:08:54.870002+00:00
610,3695502429,27.11,0.13,buy,False,2022-04-07T08:27:54.816779+00:00
611,3695375389,26.91,0.13,sell,False,2022-04-07T08:00:03.889937+00:00
612,3692602104,27.11,0.13,sell,False,2022-04-06T23:40:53.885352+00:00
613,3691029996,27.32,0.13,buy,False,2022-04-06T18:45:30.919852+00:00
614,3690782253,27.11,0.13,sell,False,2022-04-06T18:24:10.972347+00:00
615,3690652191,27.32,0.13,sell,False,2022-04-06T18:13:02.651039+00:00
616,3690501474,27.52,0.13,buy,False,2022-04-06T18:02:17.812033+00:00
617,3689727367,27.32,0.13,sell,False,2022-04-06T16:38:23.335446+00:00
618,3689145469,27.39,9.79,sell,False,2022-04-06T15:32:33.459163+00:00
619,3688237813,27.52,0.13,sell,False,2022-04-06T14:04:49.857688+00:00
620,3687931746,27.72,0.13,sell,False,2022-04-06T13:49:04.679053+00:00
621,3687822822,27.93,0.13,sell,False,2022-04-06T13:43:55.334590+00:00
622,3686572027,28.13,0.13,sell,False,2022-04-06T11:13:56.738131+00:00
623,3685596422,28.33,0.13,buy,False,2022-04-06T08:46:14.340491+00:00
624,3685368034,28.13,0.13,sell,False,2022-04-06T08:00:05.547997+00:00
625,3685367983,28.33,0.13,sell,False,2022-04-06T08:00:04.883762+00:00
626,3682160538,28.54,0.13,sell,False,2022-04-05T23:51:57.593606+00:00
627,3680881633,28.74,0.13,buy,False,2022-04-05T19:28:03.387169+00:00
628,3680770597,28.54,0.13,sell,False,2022-04-05T19:16:08.560080+00:00
629,3678937794,28.74,0.13,sell,False,2022-04-05T14:43:45.559466+00:00
630,3678549578,28.94,0.13,sell,False,2022-04-05T14:07:19.410009+00:00
631,3678268287,29.15,0.13,sell,False,2022-04-05T13:30:37.779800+00:00
632,3678085489,29.35,0.13,sell,False,2022-04-05T13:14:08.785589+00:00
633,3677757785,29.55,0.13,buy,False,2022-04-05T12:30:36.654373+00:00
634,3676623815,29.45,0.04,buy,False,2022-04-05T08:00:01.474130+00:00
635,3676623814,29.35,0.13,buy,False,2022-04-05T08:00:01.474130+00:00
636,3674239372,29.15,0.13,buy,False,2022-04-04T22:40:07.955660+00:00
637,3673664537,28.94,0.13,buy,False,2022-04-04T20:39:21.166983+00:00
638,3673279007,28.74,0.13,buy,False,2022-04-04T19:41:56.590275+00:00
639,3673044780,28.54,0.13,buy,False,2022-04-04T19:04:20.763296+00:00
640,3672665404,28.33,0.13,sell,False,2022-04-04T18:07:11.087932+00:00
641,3672353077,28.54,0.13,sell,False,2022-04-04T17:42:34.452731+00:00
642,3671199313,28.74,0.13,sell,False,2022-04-04T15:06:05.311912+00:00
643,3668776571,28.94,0.13,sell,False,2022-04-04T08:44:44.043641+00:00
644,3666351940,29.15,0.13,sell,False,2022-04-04T00:03:08.834060+00:00
645,3665541582,29.35,0.13,buy,False,2022-04-03T22:04:36.850324+00:00
646,3648645434,29.15,0.13,buy,False,2022-04-01T17:43:09.119423+00:00
647,3648346982,28.94,0.13,sell,False,2022-04-01T17:00:59.420126+00:00
648,3647447334,29.15,0.13,buy,False,2022-04-01T15:10:18.682478+00:00
649,3647331247,28.94,0.13,buy,False,2022-04-01T15:00:41.575413+00:00
650,3647204153,28.74,0.13,buy,False,2022-04-01T14:48:18.730674+00:00
651,3646617236,28.54,0.13,buy,False,2022-04-01T13:38:09.886833+00:00
652,3646090749,28.33,0.13,buy,False,2022-04-01T12:36:43.405264+00:00
653,3645934020,28.13,0.13,sell,False,2022-04-01T12:24:23.875311+00:00
654,3644420188,28.33,0.13,sell,False,2022-04-01T08:00:02.057896+00:00
655,3640925395,28.54,0.13,sell,False,2022-03-31T23:45:12.285892+00:00
656,3638884696,28.695,0.04,buy,False,2022-03-31T17:29:40.894726+00:00
657,3638286394,28.74,0.13,sell,False,2022-03-31T16:33:43.039507+00:00
658,3638286052,28.76,0.35,sell,False,2022-03-31T16:33:42.252375+00:00
659,3637846472,28.94,0.13,sell,False,2022-03-31T16:07:28.823120+00:00
660,3636167388,29.06,0.35,sell,False,2022-03-31T14:04:38.564198+00:00
661,3636099508,29.15,0.13,sell,False,2022-03-31T14:03:33.117535+00:00
662,3635951340,29.35,0.13,sell,False,2022-03-31T14:00:46.528259+00:00
663,3635947404,29.365,0.35,sell,False,2022-03-31T14:00:43.978988+00:00
664,3635692415,29.55,0.13,sell,False,2022-03-31T13:38:06.547996+00:00
665,3634989624,29.835,0.03,buy,False,2022-03-31T12:20:13.656948+00:00
666,3634989623,29.76,0.13,buy,False,2022-03-31T12:20:13.656948+00:00
667,3629647878,29.55,0.13,sell,False,2022-03-30T19:21:26.729470+00:00
668,3629414092,29.76,0.13,sell,False,2022-03-30T18:57:29.261078+00:00
669,3628967125,29.96,0.13,buy,False,2022-03-30T17:51:52.043715+00:00
670,3628860490,29.76,0.13,buy,False,2022-03-30T17:39:45.569661+00:00
671,3627756970,29.55,0.13,sell,False,2022-03-30T15:31:49.040021+00:00
672,3627753430,29.76,0.13,buy,False,2022-03-30T15:31:25.416600+00:00
673,3626738784,29.55,0.13,sell,False,2022-03-30T13:37:30.555329+00:00
674,3620910744,29.76,0.13,sell,False,2022-03-29T22:00:19.796798+00:00
675,3620035096,29.96,0.13,buy,False,2022-03-29T19:16:48.977468+00:00
676,3618976229,29.785,0.83,buy,False,2022-03-29T16:31:04.763961+00:00
677,3618644544,29.76,0.13,sell,False,2022-03-29T16:08:48.722478+00:00
678,3618317287,29.96,0.13,sell,False,2022-03-29T15:48:12.972380+00:00
679,3618092451,30.16,0.13,buy,False,2022-03-29T15:30:35.775005+00:00
680,3617374040,29.96,0.13,sell,False,2022-03-29T13:48:46.202657+00:00
681,3617212258,30.02,0.14,buy,False,2022-03-29T13:30:25.277979+00:00
682,3617208712,30.005,0.14,buy,False,2022-03-29T13:30:02.347168+00:00
683,3616604390,30.16,0.13,buy,False,2022-03-29T12:21:08.859356+00:00
684,3616288990,29.96,0.13,buy,False,2022-03-29T11:44:10.620138+00:00
685,3615148090,29.76,0.13,buy,False,2022-03-29T08:07:30.782083+00:00
686,3615104850,29.55,0.13,sell,False,2022-03-29T08:00:04.087787+00:00
687,3613321385,29.66,1.69,buy,False,2022-03-29T02:03:48.672393+00:00
688,3612411906,29.665,0.34,sell,False,2022-03-28T23:55:08.882910+00:00
689,3612027869,29.76,0.13,sell,False,2022-03-28T23:20:01.122478+00:00
690,3611851310,29.96,0.13,sell,False,2022-03-28T23:01:26.530951+00:00
691,3611849930,29.97,0.34,sell,False,2022-03-28T23:01:19.499001+00:00
692,3610818305,30.255,0.67,buy,False,2022-03-28T20:21:06.692734+00:00
693,3610525775,30.25,0.67,buy,False,2022-03-28T19:33:52.034824+00:00
694,3610271744,30.16,0.13,buy,False,2022-03-28T18:52:51.190350+00:00
695,3609556548,29.915,0.67,buy,False,2022-03-28T16:54:04.073934+00:00
696,3608026788,29.96,0.13,buy,False,2022-03-28T13:55:36.719634+00:00
697,3607788177,29.76,0.13,buy,False,2022-03-28T13:30:23.592771+00:00
698,3606731546,29.62,0.69,buy,False,2022-03-28T10:19:24.282404+00:00
699,3606651550,29.55,0.13,buy,False,2022-03-28T10:04:31.704950+00:00
700,3603905353,29.41,0.37,buy,False,2022-03-28T01:39:53.050454+00:00
701,3603675129,29.485,0.04,buy,False,2022-03-28T01:02:24.406373+00:00
702,3603675128,29.48,0.26,buy,False,2022-03-28T01:02:24.406373+00:00
703,3603671397,29.35,0.13,buy,False,2022-03-28T01:01:52.376046+00:00
704,3603666943,29.15,0.13,buy,False,2022-03-28T01:01:10.031459+00:00
705,3603658242,28.94,0.13,buy,False,2022-03-28T01:00:06.230338+00:00
706,3603607720,28.74,0.13,buy,False,2022-03-28T00:50:51.768229+00:00
707,3603600040,28.54,0.13,buy,False,2022-03-28T00:50:13.807726+00:00
708,3603432390,28.33,0.13,buy,False,2022-03-28T00:34:32.036809+00:00
709,3603366167,28.13,0.13,buy,False,2022-03-28T00:32:04.344703+00:00
710,3598226604,27.93,0.15,sell,False,2022-03-27T07:26:21.750583+00:00
711,3590468957,27.93,0.13,buy,False,2022-03-25T18:52:44.437899+00:00
712,3589777100,27.72,0.13,sell,False,2022-03-25T17:10:30.550719+00:00
713,3588888552,27.93,0.13,sell,False,2022-03-25T15:31:34.879102+00:00
714,3588667628,28.13,0.13,sell,False,2022-03-25T15:10:08.731283+00:00
715,3588150685,28.33,0.13,buy,False,2022-03-25T13:54:37.365591+00:00
716,3587678430,28.13,0.13,buy,False,2022-03-25T12:34:32.341568+00:00
717,3587314036,27.93,0.13,buy,False,2022-03-25T11:30:02.890729+00:00
718,3586548344,27.72,0.13,buy,False,2022-03-25T08:45:38.463851+00:00
719,3586319116,27.52,0.13,sell,False,2022-03-25T08:10:52.837452+00:00
720,3586075766,27.755,7.46,sell,False,2022-03-25T07:35:26.552539+00:00
721,3586075747,27.755,9.75,sell,False,2022-03-25T07:35:26.326293+00:00
722,3586075734,27.755,12.19,sell,False,2022-03-25T07:35:26.124622+00:00
723,3586075710,27.755,15.23,sell,False,2022-03-25T07:35:25.883004+00:00
724,3586075689,27.755,19.04,sell,False,2022-03-25T07:35:25.509516+00:00
725,3586075391,27.725,1.39,sell,False,2022-03-25T07:35:20.969780+00:00
726,3586075380,27.75,1.73,sell,False,2022-03-25T07:35:20.721342+00:00
727,3586075372,27.75,2.16,sell,False,2022-03-25T07:35:20.541609+00:00
728,3586075365,27.75,2.7,sell,False,2022-03-25T07:35:20.366265+00:00
729,3586075356,27.75,3.38,sell,False,2022-03-25T07:35:20.189638+00:00
730,3586075346,27.75,4.23,sell,False,2022-03-25T07:35:19.994730+00:00
731,3586075334,27.75,5.28,sell,False,2022-03-25T07:35:19.782161+00:00
732,3586075316,27.75,6.6,sell,False,2022-03-25T07:35:19.436470+00:00
733,3586075306,27.75,8.25,sell,False,2022-03-25T07:35:19.233147+00:00
734,3586075291,27.75,10.32,sell,False,2022-03-25T07:35:19.072438+00:00
735,3586075276,27.75,12.89,sell,False,2022-03-25T07:35:18.875481+00:00
736,3586075241,27.75,16.12,sell,False,2022-03-25T07:35:18.670402+00:00
737,3586075233,27.75,20.15,sell,False,2022-03-25T07:35:18.471733+00:00
738,3586075214,27.75,25.19,sell,False,2022-03-25T07:35:18.120035+00:00
739,3586074587,27.725,0.32,sell,False,2022-03-25T07:35:13.171634+00:00
740,3586074572,27.75,0.4,sell,False,2022-03-25T07:35:12.890865+00:00
741,3586074562,27.75,0.5,sell,False,2022-03-25T07:35:12.693622+00:00
742,3586074542,27.75,0.62,sell,False,2022-03-25T07:35:12.495323+00:00
743,3586074524,27.75,0.78,sell,False,2022-03-25T07:35:12.190095+00:00
744,3586074510,27.75,0.97,sell,False,2022-03-25T07:35:11.961272+00:00
745,3586074498,27.75,1.22,sell,False,2022-03-25T07:35:11.759924+00:00
746,3586074478,27.75,1.52,sell,False,2022-03-25T07:35:11.564661+00:00
747,3586074440,27.75,1.9,sell,False,2022-03-25T07:35:11.266282+00:00
748,3586074393,27.75,2.37,sell,False,2022-03-25T07:35:11.058942+00:00
749,3586074209,27.75,2.97,sell,False,2022-03-25T07:35:10.813035+00:00
750,3586074159,27.75,3.71,sell,False,2022-03-25T07:35:10.058639+00:00
751,3586074146,27.75,4.64,sell,False,2022-03-25T07:35:09.859197+00:00
752,3586074135,27.75,5.8,sell,False,2022-03-25T07:35:09.660180+00:00
753,3586074110,27.75,7.25,sell,False,2022-03-25T07:35:09.405474+00:00
754,3586074096,27.75,9.06,sell,False,2022-03-25T07:35:09.209349+00:00
755,3586074083,27.75,11.32,sell,False,2022-03-25T07:35:09.011135+00:00
756,3586074074,27.75,14.15,sell,False,2022-03-25T07:35:08.780505+00:00
757,3586074057,27.75,17.69,sell,False,2022-03-25T07:35:08.578554+00:00
758,3586074043,27.75,22.12,sell,False,2022-03-25T07:35:08.328537+00:00
759,3586074024,27.75,27.65,sell,False,2022-03-25T07:35:08.053127+00:00
760,3586073795,27.725,0.07,sell,False,2022-03-25T07:35:06.186635+00:00
761,3586073779,27.755,0.09,sell,False,2022-03-25T07:35:05.887143+00:00
762,3586073754,27.755,0.11,sell,False,2022-03-25T07:35:05.712433+00:00
763,3586073741,27.755,0.14,sell,False,2022-03-25T07:35:05.540188+00:00
764,3586073731,27.755,0.18,sell,False,2022-03-25T07:35:05.335772+00:00
765,3586073710,27.755,0.22,sell,False,2022-03-25T07:35:05.113775+00:00
766,3586073684,27.755,0.28,sell,False,2022-03-25T07:35:04.932066+00:00
767,3586073659,27.755,0.35,sell,False,2022-03-25T07:35:04.634222+00:00
768,3586073637,27.755,0.44,sell,False,2022-03-25T07:35:04.433852+00:00
769,3586073622,27.755,0.54,sell,False,2022-03-25T07:35:04.238107+00:00
770,3586073612,27.755,0.68,sell,False,2022-03-25T07:35:04.033480+00:00
771,3586073182,27.755,0.67,sell,False,2022-03-25T07:34:58.522158+00:00
772,3586072938,27.68,2.79,sell,False,2022-03-25T07:34:53.790703+00:00
773,3586072915,27.72,10.39,sell,False,2022-03-25T07:34:53.615362+00:00
774,3586072898,27.72,17.33,sell,False,2022-03-25T07:34:53.415126+00:00
775,3586072875,27.72,8.79,sell,False,2022-03-25T07:34:53.189487+00:00
776,3586072874,27.72,12.87,sell,False,2022-03-25T07:34:53.189487+00:00
777,3586072846,27.72,3.21,sell,False,2022-03-25T07:34:52.889557+00:00
778,3586072814,27.72,4.01,sell,False,2022-03-25T07:34:52.691621+00:00
779,3586072746,27.72,5.02,sell,False,2022-03-25T07:34:52.464269+00:00
780,3586072735,27.72,6.27,sell,False,2022-03-25T07:34:52.264816+00:00
781,3586072725,27.72,7.84,sell,False,2022-03-25T07:34:52.069446+00:00
782,3586072709,27.72,9.8,sell,False,2022-03-25T07:34:51.868644+00:00
783,3586072681,27.72,12.25,sell,False,2022-03-25T07:34:51.544673+00:00
784,3586072665,27.72,15.31,sell,False,2022-03-25T07:34:51.344953+00:00
785,3586072639,27.72,19.14,sell,False,2022-03-25T07:34:51.143675+00:00
786,3586072619,27.72,23.93,sell,False,2022-03-25T07:34:50.944093+00:00
787,3586072608,27.72,29.91,sell,False,2022-03-25T07:34:50.643032+00:00
788,3586072596,27.72,37.38,sell,False,2022-03-25T07:34:50.369888+00:00
789,3586072583,27.72,46.73,sell,False,2022-03-25T07:34:50.195289+00:00
790,3586072181,27.725,17.36,sell,False,2022-03-25T07:34:44.568871+00:00
791,3586072168,27.65,27.59,sell,False,2022-03-25T07:34:44.462688+00:00
792,3586072150,27.74,34.48,sell,False,2022-03-25T07:34:44.263436+00:00
793,3586072129,27.74,48.28,sell,False,2022-03-25T07:34:44.063865+00:00
794,3586072112,27.74,60.35,sell,False,2022-03-25T07:34:43.762800+00:00
795,3586071933,27.675,7.56,sell,False,2022-03-25T07:34:40.215291+00:00
796,3586071915,27.72,13.13,sell,False,2022-03-25T07:34:40.017449+00:00
797,3586071824,27.675,0.34,sell,False,2022-03-25T07:34:38.956706+00:00
798,3586071799,27.72,0.43,sell,False,2022-03-25T07:34:38.729322+00:00
799,3586071778,27.72,0.53,sell,False,2022-03-25T07:34:38.453960+00:00
800,3586071766,27.72,0.67,sell,False,2022-03-25T07:34:38.156638+00:00
801,3586071752,27.72,0.83,sell,False,2022-03-25T07:34:37.953927+00:00
802,3586071742,27.72,1.04,sell,False,2022-03-25T07:34:37.754243+00:00
803,3586071728,27.72,1.3,sell,False,2022-03-25T07:34:37.576660+00:00
804,3586071709,27.72,1.63,sell,False,2022-03-25T07:34:37.391796+00:00
805,3586071686,27.72,2.03,sell,False,2022-03-25T07:34:37.074574+00:00
806,3586071663,27.72,2.54,sell,False,2022-03-25T07:34:36.772109+00:00
807,3586071655,27.72,3.18,sell,False,2022-03-25T07:34:36.595856+00:00
808,3586071637,27.72,3.97,sell,False,2022-03-25T07:34:36.389891+00:00
809,3586071615,27.72,6.03,sell,False,2022-03-25T07:34:36.139908+00:00
810,3586071606,27.72,7.54,sell,False,2022-03-25T07:34:35.964784+00:00
811,3586071596,27.72,9.43,sell,False,2022-03-25T07:34:35.790969+00:00
812,3586071586,27.72,11.78,sell,False,2022-03-25T07:34:35.588172+00:00
813,3586071566,27.72,14.73,sell,False,2022-03-25T07:34:35.379380+00:00
814,3586071541,27.72,18.41,sell,False,2022-03-25T07:34:35.177743+00:00
815,3586071509,27.72,23.01,sell,False,2022-03-25T07:34:34.929500+00:00
816,3586071468,27.72,28.76,sell,False,2022-03-25T07:34:34.759396+00:00
817,3586071448,27.72,35.96,sell,False,2022-03-25T07:34:34.406873+00:00
818,3586071432,27.72,44.95,sell,False,2022-03-25T07:34:34.206660+00:00
819,3586071408,27.72,56.18,sell,False,2022-03-25T07:34:34.031655+00:00
820,3586071259,27.675,0.04,sell,False,2022-03-25T07:34:31.879071+00:00
821,3586071239,27.76,0.05,sell,False,2022-03-25T07:34:31.579759+00:00
822,3586071230,27.76,0.06,sell,False,2022-03-25T07:34:31.392597+00:00
823,3586071198,27.76,0.07,sell,False,2022-03-25T07:34:31.052417+00:00
824,3586071168,27.76,0.09,sell,False,2022-03-25T07:34:30.799004+00:00
825,3586071152,27.76,0.11,sell,False,2022-03-25T07:34:30.573233+00:00
826,3586071131,27.76,0.19,sell,False,2022-03-25T07:34:30.207151+00:00
827,3586071115,27.76,0.19,sell,False,2022-03-25T07:34:30.110047+00:00
828,3586071101,27.76,0.31,sell,False,2022-03-25T07:34:29.906048+00:00
829,3586071100,27.76,0.31,sell,False,2022-03-25T07:34:29.905558+00:00
830,3586071057,27.76,0.52,sell,False,2022-03-25T07:34:29.633202+00:00
831,3586071056,27.76,0.52,sell,False,2022-03-25T07:34:29.632660+00:00
832,3586071031,27.76,0.87,sell,False,2022-03-25T07:34:29.418732+00:00
833,3586071030,27.76,0.87,sell,False,2022-03-25T07:34:29.417999+00:00
834,3586071012,27.76,2.28,sell,False,2022-03-25T07:34:29.217895+00:00
835,3586071011,27.76,1.65,sell,False,2022-03-25T07:34:29.217434+00:00
836,3586070998,27.76,3.14,sell,False,2022-03-25T07:34:29.043158+00:00
837,3586070994,27.76,4.28,sell,False,2022-03-25T07:34:28.993942+00:00
838,3586070976,27.76,5.71,sell,False,2022-03-25T07:34:28.793463+00:00
839,3586070962,27.76,7.14,sell,False,2022-03-25T07:34:28.644346+00:00
840,3586070956,27.76,7.14,sell,False,2022-03-25T07:34:28.589001+00:00
841,3586070942,27.76,11.9,sell,False,2022-03-25T07:34:28.299861+00:00
842,3586070941,27.76,11.9,sell,False,2022-03-25T07:34:28.299326+00:00
843,3586070937,27.76,44.28,sell,False,2022-03-25T07:34:28.189354+00:00
844,3586070922,27.75,55.35,sell,False,2022-03-25T07:34:28.012926+00:00
845,3586070883,27.75,69.19,sell,False,2022-03-25T07:34:27.739700+00:00
846,3586070176,27.725,0.01,sell,False,2022-03-25T07:34:22.173266+00:00
847,3586070168,27.765,0.01,sell,False,2022-03-25T07:34:22.000102+00:00
848,3586070157,27.765,0.01,sell,False,2022-03-25T07:34:21.975803+00:00
849,3586070147,27.765,0.01,sell,False,2022-03-25T07:34:21.819003+00:00
850,3586070146,27.765,0.01,sell,False,2022-03-25T07:34:21.818603+00:00
851,3586070127,27.765,0.01,sell,False,2022-03-25T07:34:21.643590+00:00
852,3586070125,27.765,0.01,sell,False,2022-03-25T07:34:21.622632+00:00
853,3586070105,27.765,0.01,sell,False,2022-03-25T07:34:21.424852+00:00
854,3586070098,27.765,0.02,sell,False,2022-03-25T07:34:21.369838+00:00
855,3586070085,27.765,0.02,sell,False,2022-03-25T07:34:21.243063+00:00
856,3586070081,27.765,0.03,sell,False,2022-03-25T07:34:21.179486+00:00
857,3586070067,27.765,0.05,sell,False,2022-03-25T07:34:20.951537+00:00
858,3586070060,27.765,0.07,sell,False,2022-03-25T07:34:20.881086+00:00
859,3586070034,27.765,0.09,sell,False,2022-03-25T07:34:20.749407+00:00
860,3586070015,27.765,0.12,sell,False,2022-03-25T07:34:20.641598+00:00
861,3586070007,27.765,0.16,sell,False,2022-03-25T07:34:20.545324+00:00
862,3586069999,27.765,0.21,sell,False,2022-03-25T07:34:20.455644+00:00
863,3586069990,27.765,0.21,sell,False,2022-03-25T07:34:20.322665+00:00
864,3586069972,27.765,0.4,sell,False,2022-03-25T07:34:20.149048+00:00
865,3586069971,27.765,0.55,sell,False,2022-03-25T07:34:20.148140+00:00
866,3586069937,27.765,0.76,sell,False,2022-03-25T07:34:19.976043+00:00
867,3586069933,27.765,1.05,sell,False,2022-03-25T07:34:19.947058+00:00
868,3586069915,27.765,1.44,sell,False,2022-03-25T07:34:19.796633+00:00
869,3586069909,27.765,1.98,sell,False,2022-03-25T07:34:19.746045+00:00
870,3586069904,27.765,2.7,sell,False,2022-03-25T07:34:19.647074+00:00
871,3586069901,27.765,3.6,sell,False,2022-03-25T07:34:19.563658+00:00
872,3586069890,27.765,4.51,sell,False,2022-03-25T07:34:19.426649+00:00
873,3586069886,27.765,4.51,sell,False,2022-03-25T07:34:19.373503+00:00
874,3586069835,27.765,7.51,sell,False,2022-03-25T07:34:19.155194+00:00
875,3586069834,27.765,7.51,sell,False,2022-03-25T07:34:19.154613+00:00
876,3586069786,27.765,12.51,sell,False,2022-03-25T07:34:18.869489+00:00
877,3586069785,27.765,12.51,sell,False,2022-03-25T07:34:18.868822+00:00
878,3586069741,27.765,30.26,sell,False,2022-03-25T07:34:18.666044+00:00
879,3586069720,27.765,23.21,sell,False,2022-03-25T07:34:18.585829+00:00
880,3586069665,27.765,35.27,sell,False,2022-03-25T07:34:18.459580+00:00
881,3586069491,27.735,44.08,sell,False,2022-03-25T07:34:17.804548+00:00
882,3586069366,27.735,55.1,sell,False,2022-03-25T07:34:17.499168+00:00
883,3586069130,27.735,68.88,sell,False,2022-03-25T07:34:16.529968+00:00
884,3582658938,27.59,1.14,buy,False,2022-03-24T18:25:36.203679+00:00
885,3582140440,27.71,17.56,buy,False,2022-03-24T16:52:48.570263+00:00
886,3582140408,27.71,19.52,buy,False,2022-03-24T16:52:47.972779+00:00
887,3582140296,27.71,21.68,buy,False,2022-03-24T16:52:45.857186+00:00
888,3582135391,27.71,7.03,buy,False,2022-03-24T16:51:51.450137+00:00
889,3582135364,27.71,7.82,buy,False,2022-03-24T16:51:50.869159+00:00
890,3582135335,27.71,8.68,buy,False,2022-03-24T16:51:50.321409+00:00
891,3582135311,27.71,9.65,buy,False,2022-03-24T16:51:49.720491+00:00
892,3582135284,27.71,10.72,buy,False,2022-03-24T16:51:49.087575+00:00
893,3582135237,27.71,11.91,buy,False,2022-03-24T16:51:48.491461+00:00
894,3582135128,27.71,13.24,buy,False,2022-03-24T16:51:46.466216+00:00
895,3582120608,27.71,6.86,buy,False,2022-03-24T16:48:33.836236+00:00
896,3582114507,27.745,9.89,buy,False,2022-03-24T16:47:15.638183+00:00
897,3581640138,27.72,0.01,buy,False,2022-03-24T15:43:43.548945+00:00
898,3581640060,27.72,0.01,buy,False,2022-03-24T15:43:42.765386+00:00
899,3581639900,27.72,0.01,buy,False,2022-03-24T15:43:42.154863+00:00
900,3581639378,27.72,0.01,buy,False,2022-03-24T15:43:38.679310+00:00
901,3581639302,27.72,0.01,buy,False,2022-03-24T15:43:38.042178+00:00
902,3581638667,27.72,0.01,buy,False,2022-03-24T15:43:33.208008+00:00
903,3581638615,27.72,0.01,buy,False,2022-03-24T15:43:32.574058+00:00
904,3581638546,27.72,0.01,buy,False,2022-03-24T15:43:31.896404+00:00
905,3581638196,27.72,0.01,buy,False,2022-03-24T15:43:29.871944+00:00
906,3581637931,27.72,0.01,buy,False,2022-03-24T15:43:29.217149+00:00
907,3581637677,27.72,0.01,buy,False,2022-03-24T15:43:28.550997+00:00
908,3581637340,27.72,0.01,buy,False,2022-03-24T15:43:27.822609+00:00
909,3581637251,27.72,0.01,buy,False,2022-03-24T15:43:27.024048+00:00
910,3581566601,27.62,0.95,buy,False,2022-03-24T15:37:19.308119+00:00
911,3581566332,27.62,0.95,buy,False,2022-03-24T15:37:17.128776+00:00
912,3581396563,27.49,9.91,buy,False,2022-03-24T15:16:49.536883+00:00
913,3581396522,27.49,11.01,buy,False,2022-03-24T15:16:48.904982+00:00
914,3581396471,27.49,12.23,buy,False,2022-03-24T15:16:48.340343+00:00
915,3581320986,27.465,3.77,buy,False,2022-03-24T15:08:30.744863+00:00
916,3581320811,27.465,4.19,buy,False,2022-03-24T15:08:29.772148+00:00
917,3581320490,27.465,4.66,buy,False,2022-03-24T15:08:27.621427+00:00
918,3581295329,27.575,0.01,buy,False,2022-03-24T15:06:22.538314+00:00
919,3581295312,27.52,0.08,buy,False,2022-03-24T15:06:22.413849+00:00
920,3581295174,27.52,0.01,buy,False,2022-03-24T15:06:21.788241+00:00
921,3581294980,27.52,0.01,buy,False,2022-03-24T15:06:21.079669+00:00
922,3581294899,27.52,0.01,buy,False,2022-03-24T15:06:20.451127+00:00
923,3581293551,27.52,0.01,buy,False,2022-03-24T15:06:10.865150+00:00
924,3581289750,27.52,0.01,buy,False,2022-03-24T15:05:47.375414+00:00
925,3581264149,27.48,3.89,buy,False,2022-03-24T15:02:58.033968+00:00
926,3581263996,27.48,4.32,buy,False,2022-03-24T15:02:57.312551+00:00
927,3581263858,27.48,4.8,buy,False,2022-03-24T15:02:56.625562+00:00
928,3581263584,27.48,5.34,buy,False,2022-03-24T15:02:54.443237+00:00
929,3581155036,27.29,6.64,buy,False,2022-03-24T14:53:38.237605+00:00
930,3581050724,27.32,0.13,buy,False,2022-03-24T14:46:58.906162+00:00
931,3581038937,27.115,5.42,buy,False,2022-03-24T14:45:49.770225+00:00
932,3581038691,27.085,6.02,buy,False,2022-03-24T14:45:47.718332+00:00
933,3580903739,27.04,4.45,buy,False,2022-03-24T14:18:17.268425+00:00
934,3580903645,27.04,4.95,buy,False,2022-03-24T14:18:15.266383+00:00
935,3580903611,27.04,5.49,buy,False,2022-03-24T14:18:14.560948+00:00
936,3580903583,27.04,6.1,buy,False,2022-03-24T14:18:13.782509+00:00
937,3580903563,27.04,6.78,buy,False,2022-03-24T14:18:13.187487+00:00
938,3580857964,27.09,7.08,buy,False,2022-03-24T14:08:58.762744+00:00
939,3580828496,27.11,0.01,buy,False,2022-03-24T14:03:52.161328+00:00
940,3580828430,27.11,0.01,buy,False,2022-03-24T14:03:51.671696+00:00
941,3580827932,27.11,0.01,buy,False,2022-03-24T14:03:48.107699+00:00
942,3580827904,27.11,0.01,buy,False,2022-03-24T14:03:47.476642+00:00
943,3580827586,27.11,0.01,buy,False,2022-03-24T14:03:44.270964+00:00
944,3580827297,27.11,0.01,buy,False,2022-03-24T14:03:41.084871+00:00
945,3580827265,27.11,0.01,buy,False,2022-03-24T14:03:40.442182+00:00
946,3580827222,27.11,0.01,buy,False,2022-03-24T14:03:39.739735+00:00
947,3580827142,27.11,0.01,buy,False,2022-03-24T14:03:39.133907+00:00
948,3580826986,27.11,0.01,buy,False,2022-03-24T14:03:36.976020+00:00
949,3580826920,27.11,0.01,buy,False,2022-03-24T14:03:36.350799+00:00
950,3580826419,27.11,0.01,buy,False,2022-03-24T14:03:32.898596+00:00
951,3580826136,27.11,0.01,buy,False,2022-03-24T14:03:29.569956+00:00
952,3580752765,26.965,3.94,buy,False,2022-03-24T13:52:55.980909+00:00
953,3580735691,26.985,3.88,buy,False,2022-03-24T13:49:43.303438+00:00
954,3580735669,26.985,4.31,buy,False,2022-03-24T13:49:42.722920+00:00
955,3580735628,26.985,4.79,buy,False,2022-03-24T13:49:42.020673+00:00
956,3580730621,27.035,5.57,buy,False,2022-03-24T13:48:45.719815+00:00
957,3580730576,26.995,6.19,buy,False,2022-03-24T13:48:45.170083+00:00
958,3580706502,27.02,3.86,buy,False,2022-03-24T13:44:31.540825+00:00
959,3580704949,27.03,5.53,buy,False,2022-03-24T13:44:15.689270+00:00
960,3580701257,27.065,6.74,buy,False,2022-03-24T13:43:34.911881+00:00
961,3580701210,27.025,7.48,buy,False,2022-03-24T13:43:34.227837+00:00
962,3580700849,27.025,8.31,buy,False,2022-03-24T13:43:30.518483+00:00
963,3580700804,27.025,9.24,buy,False,2022-03-24T13:43:29.877967+00:00
964,3580700767,27.025,10.26,buy,False,2022-03-24T13:43:29.189553+00:00
965,3580700721,27.025,11.4,buy,False,2022-03-24T13:43:28.658568+00:00
966,3580698264,27.04,3.54,buy,False,2022-03-24T13:43:08.834855+00:00
967,3580698214,27.04,3.94,buy,False,2022-03-24T13:43:08.157558+00:00
968,3580684003,27.0,5.45,buy,False,2022-03-24T13:41:33.661319+00:00
969,3580679700,26.99,11.4,buy,False,2022-03-24T13:40:56.172783+00:00
970,3580679576,26.99,12.67,buy,False,2022-03-24T13:40:55.507047+00:00
971,3580679499,26.99,14.07,buy,False,2022-03-24T13:40:54.827039+00:00
972,3580676356,26.95,4.7,buy,False,2022-03-24T13:40:19.298129+00:00
973,3580673639,26.945,11.44,buy,False,2022-03-24T13:39:59.593349+00:00
974,3580673602,26.945,12.71,buy,False,2022-03-24T13:39:58.797899+00:00
975,3580672107,26.96,4.92,buy,False,2022-03-24T13:39:38.015896+00:00
976,3580672088,26.96,5.47,buy,False,2022-03-24T13:39:37.514277+00:00
977,3580671851,26.96,6.08,buy,False,2022-03-24T13:39:35.194522+00:00
978,3580668564,26.935,3.97,buy,False,2022-03-24T13:38:55.722770+00:00
979,3580668525,26.935,12.63,buy,False,2022-03-24T13:38:54.998665+00:00
980,3580668067,26.93,6.93,buy,False,2022-03-24T13:38:47.389044+00:00
981,3580666934,26.925,3.54,buy,False,2022-03-24T13:38:31.598523+00:00
982,3580666712,26.925,3.94,buy,False,2022-03-24T13:38:28.372707+00:00
983,3580666692,26.925,4.38,buy,False,2022-03-24T13:38:27.762793+00:00
984,3580665966,26.93,4.68,buy,False,2022-03-24T13:38:18.952431+00:00
985,3580665930,26.93,5.2,buy,False,2022-03-24T13:38:18.299666+00:00
986,3580664999,26.925,4.06,buy,False,2022-03-24T13:38:05.940569+00:00
987,3580664954,26.925,4.51,buy,False,2022-03-24T13:38:05.299584+00:00
988,3580664352,26.955,5.89,buy,False,2022-03-24T13:38:01.645150+00:00
989,3580660568,26.92,8.35,buy,False,2022-03-24T13:37:17.655290+00:00
990,3580657430,26.905,4.38,buy,False,2022-03-24T13:36:41.922701+00:00
991,3580657052,26.935,6.12,buy,False,2022-03-24T13:36:35.627466+00:00
992,3580656820,26.9,6.8,buy,False,2022-03-24T13:36:33.460121+00:00
993,3580654512,26.91,7.09,buy,False,2022-03-24T13:36:04.148706+00:00
994,3580654326,26.91,7.88,buy,False,2022-03-24T13:36:01.875444+00:00
995,3580653323,26.925,6.03,buy,False,2022-03-24T13:35:50.244853+00:00
996,3580653273,26.925,3.67,buy,False,2022-03-24T13:35:49.541846+00:00
997,3580653012,26.925,4.07,buy,False,2022-03-24T13:35:46.361167+00:00
998,3580652961,26.925,4.53,buy,False,2022-03-24T13:35:45.700706+00:00
999,3580652917,26.925,8.06,buy,False,2022-03-24T13:35:45.146641+00:00
1000,3580652753,26.925,8.95,buy,False,2022-03-24T13:35:44.488717+00:00
1001,3580650729,26.915,5.63,buy,False,2022-03-24T13:35:22.660226+00:00
1002,3580650620,26.915,8.95,buy,False,2022-03-24T13:35:21.966051+00:00
1003,3580650305,26.915,9.95,buy,False,2022-03-24T13:35:18.665277+00:00
1004,3580650193,26.915,5.59,buy,False,2022-03-24T13:35:17.879701+00:00
1005,3580649835,26.915,2.24,buy,False,2022-03-24T13:35:15.748740+00:00
1006,3580649802,26.915,2.49,buy,False,2022-03-24T13:35:15.281665+00:00
1007,3580649790,26.915,2.77,buy,False,2022-03-24T13:35:15.083122+00:00
1008,3580649713,26.915,3.08,buy,False,2022-03-24T13:35:14.698497+00:00
1009,3580649676,26.915,3.42,buy,False,2022-03-24T13:35:14.391648+00:00
1010,3580649644,26.915,3.8,buy,False,2022-03-24T13:35:14.089572+00:00
1011,3580649606,26.915,4.22,buy,False,2022-03-24T13:35:13.705108+00:00
1012,3580649590,26.915,4.69,buy,False,2022-03-24T13:35:13.393146+00:00
1013,3580649532,26.915,5.21,buy,False,2022-03-24T13:35:12.833413+00:00
1014,3580649509,26.915,5.79,buy,False,2022-03-24T13:35:12.688051+00:00
1015,3580649432,26.915,6.43,buy,False,2022-03-24T13:35:11.974190+00:00
1016,3580624769,26.95,6.42,buy,False,2022-03-24T13:33:09.911226+00:00
1017,3580624768,26.95,6.42,buy,False,2022-03-24T13:33:09.910621+00:00
1018,3580624661,26.92,12.76,buy,False,2022-03-24T13:33:09.207772+00:00
1019,3580624529,26.92,14.18,buy,False,2022-03-24T13:33:08.566230+00:00
1020,3580624299,26.92,15.75,buy,False,2022-03-24T13:33:07.618636+00:00
1021,3580599614,26.835,15.11,buy,False,2022-03-24T13:31:41.561900+00:00
1022,3580591172,26.875,10.42,buy,False,2022-03-24T13:31:30.544408+00:00
1023,3580589998,26.885,8.31,buy,False,2022-03-24T13:31:28.662215+00:00
1024,3580589379,26.885,3.42,buy,False,2022-03-24T13:31:27.040873+00:00
1025,3580589329,26.885,3.81,buy,False,2022-03-24T13:31:26.415358+00:00
1026,3580588039,26.89,15.33,buy,False,2022-03-24T13:31:16.200179+00:00
1027,3580586215,26.91,13.13,buy,False,2022-03-24T13:31:00.742423+00:00
1028,3580583004,26.915,10.82,buy,False,2022-03-24T13:30:33.490730+00:00
1029,3580582950,26.915,13.53,buy,False,2022-03-24T13:30:32.901361+00:00
1030,3580582935,26.915,13.53,buy,False,2022-03-24T13:30:32.624961+00:00
1031,3580578947,26.91,0.13,sell,False,2022-03-24T13:30:00.869284+00:00
1032,3578871818,27.11,0.13,sell,False,2022-03-24T08:00:26.018197+00:00
1033,3576655880,27.32,0.01,buy,False,2022-03-24T00:13:42.489454+00:00
1034,3576655764,27.32,0.01,buy,False,2022-03-24T00:13:42.289883+00:00
1035,3576655364,27.32,0.01,buy,False,2022-03-24T00:13:41.505034+00:00
1036,3576655363,27.32,0.01,buy,False,2022-03-24T00:13:41.504437+00:00
1037,3576655178,27.32,0.01,buy,False,2022-03-24T00:13:40.836135+00:00
1038,3576655107,27.32,0.01,buy,False,2022-03-24T00:13:40.585051+00:00
1039,3576654997,27.32,0.01,buy,False,2022-03-24T00:13:40.253814+00:00
1040,3576654845,27.32,0.01,buy,False,2022-03-24T00:13:39.947020+00:00
1041,3576654666,27.32,0.01,buy,False,2022-03-24T00:13:39.614115+00:00
1042,3576654565,27.32,0.01,buy,False,2022-03-24T00:13:39.310894+00:00
1043,3576654398,27.32,0.01,buy,False,2022-03-24T00:13:38.774152+00:00
1044,3576654326,27.32,0.01,buy,False,2022-03-24T00:13:38.579193+00:00
1045,3576654101,27.32,0.01,buy,False,2022-03-24T00:13:38.102756+00:00
1046,3576654031,27.32,0.01,buy,False,2022-03-24T00:13:37.970291+00:00
1047,3576653738,27.32,0.01,buy,False,2022-03-24T00:13:37.419065+00:00
1048,3576653699,27.32,0.01,buy,False,2022-03-24T00:13:37.322714+00:00
1049,3576653397,27.32,0.01,buy,False,2022-03-24T00:13:36.934049+00:00
1050,3576653304,27.32,0.01,buy,False,2022-03-24T00:13:36.756410+00:00
1051,3576653129,27.32,0.02,buy,False,2022-03-24T00:13:36.355784+00:00
1052,3576653047,27.32,0.02,buy,False,2022-03-24T00:13:36.137480+00:00
1053,3576652795,27.32,0.02,buy,False,2022-03-24T00:13:35.564404+00:00
1054,3576652738,27.32,0.02,buy,False,2022-03-24T00:13:35.388906+00:00
1055,3576652542,27.32,0.03,buy,False,2022-03-24T00:13:34.772629+00:00
1056,3576652541,27.32,0.03,buy,False,2022-03-24T00:13:34.772176+00:00
1057,3576652285,27.32,0.04,buy,False,2022-03-24T00:13:34.113229+00:00
1058,3576652253,27.32,0.04,buy,False,2022-03-24T00:13:34.047719+00:00
1059,3576652024,27.32,0.05,buy,False,2022-03-24T00:13:33.584896+00:00
1060,3576651966,27.32,0.05,buy,False,2022-03-24T00:13:33.463744+00:00
1061,3576651561,27.32,0.06,buy,False,2022-03-24T00:13:32.809008+00:00
1062,3576651513,27.32,0.06,buy,False,2022-03-24T00:13:32.730886+00:00
1063,3576651158,27.32,0.07,buy,False,2022-03-24T00:13:32.156947+00:00
1064,3576651126,27.32,0.07,buy,False,2022-03-24T00:13:32.083536+00:00
1065,3576650388,27.32,0.08,buy,False,2022-03-24T00:13:31.409717+00:00
1066,3576650055,27.32,0.1,buy,False,2022-03-24T00:13:31.017390+00:00
1067,3576649829,27.32,0.1,buy,False,2022-03-24T00:13:30.814959+00:00
1068,3576649582,27.32,0.12,buy,False,2022-03-24T00:13:30.374099+00:00
1069,3576649438,27.32,0.12,buy,False,2022-03-24T00:13:30.134319+00:00
1070,3576649172,27.32,0.16,buy,False,2022-03-24T00:13:29.685565+00:00
1071,3576649075,27.32,0.16,buy,False,2022-03-24T00:13:29.555647+00:00
1072,3576648795,27.32,0.2,buy,False,2022-03-24T00:13:29.154346+00:00
1073,3576648698,27.32,0.2,buy,False,2022-03-24T00:13:28.955952+00:00
1074,3576648382,27.32,0.24,buy,False,2022-03-24T00:13:28.351191+00:00
1075,3576648347,27.32,0.24,buy,False,2022-03-24T00:13:28.293677+00:00
1076,3576640665,27.32,0.14,buy,False,2022-03-24T00:13:19.672913+00:00
1077,3576640664,27.32,0.13,buy,False,2022-03-24T00:13:19.672913+00:00
1078,3576518005,27.11,0.01,buy,False,2022-03-24T00:00:29.741705+00:00
1079,3576518004,27.11,0.01,buy,False,2022-03-24T00:00:29.713937+00:00
1080,3576517055,27.11,0.01,buy,False,2022-03-24T00:00:25.301279+00:00
1081,3576516990,27.11,0.01,buy,False,2022-03-24T00:00:24.947906+00:00
1082,3576516934,27.11,0.01,buy,False,2022-03-24T00:00:24.560120+00:00
1083,3576516884,27.11,0.01,buy,False,2022-03-24T00:00:24.358743+00:00
1084,3576516840,27.11,0.01,buy,False,2022-03-24T00:00:23.999946+00:00
1085,3576516816,27.11,0.01,buy,False,2022-03-24T00:00:23.686985+00:00
1086,3576516795,27.11,0.01,buy,False,2022-03-24T00:00:23.388226+00:00
1087,3576516740,27.11,0.01,buy,False,2022-03-24T00:00:23.010994+00:00
1088,3576516635,27.11,0.01,buy,False,2022-03-24T00:00:22.608736+00:00
1089,3576516600,27.11,0.01,buy,False,2022-03-24T00:00:22.433821+00:00
1090,3576516549,27.11,0.01,buy,False,2022-03-24T00:00:21.997868+00:00
1091,3576463278,26.99,0.01,buy,False,2022-03-23T23:51:50.081097+00:00
1092,3576463239,26.91,0.01,buy,False,2022-03-23T23:51:49.867831+00:00
1093,3576463154,26.91,0.01,buy,False,2022-03-23T23:51:49.363841+00:00
1094,3576463105,26.91,0.01,buy,False,2022-03-23T23:51:49.188501+00:00
1095,3576462923,26.91,0.01,buy,False,2022-03-23T23:51:48.559123+00:00
1096,3576462922,26.91,0.01,buy,False,2022-03-23T23:51:48.535010+00:00
1097,3576462866,26.91,0.01,buy,False,2022-03-23T23:51:47.985014+00:00
1098,3576462858,26.91,0.01,buy,False,2022-03-23T23:51:47.884393+00:00
1099,3576462825,26.91,0.01,buy,False,2022-03-23T23:51:47.528875+00:00
1100,3576462796,26.91,0.01,buy,False,2022-03-23T23:51:47.243429+00:00
1101,3576462768,26.91,0.01,buy,False,2022-03-23T23:51:46.920740+00:00
1102,3576462726,26.91,0.01,buy,False,2022-03-23T23:51:46.225612+00:00
1103,3576462699,26.91,0.01,buy,False,2022-03-23T23:51:45.872262+00:00
1104,3576462680,26.91,0.01,buy,False,2022-03-23T23:51:45.567031+00:00
1105,3576320098,26.71,0.01,buy,False,2022-03-23T23:27:24.268172+00:00
1106,3576319726,26.71,0.01,buy,False,2022-03-23T23:27:20.839155+00:00
1107,3576319517,26.71,0.01,buy,False,2022-03-23T23:27:17.694415+00:00
1108,3576319440,26.71,0.01,buy,False,2022-03-23T23:27:16.994670+00:00
1109,3576319363,26.71,0.01,buy,False,2022-03-23T23:27:16.279112+00:00
1110,3576319337,26.71,0.01,buy,False,2022-03-23T23:27:15.827818+00:00
1111,3576319110,26.71,0.01,buy,False,2022-03-23T23:27:13.713862+00:00
1112,3576318797,26.71,0.01,buy,False,2022-03-23T23:27:13.042332+00:00
1113,3576318643,26.71,0.01,buy,False,2022-03-23T23:27:12.345910+00:00
1114,3576318586,26.71,0.01,buy,False,2022-03-23T23:27:11.863314+00:00
1115,3576318331,26.71,0.01,buy,False,2022-03-23T23:27:09.753751+00:00
1116,3576317991,26.71,0.01,buy,False,2022-03-23T23:27:06.425794+00:00
1117,3576317809,26.71,0.01,buy,False,2022-03-23T23:27:05.679831+00:00
1118,3575281004,26.47,9.23,buy,False,2022-03-23T18:53:34.130883+00:00
1119,3575280969,26.47,10.25,buy,False,2022-03-23T18:53:33.532116+00:00
1120,3575280948,26.47,11.39,buy,False,2022-03-23T18:53:32.956082+00:00
1121,3575280831,26.47,12.66,buy,False,2022-03-23T18:53:31.090524+00:00
1122,3575280657,26.47,14.06,buy,False,2022-03-23T18:53:28.872622+00:00
1123,3575280570,26.47,15.62,buy,False,2022-03-23T18:53:27.005169+00:00
1124,3575272821,26.48,4.19,buy,False,2022-03-23T18:51:32.985651+00:00
1125,3575272810,26.48,4.65,buy,False,2022-03-23T18:51:32.446685+00:00
1126,3575272457,26.48,10.67,buy,False,2022-03-23T18:51:27.918790+00:00
1127,3574906513,26.5,0.13,sell,False,2022-03-23T17:48:31.028253+00:00
1128,3574640950,26.71,1.84,buy,False,2022-03-23T17:02:41.392491+00:00
1129,3574640902,26.71,2.04,buy,False,2022-03-23T17:02:41.264501+00:00
1130,3574640703,26.71,2.27,buy,False,2022-03-23T17:02:40.717600+00:00
1131,3574640603,26.71,2.52,buy,False,2022-03-23T17:02:40.423838+00:00
1132,3574640575,26.71,2.8,buy,False,2022-03-23T17:02:40.198938+00:00
1133,3574640543,26.71,3.11,buy,False,2022-03-23T17:02:39.823513+00:00
1134,3574640484,26.71,3.46,buy,False,2022-03-23T17:02:39.547104+00:00
1135,3574640426,26.71,3.84,buy,False,2022-03-23T17:02:39.093954+00:00
1136,3574640344,26.71,4.27,buy,False,2022-03-23T17:02:38.463588+00:00
1137,3574640228,26.71,4.74,buy,False,2022-03-23T17:02:37.268918+00:00
1138,3573930415,26.74,0.78,buy,False,2022-03-23T15:25:40.648346+00:00
1139,3573930408,26.74,0.78,buy,False,2022-03-23T15:25:40.573908+00:00
1140,3573925947,26.74,0.86,buy,False,2022-03-23T15:24:58.688696+00:00
1141,3573925890,26.74,0.96,buy,False,2022-03-23T15:24:58.165373+00:00
1142,3573925822,26.74,1.2,buy,False,2022-03-23T15:24:57.478151+00:00
1143,3573925821,26.74,1.2,buy,False,2022-03-23T15:24:57.477540+00:00
1144,3573925772,26.74,1.5,buy,False,2022-03-23T15:24:56.792263+00:00
1145,3573925755,26.74,1.5,buy,False,2022-03-23T15:24:56.561392+00:00
1146,3573925708,26.74,1.67,buy,False,2022-03-23T15:24:56.089372+00:00
1147,3573925686,26.74,1.85,buy,False,2022-03-23T15:24:55.823254+00:00
1148,3573925663,26.74,2.06,buy,False,2022-03-23T15:24:55.471683+00:00
1149,3573925619,26.74,2.28,buy,False,2022-03-23T15:24:55.146329+00:00
1150,3573925590,26.74,2.54,buy,False,2022-03-23T15:24:54.791690+00:00
1151,3573925579,26.74,2.82,buy,False,2022-03-23T15:24:54.440646+00:00
1152,3573925560,26.74,3.13,buy,False,2022-03-23T15:24:54.186140+00:00
1153,3573925530,26.74,3.48,buy,False,2022-03-23T15:24:53.842972+00:00
1154,3573925448,26.74,3.87,buy,False,2022-03-23T15:24:53.530249+00:00
1155,3573925337,26.74,4.84,buy,False,2022-03-23T15:24:53.174047+00:00
1156,3573925286,26.74,4.84,buy,False,2022-03-23T15:24:52.930998+00:00
1157,3573925236,26.74,5.37,buy,False,2022-03-23T15:24:52.570214+00:00
1158,3573925220,26.74,6.72,buy,False,2022-03-23T15:24:52.358513+00:00
1159,3573925191,26.74,6.72,buy,False,2022-03-23T15:24:52.094128+00:00
1160,3573925156,26.74,8.4,buy,False,2022-03-23T15:24:51.594757+00:00
1161,3573925138,26.74,8.4,buy,False,2022-03-23T15:24:51.496252+00:00
1162,3573925086,26.74,9.33,buy,False,2022-03-23T15:24:50.970807+00:00
1163,3573924962,26.74,10.37,buy,False,2022-03-23T15:24:50.315462+00:00
1164,3573842432,26.75,0.01,buy,False,2022-03-23T15:13:12.529353+00:00
1165,3573842404,26.71,0.01,buy,False,2022-03-23T15:13:12.341072+00:00
1166,3573841964,26.71,0.01,buy,False,2022-03-23T15:13:10.231909+00:00
1167,3573839744,26.71,0.01,buy,False,2022-03-23T15:12:56.232616+00:00
1168,3573839689,26.71,0.01,buy,False,2022-03-23T15:12:55.822906+00:00
1169,3573763176,26.71,0.01,buy,False,2022-03-23T15:03:25.958516+00:00
1170,3573763100,26.71,0.01,buy,False,2022-03-23T15:03:25.424061+00:00
1171,3573763099,26.71,0.01,buy,False,2022-03-23T15:03:25.423436+00:00
1172,3573762966,26.71,0.01,buy,False,2022-03-23T15:03:24.746042+00:00
1173,3573762947,26.71,0.01,buy,False,2022-03-23T15:03:24.520657+00:00
1174,3573762908,26.71,0.01,buy,False,2022-03-23T15:03:24.081934+00:00
1175,3573762884,26.71,0.01,buy,False,2022-03-23T15:03:23.890119+00:00
1176,3573762738,26.71,0.01,buy,False,2022-03-23T15:03:23.109035+00:00
1177,3573762696,26.71,0.01,buy,False,2022-03-23T15:03:22.807232+00:00
1178,3573666838,26.56,7.13,buy,False,2022-03-23T14:53:05.104196+00:00
1179,3573666837,26.56,7.13,buy,False,2022-03-23T14:53:05.103736+00:00
1180,3573666809,26.56,7.92,buy,False,2022-03-23T14:53:04.426194+00:00
1181,3573296695,26.355,4.34,buy,False,2022-03-23T14:01:12.834625+00:00
1182,3573296686,26.355,4.83,buy,False,2022-03-23T14:01:12.582512+00:00
1183,3573296665,26.355,5.36,buy,False,2022-03-23T14:01:12.199878+00:00
1184,3573296646,26.355,5.96,buy,False,2022-03-23T14:01:11.800420+00:00
1185,3573296639,26.355,6.62,buy,False,2022-03-23T14:01:11.636045+00:00
1186,3573189587,26.425,3.13,buy,False,2022-03-23T13:38:28.165279+00:00
1187,3573189539,26.425,3.48,buy,False,2022-03-23T13:38:27.682295+00:00
1188,3573189496,26.425,3.87,buy,False,2022-03-23T13:38:27.391271+00:00
1189,3573189487,26.425,4.3,buy,False,2022-03-23T13:38:27.114778+00:00
1190,3573189476,26.425,4.77,buy,False,2022-03-23T13:38:26.840772+00:00
1191,3573189426,26.425,5.31,buy,False,2022-03-23T13:38:26.363985+00:00
1192,3573189394,26.425,5.89,buy,False,2022-03-23T13:38:26.128070+00:00
1193,3573189374,26.425,6.55,buy,False,2022-03-23T13:38:25.846351+00:00
1194,3573175253,26.455,6.18,buy,False,2022-03-23T13:35:48.041670+00:00
1195,3573172755,26.43,3.92,buy,False,2022-03-23T13:35:26.764909+00:00
1196,3573172753,26.43,4.35,buy,False,2022-03-23T13:35:26.708239+00:00
1197,3573172701,26.43,5.44,buy,False,2022-03-23T13:35:26.167083+00:00
1198,3573172684,26.43,5.44,buy,False,2022-03-23T13:35:25.991415+00:00
1199,3573172635,26.43,6.8,buy,False,2022-03-23T13:35:25.549295+00:00
1200,3573172562,26.43,6.8,buy,False,2022-03-23T13:35:25.097871+00:00
1201,3573169357,26.43,6.33,buy,False,2022-03-23T13:34:48.748101+00:00
1202,3573163045,26.425,8.9,buy,False,2022-03-23T13:33:55.152139+00:00
1203,3573162979,26.425,11.13,buy,False,2022-03-23T13:33:54.737653+00:00
1204,3573162909,26.425,11.13,buy,False,2022-03-23T13:33:54.527691+00:00
1205,3573162834,26.425,12.37,buy,False,2022-03-23T13:33:54.013401+00:00
1206,3573162820,26.425,13.74,buy,False,2022-03-23T13:33:53.765267+00:00
1207,3573162813,26.43,7.47,buy,False,2022-03-23T13:33:53.559292+00:00
1208,3573162790,26.43,9.47,buy,False,2022-03-23T13:33:53.208550+00:00
1209,3573162756,26.43,10.52,buy,False,2022-03-23T13:33:52.941015+00:00
1210,3573162700,26.43,10.52,buy,False,2022-03-23T13:33:52.285790+00:00
1211,3573162394,26.43,3.92,buy,False,2022-03-23T13:33:49.078229+00:00
1212,3573162384,26.43,3.92,buy,False,2022-03-23T13:33:48.938454+00:00
1213,3573162344,26.43,4.36,buy,False,2022-03-23T13:33:48.387931+00:00
1214,3573162338,26.43,4.84,buy,False,2022-03-23T13:33:48.237729+00:00
1215,3573150885,26.49,6.6,buy,False,2022-03-23T13:32:15.089675+00:00
1216,3573150871,26.49,7.33,buy,False,2022-03-23T13:32:14.419398+00:00
1217,3573147960,26.485,5.38,buy,False,2022-03-23T13:31:42.668889+00:00
1218,3573143294,26.545,6.58,buy,False,2022-03-23T13:31:03.672289+00:00
1219,3573143214,26.515,7.31,buy,False,2022-03-23T13:31:03.018879+00:00
1220,3573143150,26.515,8.13,buy,False,2022-03-23T13:31:02.159265+00:00
1221,3573143018,26.56,2.92,buy,False,2022-03-23T13:31:00.173761+00:00
1222,3573143003,26.56,3.24,buy,False,2022-03-23T13:30:59.968868+00:00
1223,3573142979,26.53,3.6,buy,False,2022-03-23T13:30:59.543458+00:00
1224,3573142966,26.53,4.01,buy,False,2022-03-23T13:30:59.343558+00:00
1225,3573142911,26.53,4.45,buy,False,2022-03-23T13:30:58.491552+00:00
1226,3573141634,26.525,12.85,buy,False,2022-03-23T13:30:42.567861+00:00
1227,3573141631,26.525,12.85,buy,False,2022-03-23T13:30:42.533150+00:00
1228,3573141605,26.525,0.96,buy,False,2022-03-23T13:30:42.028835+00:00
1229,3573141593,26.53,1.06,buy,False,2022-03-23T13:30:41.877206+00:00
1230,3573141554,26.53,1.18,buy,False,2022-03-23T13:30:41.478098+00:00
1231,3573141539,26.53,1.31,buy,False,2022-03-23T13:30:41.226502+00:00
1232,3573141475,26.53,1.46,buy,False,2022-03-23T13:30:40.925846+00:00
1233,3573141453,26.53,1.62,buy,False,2022-03-23T13:30:40.625058+00:00
1234,3573141436,26.53,1.8,buy,False,2022-03-23T13:30:40.325968+00:00
1235,3573141422,26.53,2.0,buy,False,2022-03-23T13:30:40.075522+00:00
1236,3573141400,26.53,2.5,buy,False,2022-03-23T13:30:39.724154+00:00
1237,3573141380,26.53,2.5,buy,False,2022-03-23T13:30:39.521000+00:00
1238,3573141253,26.53,3.13,buy,False,2022-03-23T13:30:38.862233+00:00
1239,3573141251,26.53,3.13,buy,False,2022-03-23T13:30:38.833711+00:00
1240,3573141210,26.53,3.91,buy,False,2022-03-23T13:30:38.256541+00:00
1241,3573141198,26.53,3.91,buy,False,2022-03-23T13:30:38.233399+00:00
1242,3573141162,26.53,4.88,buy,False,2022-03-23T13:30:37.435974+00:00
1243,3573141160,26.53,4.88,buy,False,2022-03-23T13:30:37.414796+00:00
1244,3573139191,26.525,4.59,buy,False,2022-03-23T13:30:16.966432+00:00
1245,3573139133,26.525,5.1,buy,False,2022-03-23T13:30:16.500929+00:00
1246,3573139119,26.525,5.67,buy,False,2022-03-23T13:30:16.372488+00:00
1247,3571759449,26.54,0.12,buy,False,2022-03-23T08:00:20.290254+00:00
1248,3571759442,26.54,0.13,buy,False,2022-03-23T08:00:20.183939+00:00
1249,3571759388,26.54,0.12,buy,False,2022-03-23T08:00:19.509087+00:00
1250,3571759384,26.54,0.13,buy,False,2022-03-23T08:00:19.483483+00:00
1251,3571759333,26.54,0.13,buy,False,2022-03-23T08:00:18.866965+00:00
1252,3571759329,26.54,0.13,buy,False,2022-03-23T08:00:18.794425+00:00
1253,3571759299,26.54,0.13,buy,False,2022-03-23T08:00:18.218237+00:00
1254,3571759272,26.54,0.13,buy,False,2022-03-23T08:00:17.735708+00:00
1255,3571759269,26.54,0.13,buy,False,2022-03-23T08:00:17.676496+00:00
1256,3571759238,26.54,0.13,buy,False,2022-03-23T08:00:17.151758+00:00
1257,3571759225,26.54,0.13,buy,False,2022-03-23T08:00:17.101555+00:00
1258,3571759173,26.54,0.13,buy,False,2022-03-23T08:00:16.500966+00:00
1259,3571759129,26.54,0.13,buy,False,2022-03-23T08:00:15.922133+00:00
1260,3571759101,26.54,0.12,buy,False,2022-03-23T08:00:15.520824+00:00
1261,3571759077,26.54,0.13,buy,False,2022-03-23T08:00:15.396937+00:00
1262,3571759036,26.54,0.13,buy,False,2022-03-23T08:00:14.915250+00:00
1263,3571758930,26.54,0.13,buy,False,2022-03-23T08:00:14.281077+00:00
1264,3571758851,26.54,0.12,buy,False,2022-03-23T08:00:13.673406+00:00
1265,3571758832,26.54,0.12,buy,False,2022-03-23T08:00:13.373748+00:00
1266,3571758800,26.54,0.13,buy,False,2022-03-23T08:00:13.074335+00:00
1267,3571758779,26.54,0.13,buy,False,2022-03-23T08:00:12.764818+00:00
1268,3571758722,26.54,0.13,buy,False,2022-03-23T08:00:12.064779+00:00
1269,3571758673,26.54,0.05,buy,False,2022-03-23T08:00:11.439118+00:00
1270,3571758646,26.54,0.06,buy,False,2022-03-23T08:00:11.140268+00:00
1271,3571758550,26.54,0.06,buy,False,2022-03-23T08:00:10.335423+00:00
1272,3571758523,26.54,0.07,buy,False,2022-03-23T08:00:09.782234+00:00
1273,3571758508,26.54,0.08,buy,False,2022-03-23T08:00:09.333590+00:00
1274,3571758507,26.54,0.08,buy,False,2022-03-23T08:00:09.333111+00:00
1275,3571758428,26.54,0.11,buy,False,2022-03-23T08:00:08.375701+00:00
1276,3571758427,26.54,0.11,buy,False,2022-03-23T08:00:08.326565+00:00
1277,3571758383,26.54,0.13,buy,False,2022-03-23T08:00:07.574869+00:00
1278,3571758360,26.54,0.13,buy,False,2022-03-23T08:00:07.268938+00:00
1279,3571758340,26.54,0.13,buy,False,2022-03-23T08:00:06.744251+00:00
1280,3571225938,26.32,0.85,sell,False,2022-03-23T05:18:06.521378+00:00
1281,3571225937,26.5,0.13,sell,False,2022-03-23T05:18:06.521378+00:00
1282,3568640750,26.79,0.12,buy,False,2022-03-22T19:47:31.079252+00:00
1283,3568624267,26.79,14.68,buy,False,2022-03-22T19:41:41.124504+00:00
1284,3568610977,26.79,8.09,buy,False,2022-03-22T19:37:05.197275+00:00
1285,3568610957,26.79,0.09,buy,False,2022-03-22T19:37:04.646741+00:00
1286,3568610815,26.79,0.11,buy,False,2022-03-22T19:37:02.622199+00:00
1287,3568610793,26.79,0.12,buy,False,2022-03-22T19:37:01.969921+00:00
1288,3568588104,26.78,0.06,buy,False,2022-03-22T19:29:47.058979+00:00
1289,3568588088,26.78,0.06,buy,False,2022-03-22T19:29:46.610337+00:00
1290,3568588059,26.78,0.07,buy,False,2022-03-22T19:29:46.011131+00:00
1291,3568588044,26.78,0.08,buy,False,2022-03-22T19:29:45.495995+00:00
1292,3568588033,26.78,0.09,buy,False,2022-03-22T19:29:44.950173+00:00
1293,3568588025,26.78,0.09,buy,False,2022-03-22T19:29:44.486900+00:00
1294,3568588003,26.78,0.11,buy,False,2022-03-22T19:29:43.985681+00:00
1295,3568587894,26.78,0.12,buy,False,2022-03-22T19:29:40.749208+00:00
1296,3568554140,26.82,0.09,buy,False,2022-03-22T19:19:05.317486+00:00
1297,3568553976,26.82,0.11,buy,False,2022-03-22T19:19:03.393107+00:00
1298,3568553811,26.82,0.12,buy,False,2022-03-22T19:19:00.117632+00:00
1299,3568553763,26.82,0.12,buy,False,2022-03-22T19:18:59.243673+00:00
1300,3568552570,26.86,0.09,buy,False,2022-03-22T19:18:40.590029+00:00
1301,3568552522,26.815,0.09,buy,False,2022-03-22T19:18:39.940757+00:00
1302,3568552485,26.815,0.11,buy,False,2022-03-22T19:18:39.328647+00:00
1303,3568552436,26.815,0.12,buy,False,2022-03-22T19:18:38.647246+00:00
1304,3568438333,26.74,0.12,buy,False,2022-03-22T18:45:51.739676+00:00
1305,3568357389,26.775,3.77,buy,False,2022-03-22T18:20:33.669612+00:00
1306,3568357373,26.775,4.19,buy,False,2022-03-22T18:20:32.969051+00:00
1307,3568350284,26.82,5.0,buy,False,2022-03-22T18:18:42.612314+00:00
1308,3568350189,26.785,5.55,buy,False,2022-03-22T18:18:40.830628+00:00
1309,3568350135,26.785,6.17,buy,False,2022-03-22T18:18:40.305989+00:00
1310,3568350113,26.785,6.86,buy,False,2022-03-22T18:18:39.674788+00:00
1311,3568129211,26.74,0.09,buy,False,2022-03-22T17:10:20.595615+00:00
1312,3568128030,26.74,4.18,buy,False,2022-03-22T17:10:02.983675+00:00
1313,3568127987,26.74,4.64,buy,False,2022-03-22T17:10:02.058030+00:00
1314,3568005577,26.71,0.13,sell,False,2022-03-22T16:42:50.698414+00:00
1315,3567954464,26.72,7.18,buy,False,2022-03-22T16:30:46.867632+00:00
1316,3567778806,26.785,0.09,buy,False,2022-03-22T15:56:39.062287+00:00
1317,3567742588,26.81,5.55,buy,False,2022-03-22T15:48:32.637930+00:00
1318,3567499875,26.91,0.13,sell,False,2022-03-22T14:58:31.801454+00:00
1319,3567453834,26.94,0.45,sell,False,2022-03-22T14:50:02.801961+00:00
1320,3567340502,27.16,0.01,buy,False,2022-03-22T14:34:51.762878+00:00
1321,3567340430,27.11,0.13,buy,False,2022-03-22T14:34:51.532610+00:00
1322,3566254669,26.91,0.01,buy,False,2022-03-22T11:08:17.246588+00:00
1323,3566254639,26.91,0.01,buy,False,2022-03-22T11:08:16.556228+00:00
1324,3566254628,26.91,0.01,buy,False,2022-03-22T11:08:15.957099+00:00
1325,3566254597,26.91,0.01,buy,False,2022-03-22T11:08:15.380400+00:00
1326,3566254565,26.91,0.01,buy,False,2022-03-22T11:08:14.706472+00:00
1327,3566164998,26.91,0.01,buy,False,2022-03-22T10:49:22.006934+00:00
1328,3566164951,26.91,0.01,buy,False,2022-03-22T10:49:21.458580+00:00
1329,3566164903,26.91,0.01,buy,False,2022-03-22T10:49:20.856937+00:00
1330,3566164852,26.91,0.01,buy,False,2022-03-22T10:49:20.182924+00:00
1331,3566164807,26.91,0.01,buy,False,2022-03-22T10:49:19.547886+00:00
1332,3566164596,26.91,0.01,buy,False,2022-03-22T10:49:18.928686+00:00
1333,3566164458,26.91,0.01,buy,False,2022-03-22T10:49:16.924802+00:00
1334,3566164370,26.91,0.01,buy,False,2022-03-22T10:49:16.225104+00:00
1335,3565632764,26.71,0.01,buy,False,2022-03-22T08:48:16.251683+00:00
1336,3565632733,26.71,0.01,buy,False,2022-03-22T08:48:15.598225+00:00
1337,3565632678,26.71,0.01,buy,False,2022-03-22T08:48:14.997396+00:00
1338,3565632618,26.71,0.01,buy,False,2022-03-22T08:48:14.422582+00:00
1339,3565632440,26.71,0.01,buy,False,2022-03-22T08:48:11.322735+00:00
1340,3565630945,26.71,0.01,buy,False,2022-03-22T08:47:56.095920+00:00
1341,3565630863,26.71,0.01,buy,False,2022-03-22T08:47:55.294930+00:00
1342,3565630606,26.71,0.01,buy,False,2022-03-22T08:47:52.120605+00:00
1343,3565630158,26.71,0.01,buy,False,2022-03-22T08:47:46.119314+00:00
1344,3565629978,26.71,0.01,buy,False,2022-03-22T08:47:44.667557+00:00
1345,3565629922,26.71,0.01,buy,False,2022-03-22T08:47:44.137662+00:00
1346,3565628690,26.71,0.01,buy,False,2022-03-22T08:47:34.111728+00:00
1347,3565628630,26.71,0.01,buy,False,2022-03-22T08:47:33.063721+00:00
1348,3565134244,26.545,0.08,buy,False,2022-03-22T07:00:43.223127+00:00
1349,3565133093,26.57,0.09,buy,False,2022-03-22T07:00:31.832537+00:00
1350,3565132984,26.545,0.1,buy,False,2022-03-22T07:00:30.593898+00:00
1351,3565132966,26.545,0.11,buy,False,2022-03-22T07:00:30.092890+00:00
1352,3565132937,26.545,0.12,buy,False,2022-03-22T07:00:29.428040+00:00
1353,3565132904,26.545,0.13,buy,False,2022-03-22T07:00:28.794479+00:00
1354,3565132633,26.545,0.15,buy,False,2022-03-22T07:00:26.557104+00:00
1355,3564155616,26.5,0.01,buy,False,2022-03-22T04:26:46.136578+00:00
1356,3564155561,26.5,0.01,buy,False,2022-03-22T04:26:45.760119+00:00
1357,3564155520,26.5,0.01,buy,False,2022-03-22T04:26:45.550018+00:00
1358,3564154734,26.5,0.01,buy,False,2022-03-22T04:26:42.483124+00:00
1359,3564154721,26.5,0.01,buy,False,2022-03-22T04:26:42.431980+00:00
1360,3564154616,26.5,0.01,buy,False,2022-03-22T04:26:42.047190+00:00
1361,3564154555,26.5,0.01,buy,False,2022-03-22T04:26:41.805403+00:00
1362,3564154443,26.5,0.01,buy,False,2022-03-22T04:26:41.359084+00:00
1363,3564154270,26.5,0.01,buy,False,2022-03-22T04:26:40.935485+00:00
1364,3564154256,26.5,0.01,buy,False,2022-03-22T04:26:40.887716+00:00
1365,3564149958,26.5,0.01,buy,False,2022-03-22T04:26:29.766046+00:00
1366,3564149912,26.5,0.01,buy,False,2022-03-22T04:26:29.686521+00:00
1367,3564149682,26.5,0.01,buy,False,2022-03-22T04:26:29.143302+00:00
1368,3563652510,26.3,0.01,buy,False,2022-03-22T03:10:15.366007+00:00
1369,3563651955,26.3,0.01,buy,False,2022-03-22T03:10:12.115125+00:00
1370,3563651644,26.3,0.01,buy,False,2022-03-22T03:10:08.890894+00:00
1371,3563647974,26.3,0.01,buy,False,2022-03-22T03:09:45.810006+00:00
1372,3563647892,26.3,0.01,buy,False,2022-03-22T03:09:45.317356+00:00
1373,3563647343,26.3,0.01,buy,False,2022-03-22T03:09:43.200947+00:00
1374,3563647254,26.3,0.01,buy,False,2022-03-22T03:09:42.661324+00:00
1375,3563647025,26.3,0.01,buy,False,2022-03-22T03:09:40.624779+00:00
1376,3563646929,26.3,0.01,buy,False,2022-03-22T03:09:40.103390+00:00
1377,3563644462,26.3,0.01,buy,False,2022-03-22T03:09:25.063561+00:00
1378,3563644277,26.3,0.01,buy,False,2022-03-22T03:09:23.218768+00:00
1379,3563644222,26.3,0.01,buy,False,2022-03-22T03:09:22.703491+00:00
1380,3563643902,26.3,0.01,buy,False,2022-03-22T03:09:20.698067+00:00
1381,3563179125,26.1,0.01,buy,False,2022-03-22T02:03:53.121185+00:00
1382,3563178911,26.1,0.01,buy,False,2022-03-22T02:03:52.614257+00:00
1383,3563178727,26.1,0.01,buy,False,2022-03-22T02:03:51.934562+00:00
1384,3563178550,26.1,0.01,buy,False,2022-03-22T02:03:51.440970+00:00
1385,3563178379,26.1,0.01,buy,False,2022-03-22T02:03:50.883396+00:00
1386,3563178231,26.1,0.01,buy,False,2022-03-22T02:03:50.411702+00:00
1387,3563178080,26.1,0.01,buy,False,2022-03-22T02:03:50.177423+00:00
1388,3563177956,26.1,0.01,buy,False,2022-03-22T02:03:49.879051+00:00
1389,3563177735,26.1,0.01,buy,False,2022-03-22T02:03:49.411559+00:00
1390,3563177639,26.1,0.01,buy,False,2022-03-22T02:03:49.258420+00:00
1391,3563177370,26.1,0.01,buy,False,2022-03-22T02:03:48.425601+00:00
1392,3563177179,26.1,0.01,buy,False,2022-03-22T02:03:47.736308+00:00
1393,3563173601,26.1,0.01,buy,False,2022-03-22T02:03:38.755468+00:00
1394,3562258782,25.89,0.13,buy,False,2022-03-21T22:01:26.558635+00:00
1395,3559950274,25.69,0.13,sell,False,2022-03-21T14:09:27.287929+00:00
1396,3558269316,25.77,0.22,sell,False,2022-03-21T08:01:11.324957+00:00
1397,3558260487,25.89,0.13,sell,False,2022-03-21T08:00:02.282318+00:00
1398,3558260469,26.1,0.13,sell,False,2022-03-21T08:00:02.154633+00:00
1399,3544438277,26.3,0.13,sell,False,2022-03-18T21:03:44.956858+00:00
1400,3544152175,26.5,0.13,buy,False,2022-03-18T20:02:14.456459+00:00
1401,3543562516,26.3,0.13,buy,False,2022-03-18T18:04:58.273357+00:00
1402,3543130861,26.1,0.13,buy,False,2022-03-18T17:01:19.418901+00:00
1403,3542853363,25.89,0.13,buy,False,2022-03-18T16:28:20.820316+00:00
1404,3542487493,25.69,0.13,buy,False,2022-03-18T15:44:28.059295+00:00
1405,3542078170,25.495,0.2,buy,False,2022-03-18T14:43:01.515177+00:00
1406,3541759996,25.49,0.13,buy,False,2022-03-18T13:59:13.776039+00:00
1407,3541104384,25.28,0.13,sell,False,2022-03-18T11:31:08.141862+00:00
1408,3540065696,25.49,0.13,sell,False,2022-03-18T08:00:51.482723+00:00
1409,3534109646,25.69,0.13,sell,False,2022-03-17T08:00:11.838263+00:00
1410,3531397757,25.89,0.13,buy,False,2022-03-16T20:12:34.611799+00:00
1411,3531341154,25.69,0.13,buy,False,2022-03-16T20:07:05.785770+00:00
