,id,price,size,side,liquidation,time
0,5393450698,2.979,42.2,buy,False,2022-11-09T20:01:02.964005+00:00
1,5393450697,2.978,28.5,buy,False,2022-11-09T20:01:02.964005+00:00
2,5393450696,2.913,19.7,buy,False,2022-11-09T20:01:02.964005+00:00
3,5393450695,2.874,18.2,buy,False,2022-11-09T20:01:02.964005+00:00
4,5393450694,2.846,18.4,buy,False,2022-11-09T20:01:02.964005+00:00
5,5388239104,2.721,21.2,sell,False,2022-11-09T13:53:22.198372+00:00
6,5388075570,2.721,2.6,sell,True,2022-11-09T13:37:38.536777+00:00
7,5384932463,2.79,1.0,buy,True,2022-11-09T10:11:20.090618+00:00
8,5377861881,2.733,24.2,sell,False,2022-11-09T00:39:41.956641+00:00
9,5377861880,2.734,29.5,sell,False,2022-11-09T00:39:41.956641+00:00
10,5377181091,2.665,1.9,sell,True,2022-11-08T23:43:27.263979+00:00
11,5377136859,2.668,4.9,sell,True,2022-11-08T23:40:33.719819+00:00
12,5377128887,2.678,4.1,sell,True,2022-11-08T23:40:08.522789+00:00
13,5377128886,2.678,4.1,sell,True,2022-11-08T23:40:08.522789+00:00
14,5376670588,2.801,15.0,buy,False,2022-11-08T23:08:06.230079+00:00
15,5376336733,2.801,10.2,buy,False,2022-11-08T22:43:28.835072+00:00
16,5376317398,2.801,30.0,buy,False,2022-11-08T22:41:38.881577+00:00
17,5376316764,2.801,10.5,buy,False,2022-11-08T22:41:35.044972+00:00
18,5376294003,2.801,4.2,buy,False,2022-11-08T22:39:58.741088+00:00
19,5376294002,2.8,6.5,buy,False,2022-11-08T22:39:58.741088+00:00
20,5376279000,2.8,10.9,buy,False,2022-11-08T22:38:28.608305+00:00
21,5376260118,2.8,11.4,buy,False,2022-11-08T22:36:46.452245+00:00
22,5376144105,2.711,4.1,sell,False,2022-11-08T22:26:05.213534+00:00
23,5376144061,2.711,6.9,sell,False,2022-11-08T22:26:04.807931+00:00
24,5376133990,2.711,7.0,sell,False,2022-11-08T22:25:06.908187+00:00
25,5376133578,2.711,7.0,sell,False,2022-11-08T22:25:04.555032+00:00
26,5376122047,2.711,7.0,sell,False,2022-11-08T22:24:05.745565+00:00
27,5376121636,2.711,7.0,sell,False,2022-11-08T22:24:03.933959+00:00
28,5376110127,2.711,7.0,sell,False,2022-11-08T22:23:04.095078+00:00
29,5376109884,2.711,7.0,sell,False,2022-11-08T22:23:02.592865+00:00
30,5376100036,2.711,7.0,sell,False,2022-11-08T22:22:03.008793+00:00
31,5376099928,2.711,7.0,sell,False,2022-11-08T22:22:02.256094+00:00
32,5376089024,2.711,7.0,sell,False,2022-11-08T22:21:02.350648+00:00
33,5376088980,2.711,7.0,sell,False,2022-11-08T22:21:02.021088+00:00
34,5376069508,2.71,4.0,sell,False,2022-11-08T22:19:36.086633+00:00
35,5376061857,2.71,7.0,sell,False,2022-11-08T22:19:11.201556+00:00
36,5376061778,2.71,7.0,sell,False,2022-11-08T22:19:10.656725+00:00
37,5376049500,2.71,5.2,sell,False,2022-11-08T22:18:10.849637+00:00
38,5376049161,2.71,5.2,sell,False,2022-11-08T22:18:08.814959+00:00
39,5376044214,2.71,26.0,sell,False,2022-11-08T22:17:42.654207+00:00
40,5376037594,2.71,4.0,sell,False,2022-11-08T22:17:08.899758+00:00
41,5376037492,2.71,4.0,sell,False,2022-11-08T22:17:08.441878+00:00
42,5375981624,2.71,1.0,sell,False,2022-11-08T22:12:51.798056+00:00
43,5375842638,2.71,0.1,sell,False,2022-11-08T22:03:41.384223+00:00
44,5375838231,2.71,0.1,sell,False,2022-11-08T22:03:22.285646+00:00
45,5375834711,2.71,0.1,sell,False,2022-11-08T22:03:09.749217+00:00
46,5375832917,2.71,0.1,sell,False,2022-11-08T22:03:03.817748+00:00
47,5375831577,2.71,0.1,sell,False,2022-11-08T22:02:57.679852+00:00
48,5375827645,2.71,0.1,sell,False,2022-11-08T22:02:45.870707+00:00
49,5375817462,2.71,0.1,sell,False,2022-11-08T22:02:12.581710+00:00
50,5375810988,2.71,0.1,sell,False,2022-11-08T22:01:48.196293+00:00
51,5375808041,2.71,0.1,sell,False,2022-11-08T22:01:34.916208+00:00
52,5375803723,2.71,0.1,sell,False,2022-11-08T22:01:21.129239+00:00
53,5375796111,2.71,0.1,sell,False,2022-11-08T22:00:59.815204+00:00
54,5375792072,2.71,0.1,sell,False,2022-11-08T22:00:47.031255+00:00
55,5375784708,2.71,0.1,sell,False,2022-11-08T22:00:16.410579+00:00
56,5375776988,2.71,0.1,sell,False,2022-11-08T21:59:48.420754+00:00
57,5375764821,2.71,0.1,sell,False,2022-11-08T21:58:59.971747+00:00
58,5375746568,2.71,0.1,sell,False,2022-11-08T21:58:01.474617+00:00
59,5375716018,2.71,0.1,sell,False,2022-11-08T21:56:08.155836+00:00
60,5375700776,2.71,0.1,sell,False,2022-11-08T21:55:17.640924+00:00
61,5375690128,2.711,0.1,sell,False,2022-11-08T21:54:37.599677+00:00
62,5375675468,2.711,0.1,sell,False,2022-11-08T21:53:47.339197+00:00
63,5375669798,2.711,0.1,sell,False,2022-11-08T21:53:26.078465+00:00
64,5375662285,2.711,0.1,sell,False,2022-11-08T21:52:57.933677+00:00
65,5375659138,2.711,0.1,sell,False,2022-11-08T21:52:48.329803+00:00
66,5375654533,2.711,0.1,sell,False,2022-11-08T21:52:31.899832+00:00
67,5375642746,2.711,0.1,sell,False,2022-11-08T21:51:57.588633+00:00
68,5375619427,2.711,0.1,sell,False,2022-11-08T21:50:59.144920+00:00
69,5375617742,2.711,0.1,sell,False,2022-11-08T21:50:52.757877+00:00
70,5375610993,2.711,0.1,sell,False,2022-11-08T21:50:33.146433+00:00
71,5375602599,2.711,0.1,sell,False,2022-11-08T21:50:02.267706+00:00
72,5375573171,2.711,0.1,sell,False,2022-11-08T21:48:05.362132+00:00
73,5375563769,2.711,0.1,sell,False,2022-11-08T21:47:28.843680+00:00
74,5375554937,2.711,0.1,sell,False,2022-11-08T21:46:58.000460+00:00
75,5375549108,2.711,0.1,sell,False,2022-11-08T21:46:37.585667+00:00
76,5375541077,2.711,0.1,sell,False,2022-11-08T21:46:10.108241+00:00
77,5375527674,2.711,0.1,sell,False,2022-11-08T21:45:33.700971+00:00
78,5375517375,2.711,0.1,sell,False,2022-11-08T21:45:04.952659+00:00
79,5375506941,2.711,0.1,sell,False,2022-11-08T21:44:30.605689+00:00
80,5375496554,2.711,0.1,sell,False,2022-11-08T21:43:56.908913+00:00
81,5375477845,2.711,0.1,sell,False,2022-11-08T21:42:50.885249+00:00
82,5375448287,2.711,0.1,sell,False,2022-11-08T21:41:26.591130+00:00
83,5375434118,2.711,0.1,sell,False,2022-11-08T21:40:34.027638+00:00
84,5375426402,2.711,19.3,sell,False,2022-11-08T21:40:05.493949+00:00
85,5375426401,2.711,1.6,sell,False,2022-11-08T21:40:05.493949+00:00
86,5375424635,2.711,0.1,sell,False,2022-11-08T21:40:01.786829+00:00
87,5375411798,2.711,0.1,sell,False,2022-11-08T21:39:19.666360+00:00
88,5375406580,2.799,4.2,buy,False,2022-11-08T21:38:55.900975+00:00
89,5375406579,2.799,11.4,buy,False,2022-11-08T21:38:55.900975+00:00
90,5375406578,2.799,0.3,buy,False,2022-11-08T21:38:55.900975+00:00
91,5375406577,2.799,1.4,buy,False,2022-11-08T21:38:55.900975+00:00
92,5375406576,2.799,2.8,buy,False,2022-11-08T21:38:55.900975+00:00
93,5375406575,2.799,0.8,buy,False,2022-11-08T21:38:55.900975+00:00
94,5375406461,2.711,1.0,sell,False,2022-11-08T21:38:55.321681+00:00
95,5375406093,2.711,2.8,sell,False,2022-11-08T21:38:53.319027+00:00
96,5375405758,2.711,0.1,sell,False,2022-11-08T21:38:51.517456+00:00
97,5375393146,2.711,5.7,sell,False,2022-11-08T21:37:52.063069+00:00
98,5375392817,2.711,10.3,sell,False,2022-11-08T21:37:50.403663+00:00
99,5375392816,2.711,1.1,sell,False,2022-11-08T21:37:50.403663+00:00
100,5375342826,2.799,4.7,buy,False,2022-11-08T21:34:52.628247+00:00
101,5375342825,2.799,11.0,buy,False,2022-11-08T21:34:52.628247+00:00
102,5375342824,2.799,5.3,buy,False,2022-11-08T21:34:52.628247+00:00
103,5375342685,2.711,0.3,sell,False,2022-11-08T21:34:52.177298+00:00
104,5375329415,2.711,1.4,sell,False,2022-11-08T21:33:52.399374+00:00
105,5375329151,2.711,2.8,sell,False,2022-11-08T21:33:50.895281+00:00
106,5375315788,2.711,5.5,sell,False,2022-11-08T21:32:51.268834+00:00
107,5375315568,2.711,11.0,sell,False,2022-11-08T21:32:49.659246+00:00
108,5375238727,2.799,21.0,buy,False,2022-11-08T21:28:01.173662+00:00
109,5375238683,2.721,1.3,sell,False,2022-11-08T21:28:00.732089+00:00
110,5375238490,2.721,19.7,sell,False,2022-11-08T21:27:59.237878+00:00
111,5375238362,2.799,0.4,buy,False,2022-11-08T21:27:58.057730+00:00
112,5375222739,2.721,0.1,sell,False,2022-11-08T21:27:00.436276+00:00
113,5375222434,2.721,0.1,sell,False,2022-11-08T21:26:58.415953+00:00
114,5375205755,2.721,0.1,sell,False,2022-11-08T21:25:57.741712+00:00
115,5375205559,2.721,0.1,sell,False,2022-11-08T21:25:56.421219+00:00
116,5375114513,2.721,98.0,sell,False,2022-11-08T21:20:23.889700+00:00
117,5371806184,2.701,1.0,sell,True,2022-11-08T19:24:35.747222+00:00
118,5371164387,2.69,152.3,buy,False,2022-11-08T19:05:04.580643+00:00
119,5370980947,2.697,4.1,sell,False,2022-11-08T18:58:56.079333+00:00
120,5370980946,2.708,4.0,sell,False,2022-11-08T18:58:56.079333+00:00
121,5370980945,2.708,4.0,sell,False,2022-11-08T18:58:56.079333+00:00
122,5370980944,2.708,4.7,sell,False,2022-11-08T18:58:56.079333+00:00
123,5370570825,2.709,10.4,sell,False,2022-11-08T18:45:40.182343+00:00
124,5367868252,2.764,99.0,sell,False,2022-11-08T17:34:38.013117+00:00
125,5367780128,2.764,599.9,sell,False,2022-11-08T17:31:13.934590+00:00
126,5367711755,2.764,96.3,sell,False,2022-11-08T17:28:37.939087+00:00
127,5363799222,2.728,3.9,sell,False,2022-11-08T14:56:53.690579+00:00
128,5363789081,2.738,3.8,sell,False,2022-11-08T14:56:16.367798+00:00
129,5363789080,2.738,3.8,sell,False,2022-11-08T14:56:16.367798+00:00
130,5363789079,2.746,4.5,sell,False,2022-11-08T14:56:16.367798+00:00
131,5363322283,2.758,3.8,sell,False,2022-11-08T14:35:29.766062+00:00
132,5349358879,2.767,2.6,sell,False,2022-11-07T19:43:02.940356+00:00
133,5349358835,2.767,5.1,sell,False,2022-11-07T19:43:02.410305+00:00
134,5349358726,2.767,5.7,sell,False,2022-11-07T19:43:01.873275+00:00
135,5349358654,2.767,4.8,sell,False,2022-11-07T19:43:01.345165+00:00
136,5349358491,2.767,4.4,sell,False,2022-11-07T19:43:00.804269+00:00
137,5349358449,2.767,4.9,sell,False,2022-11-07T19:43:00.270994+00:00
138,5349358422,2.767,4.0,sell,False,2022-11-07T19:42:59.738868+00:00
139,5349358389,2.767,4.2,sell,False,2022-11-07T19:42:59.201169+00:00
140,5349358365,2.767,1.1,sell,False,2022-11-07T19:42:58.663414+00:00
141,5349358364,2.767,3.3,sell,False,2022-11-07T19:42:58.663414+00:00
142,5349358319,2.767,0.4,sell,False,2022-11-07T19:42:58.119652+00:00
143,5349358318,2.767,3.7,sell,False,2022-11-07T19:42:58.119652+00:00
144,5348005333,2.799,3.6,sell,False,2022-11-07T16:37:27.646710+00:00
145,5348005301,2.799,6.2,sell,False,2022-11-07T16:37:27.113134+00:00
146,5348005236,2.799,5.9,sell,False,2022-11-07T16:37:26.578958+00:00
147,5348005184,2.799,5.6,sell,False,2022-11-07T16:37:26.038146+00:00
148,5348005136,2.799,5.6,sell,False,2022-11-07T16:37:25.501752+00:00
149,5348005090,2.799,5.0,sell,False,2022-11-07T16:37:24.971006+00:00
150,5348005031,2.799,5.0,sell,False,2022-11-07T16:37:24.442719+00:00
151,5348004942,2.799,4.8,sell,False,2022-11-07T16:37:23.905509+00:00
152,5348004904,2.799,4.4,sell,False,2022-11-07T16:37:23.366066+00:00
153,5348004842,2.799,4.9,sell,False,2022-11-07T16:37:22.807209+00:00
154,5348004639,2.799,4.1,sell,False,2022-11-07T16:37:22.266727+00:00
155,5348004576,2.799,4.1,sell,False,2022-11-07T16:37:21.728114+00:00
156,5348004543,2.799,4.5,sell,False,2022-11-07T16:37:21.203215+00:00
157,5348004486,2.799,3.9,sell,False,2022-11-07T16:37:20.664449+00:00
158,5348004417,2.799,3.8,sell,False,2022-11-07T16:37:19.688227+00:00
159,5347712231,2.831,7.1,buy,False,2022-11-07T16:07:23.865480+00:00
160,5347062955,2.802,5.1,sell,False,2022-11-07T15:11:17.066719+00:00
161,5347062920,2.802,6.4,sell,False,2022-11-07T15:11:16.525636+00:00
162,5347062839,2.802,7.4,sell,False,2022-11-07T15:11:15.993137+00:00
163,5347062766,2.802,5.6,sell,False,2022-11-07T15:11:15.459291+00:00
164,5347062661,2.802,7.2,sell,False,2022-11-07T15:11:14.846869+00:00
165,5347062586,2.802,5.6,sell,False,2022-11-07T15:11:14.259674+00:00
166,5347062458,2.802,5.3,sell,False,2022-11-07T15:11:13.691738+00:00
167,5347062365,2.802,6.5,sell,False,2022-11-07T15:11:13.152081+00:00
168,5347061995,2.802,4.9,sell,False,2022-11-07T15:11:12.608106+00:00
169,5347061967,2.802,4.9,sell,False,2022-11-07T15:11:12.074351+00:00
170,5347061906,2.802,6.8,sell,False,2022-11-07T15:11:11.537661+00:00
171,5347061835,2.802,5.6,sell,False,2022-11-07T15:11:10.997782+00:00
172,5346812933,2.794,3.6,buy,False,2022-11-07T14:47:25.953211+00:00
173,5346790443,2.787,3.6,sell,False,2022-11-07T14:45:02.099714+00:00
174,5346790442,2.787,3.6,sell,False,2022-11-07T14:45:02.099714+00:00
175,5346772997,2.794,3.6,buy,False,2022-11-07T14:43:08.902396+00:00
176,5346763217,2.814,3.6,buy,False,2022-11-07T14:42:09.041735+00:00
177,5346762317,2.814,3.6,buy,False,2022-11-07T14:42:04.237523+00:00
178,5346722232,2.783,4.3,sell,False,2022-11-07T14:38:59.676432+00:00
179,5346686186,2.819,4.2,sell,False,2022-11-07T14:36:36.082595+00:00
180,5346673301,2.854,4.0,sell,False,2022-11-07T14:35:42.120003+00:00
181,5346665145,2.888,3.8,sell,False,2022-11-07T14:35:05.835635+00:00
182,5346659821,2.921,3.7,sell,False,2022-11-07T14:34:34.927635+00:00
183,5346659820,2.922,0.3,sell,False,2022-11-07T14:34:34.927635+00:00
184,5314847466,3.061,4.3,sell,False,2022-11-04T13:51:17.936286+00:00
185,5314847355,3.061,4.5,sell,False,2022-11-04T13:51:17.358952+00:00
186,5314847219,3.061,5.6,sell,False,2022-11-04T13:51:16.783835+00:00
187,5314847133,3.061,4.6,sell,False,2022-11-04T13:51:16.252374+00:00
188,5314619274,3.105,2.2,buy,False,2022-11-04T13:31:35.428706+00:00
189,5314618940,3.105,4.1,buy,False,2022-11-04T13:31:34.897803+00:00
190,5311602450,3.105,3.5,buy,False,2022-11-04T08:33:20.925364+00:00
191,5311602449,3.087,95.5,buy,False,2022-11-04T08:33:20.925364+00:00
192,5303204006,3.001,6.7,buy,False,2022-11-03T13:41:33.060805+00:00
193,5303167845,2.982,19.8,buy,False,2022-11-03T13:37:39.702265+00:00
194,5303083629,2.953,3.5,sell,False,2022-11-03T13:30:09.740818+00:00
195,5303083628,2.953,3.5,sell,False,2022-11-03T13:30:09.740818+00:00
196,5302103873,2.954,1.1,sell,False,2022-11-03T11:37:54.702033+00:00
197,5302103872,2.954,3.4,sell,False,2022-11-03T11:37:54.702033+00:00
198,5300658522,2.984,3.4,sell,False,2022-11-03T08:00:01.847605+00:00
199,5300658521,2.984,3.4,sell,False,2022-11-03T08:00:01.847605+00:00
200,5297626343,3.013,3.4,buy,False,2022-11-02T23:46:11.941783+00:00
201,5297624189,3.013,3.4,buy,False,2022-11-02T23:45:40.179033+00:00
202,5297592006,2.976,6.1,sell,False,2022-11-02T23:38:42.659872+00:00
203,5297592005,2.982,23.4,sell,False,2022-11-02T23:38:42.659872+00:00
204,5295866470,2.983,3.4,buy,False,2022-11-02T19:39:58.159524+00:00
205,5292526752,3.034,300.0,buy,False,2022-11-02T15:49:26.052263+00:00
206,5291889375,3.119,0.2,sell,False,2022-11-02T13:43:27.435127+00:00
207,5276818065,3.295,73.6,sell,False,2022-10-31T20:21:50.523874+00:00
208,5276818064,3.296,26.4,sell,False,2022-10-31T20:21:50.523874+00:00
209,5275857783,3.28,8.6,sell,False,2022-10-31T17:41:24.072809+00:00
210,5275857733,3.28,10.7,sell,False,2022-10-31T17:41:23.544472+00:00
211,5275857647,3.28,12.0,sell,False,2022-10-31T17:41:23.014924+00:00
212,5275857519,3.28,11.6,sell,False,2022-10-31T17:41:22.482573+00:00
213,5275857466,3.28,11.7,sell,False,2022-10-31T17:41:21.919487+00:00
214,5275857431,3.28,11.1,sell,False,2022-10-31T17:41:21.386007+00:00
215,5275857372,3.28,10.6,sell,False,2022-10-31T17:41:20.847758+00:00
216,5275857325,3.28,9.7,sell,False,2022-10-31T17:41:20.311683+00:00
217,5275857281,3.28,10.8,sell,False,2022-10-31T17:41:19.772676+00:00
218,5275857256,3.28,10.0,sell,False,2022-10-31T17:41:19.238075+00:00
219,5275857225,3.28,10.6,sell,False,2022-10-31T17:41:18.708331+00:00
220,5275857167,3.28,8.4,sell,False,2022-10-31T17:41:18.181329+00:00
221,5275857071,3.28,8.2,sell,False,2022-10-31T17:41:17.639507+00:00
222,5275857000,3.28,8.0,sell,False,2022-10-31T17:41:17.106224+00:00
223,5275856964,3.28,8.7,sell,False,2022-10-31T17:41:16.576877+00:00
224,5275856947,3.28,9.0,sell,False,2022-10-31T17:41:16.025696+00:00
225,5275856909,3.28,10.4,sell,False,2022-10-31T17:41:15.495137+00:00
226,5275856875,3.28,9.3,sell,False,2022-10-31T17:41:14.955466+00:00
227,5275856844,3.28,9.2,sell,False,2022-10-31T17:41:14.421540+00:00
228,5275856804,3.28,9.7,sell,False,2022-10-31T17:41:13.881416+00:00
229,5275856721,3.28,10.6,sell,False,2022-10-31T17:41:13.337475+00:00
230,5275856636,3.28,9.5,sell,False,2022-10-31T17:41:12.804711+00:00
231,5275856599,3.28,9.6,sell,False,2022-10-31T17:41:12.197686+00:00
232,5275856573,3.28,8.3,sell,False,2022-10-31T17:41:11.661328+00:00
233,5275856524,3.28,7.4,sell,False,2022-10-31T17:41:11.118244+00:00
234,5275856449,3.28,8.6,sell,False,2022-10-31T17:41:10.585898+00:00
235,5275856403,3.28,7.8,sell,False,2022-10-31T17:41:10.054950+00:00
236,5275856281,3.28,8.1,sell,False,2022-10-31T17:41:09.462724+00:00
237,5275856238,3.28,8.3,sell,False,2022-10-31T17:41:08.932270+00:00
238,5275856172,3.28,11.1,sell,False,2022-10-31T17:41:08.396086+00:00
239,5275856141,3.28,12.4,sell,False,2022-10-31T17:41:07.862603+00:00
240,5274864918,3.26,3.7,sell,False,2022-10-31T15:52:25.012552+00:00
241,5274864694,3.26,5.6,sell,False,2022-10-31T15:52:24.474305+00:00
242,5274864367,3.26,5.4,sell,False,2022-10-31T15:52:23.914431+00:00
243,5274864210,3.26,6.7,sell,False,2022-10-31T15:52:23.327674+00:00
244,5274688116,3.281,5.2,buy,False,2022-10-31T15:27:54.843289+00:00
245,5274686234,3.282,0.4,buy,False,2022-10-31T15:27:40.513959+00:00
246,5274685543,3.284,5.4,buy,False,2022-10-31T15:27:35.605355+00:00
247,5274685471,3.284,7.9,buy,False,2022-10-31T15:27:35.073925+00:00
248,5274685470,3.282,0.6,buy,False,2022-10-31T15:27:35.073925+00:00
249,5274630172,3.13,3.9,buy,False,2022-10-31T15:20:17.708107+00:00
250,5273166566,3.099,4.5,buy,False,2022-10-31T13:42:48.198668+00:00
251,5273143967,3.09,3.6,sell,False,2022-10-31T13:40:38.745823+00:00
252,5273143779,3.09,7.1,sell,False,2022-10-31T13:40:38.202892+00:00
253,5273143728,3.09,9.3,sell,False,2022-10-31T13:40:37.668083+00:00
254,5270831272,3.091,3.5,sell,False,2022-10-31T08:53:59.308147+00:00
255,5270831164,3.091,3.7,sell,False,2022-10-31T08:53:58.776406+00:00
256,5270827641,3.091,3.7,sell,False,2022-10-31T08:53:00.259626+00:00
257,5270826984,3.091,3.9,sell,False,2022-10-31T08:52:54.025055+00:00
258,5270826925,3.091,3.8,sell,False,2022-10-31T08:52:53.305168+00:00
259,5270826805,3.091,4.4,sell,False,2022-10-31T08:52:51.410673+00:00
260,5270807016,3.091,3.9,sell,False,2022-10-31T08:48:20.144900+00:00
261,5270706185,3.11,96.4,sell,False,2022-10-31T08:29:25.947235+00:00
262,5268498122,3.11,29.5,buy,False,2022-10-31T01:51:10.907394+00:00
263,5242408237,3.064,0.2,sell,False,2022-10-28T08:00:01.289916+00:00
264,5238492492,3.139,27.8,buy,False,2022-10-27T20:29:04.084968+00:00
265,5238459887,3.139,70.2,buy,False,2022-10-27T20:27:08.737705+00:00
266,5226152592,3.213,3.2,sell,False,2022-10-26T14:46:10.212995+00:00
267,5225224671,3.224,0.4,buy,False,2022-10-26T13:50:39.220033+00:00
268,5225224140,3.205,1.1,buy,False,2022-10-26T13:50:32.351015+00:00
269,5223176095,3.138,3.2,buy,False,2022-10-26T08:41:17.616510+00:00
270,5209936492,2.867,1.2,buy,False,2022-10-24T20:49:52.468071+00:00
271,5209936486,2.867,2.4,buy,False,2022-10-24T20:49:52.286455+00:00
272,5209914787,2.774,0.5,buy,False,2022-10-24T20:43:20.747446+00:00
273,5209914766,2.774,2.6,buy,False,2022-10-24T20:43:20.250429+00:00
274,5209914754,2.774,5.1,buy,False,2022-10-24T20:43:19.657239+00:00
275,5209914716,2.774,8.2,buy,False,2022-10-24T20:43:18.925165+00:00
276,5209914688,2.774,10.2,buy,False,2022-10-24T20:43:18.311285+00:00
277,5209914630,2.774,12.8,buy,False,2022-10-24T20:43:17.945120+00:00
278,5209914592,2.774,16.0,buy,False,2022-10-24T20:43:16.928581+00:00
279,5209914567,2.774,20.0,buy,False,2022-10-24T20:43:16.379160+00:00
280,5209900171,2.779,1.4,buy,False,2022-10-24T20:38:43.019778+00:00
281,5209900169,2.779,2.9,buy,False,2022-10-24T20:38:43.014995+00:00
282,5209900155,2.779,2.0,buy,False,2022-10-24T20:38:42.587155+00:00
283,5209900154,2.779,4.1,buy,False,2022-10-24T20:38:42.577525+00:00
284,5209899543,2.914,1.5,buy,False,2022-10-24T20:38:26.347286+00:00
285,5209899542,2.914,3.0,buy,False,2022-10-24T20:38:26.338135+00:00
286,5209899510,2.914,6.1,buy,False,2022-10-24T20:38:25.893309+00:00
287,5209899506,2.914,12.3,buy,False,2022-10-24T20:38:25.871505+00:00
288,5209899484,2.914,8.8,buy,False,2022-10-24T20:38:25.579874+00:00
289,5209899483,2.914,17.6,buy,False,2022-10-24T20:38:25.555510+00:00
290,5208357409,2.909,4.2,buy,False,2022-10-24T14:51:00.995473+00:00
291,5208357361,2.909,11.1,buy,False,2022-10-24T14:51:00.455033+00:00
292,5208357323,2.909,13.3,buy,False,2022-10-24T14:50:59.804510+00:00
293,5208131951,2.868,3.6,sell,False,2022-10-24T14:24:27.361737+00:00
294,5208131695,2.868,4.8,sell,False,2022-10-24T14:24:26.829357+00:00
295,5208131694,2.868,4.0,sell,False,2022-10-24T14:24:26.825778+00:00
296,5208131308,2.868,4.3,sell,False,2022-10-24T14:24:26.241477+00:00
297,5208131275,2.868,4.4,sell,False,2022-10-24T14:24:26.186638+00:00
298,5208130985,2.868,3.8,sell,False,2022-10-24T14:24:25.690975+00:00
299,5208130950,2.868,3.7,sell,False,2022-10-24T14:24:25.652313+00:00
300,5191966022,2.938,5.0,sell,False,2022-10-21T16:18:57.853919+00:00
301,5191965840,2.938,5.0,sell,False,2022-10-21T16:18:55.940537+00:00
302,5191964907,2.938,5.0,sell,False,2022-10-21T16:18:49.998783+00:00
303,5191964132,2.938,5.0,sell,False,2022-10-21T16:18:40.792042+00:00
304,5191963608,2.938,5.0,sell,False,2022-10-21T16:18:34.396296+00:00
305,5191962660,2.938,5.0,sell,False,2022-10-21T16:18:26.133448+00:00
306,5191961951,2.938,5.0,sell,False,2022-10-21T16:18:22.048751+00:00
307,5191959678,2.938,5.0,sell,False,2022-10-21T16:18:07.412307+00:00
308,5191832264,2.943,5.0,sell,False,2022-10-21T16:03:37.617718+00:00
309,5191823809,2.943,5.0,sell,False,2022-10-21T16:03:12.361369+00:00
310,5191819989,2.943,5.0,sell,False,2022-10-21T16:02:51.297688+00:00
311,5191777614,2.938,5.0,sell,False,2022-10-21T16:00:13.068000+00:00
312,5191772052,2.938,5.0,sell,False,2022-10-21T15:59:55.422282+00:00
313,5191760084,2.938,5.0,sell,False,2022-10-21T15:59:09.746660+00:00
314,5191738128,2.938,5.0,sell,False,2022-10-21T15:58:06.513749+00:00
315,5191736762,2.938,5.0,sell,False,2022-10-21T15:57:59.480028+00:00
316,5191735376,2.938,5.0,sell,False,2022-10-21T15:57:49.243030+00:00
317,5191727859,2.938,5.0,sell,False,2022-10-21T15:57:11.037996+00:00
318,5191726943,2.938,5.0,sell,False,2022-10-21T15:57:03.637572+00:00
319,5191725770,2.938,5.0,sell,False,2022-10-21T15:56:51.454181+00:00
320,5191723161,2.938,5.0,sell,False,2022-10-21T15:56:25.215567+00:00
321,5191718031,2.943,5.0,sell,False,2022-10-21T15:55:34.346413+00:00
322,5191677386,2.938,5.0,sell,False,2022-10-21T15:50:01.746968+00:00
323,5191672357,2.943,5.0,sell,False,2022-10-21T15:49:01.218204+00:00
324,5188416320,2.86,5.0,sell,False,2022-10-21T06:59:56.339552+00:00
325,5184296657,2.942,5.0,buy,False,2022-10-20T14:59:25.881530+00:00
326,5183921008,2.892,10.0,buy,False,2022-10-20T13:52:11.207748+00:00
327,5183896770,2.882,10.0,buy,False,2022-10-20T13:47:45.890039+00:00
328,5183895167,2.872,10.0,buy,False,2022-10-20T13:47:30.548258+00:00
329,5183893915,2.872,10.0,buy,False,2022-10-20T13:47:19.639855+00:00
330,5183799432,2.879,10.0,buy,False,2022-10-20T13:31:53.094109+00:00
331,5183778146,2.903,10.0,buy,False,2022-10-20T13:28:02.031966+00:00
332,5183777591,2.903,10.0,buy,False,2022-10-20T13:27:51.253566+00:00
333,5183776636,2.903,10.0,buy,False,2022-10-20T13:27:30.509977+00:00
334,5183775634,2.903,10.0,buy,False,2022-10-20T13:27:13.627542+00:00
335,5183774153,2.903,10.0,buy,False,2022-10-20T13:26:47.592597+00:00
336,5183772527,2.903,10.0,buy,False,2022-10-20T13:26:16.236857+00:00
337,5183770765,2.903,10.0,buy,False,2022-10-20T13:25:50.385900+00:00
338,5178138583,2.922,0.1,sell,False,2022-10-19T15:36:27.024008+00:00
339,5178138525,2.922,6.9,sell,False,2022-10-19T15:36:26.042434+00:00
340,5177651673,2.92,4.4,buy,False,2022-10-19T14:05:14.449587+00:00
341,5171825548,2.981,1.0,buy,False,2022-10-18T16:36:46.070466+00:00
342,5171825535,2.981,3.7,buy,False,2022-10-18T16:36:45.963279+00:00
343,5171825514,2.981,2.2,buy,False,2022-10-18T16:36:45.624442+00:00
344,5171825483,2.981,4.0,buy,False,2022-10-18T16:36:45.227755+00:00
345,5171825481,2.981,3.8,buy,False,2022-10-18T16:36:45.203482+00:00
346,5171825445,2.981,4.4,buy,False,2022-10-18T16:36:44.683367+00:00
347,5171271918,2.973,4.2,buy,False,2022-10-18T15:05:19.308264+00:00
348,5170614866,3.013,0.6,sell,False,2022-10-18T13:40:33.871950+00:00
349,5170614675,3.013,3.9,sell,False,2022-10-18T13:40:33.286487+00:00
350,5170614423,3.013,4.0,sell,False,2022-10-18T13:40:32.748944+00:00
351,5170591465,3.036,4.4,buy,False,2022-10-18T13:38:36.778503+00:00
352,5170591427,3.036,4.0,buy,False,2022-10-18T13:38:36.238765+00:00
353,5169967646,2.939,6.4,sell,False,2022-10-18T10:55:00.093678+00:00
354,5169967645,2.94,27.6,sell,False,2022-10-18T10:55:00.093678+00:00
355,5169417747,2.985,34.0,buy,False,2022-10-18T08:52:55.271629+00:00
356,5165872314,2.966,3.8,buy,False,2022-10-17T16:48:50.557581+00:00
357,5165872231,2.966,4.3,buy,False,2022-10-17T16:48:49.886530+00:00
358,5165872212,2.966,4.8,buy,False,2022-10-17T16:48:49.322544+00:00
359,5165872185,2.966,3.9,buy,False,2022-10-17T16:48:48.793130+00:00
360,5165515537,2.903,5.1,buy,False,2022-10-17T15:34:53.349371+00:00
361,5165515515,2.903,5.7,buy,False,2022-10-17T15:34:52.734462+00:00
362,5165072258,2.902,7.0,sell,False,2022-10-17T14:16:05.683436+00:00
363,5165023203,2.902,6.3,sell,False,2022-10-17T14:07:52.669765+00:00
364,5165023186,2.902,4.9,sell,False,2022-10-17T14:07:52.139728+00:00
365,5165023155,2.902,4.9,sell,False,2022-10-17T14:07:51.604910+00:00
366,5165023117,2.902,4.5,sell,False,2022-10-17T14:07:51.069368+00:00
367,5165015702,2.913,3.7,buy,False,2022-10-17T14:06:38.588292+00:00
368,5165015659,2.913,5.0,buy,False,2022-10-17T14:06:37.930552+00:00
369,5165015600,2.913,4.2,buy,False,2022-10-17T14:06:37.394870+00:00
370,5150401005,2.832,5.1,sell,False,2022-10-14T16:49:46.732537+00:00
371,5150400865,2.832,4.0,sell,False,2022-10-14T16:49:46.204560+00:00
372,5150400841,2.832,3.8,sell,False,2022-10-14T16:49:45.692067+00:00
373,5150259662,2.834,1.5,buy,False,2022-10-14T16:26:24.082105+00:00
374,5149808137,2.814,4.3,buy,False,2022-10-14T15:25:26.116161+00:00
375,5149608348,2.814,4.4,buy,False,2022-10-14T15:00:19.018026+00:00
376,5149505207,2.782,5.6,sell,False,2022-10-14T14:44:54.688805+00:00
377,5149505134,2.782,4.6,sell,False,2022-10-14T14:44:54.082462+00:00
378,5149350528,2.793,10.8,buy,False,2022-10-14T14:28:26.709608+00:00
379,5149350270,2.793,10.2,buy,False,2022-10-14T14:28:26.182577+00:00
380,5149126469,2.832,3.9,sell,False,2022-10-14T14:11:23.478823+00:00
381,5149126339,2.832,4.2,sell,False,2022-10-14T14:11:21.987077+00:00
382,5149126240,2.832,4.5,sell,False,2022-10-14T14:11:21.344484+00:00
383,5149110115,2.844,4.1,buy,False,2022-10-14T14:09:05.627895+00:00
384,5149110051,2.844,4.5,buy,False,2022-10-14T14:09:05.107086+00:00
385,5148900711,2.852,4.4,sell,False,2022-10-14T13:48:09.042878+00:00
386,5148855800,2.872,4.1,sell,False,2022-10-14T13:43:13.968842+00:00
387,5148855762,2.872,4.3,sell,False,2022-10-14T13:43:13.445153+00:00
388,5148855745,2.872,4.2,sell,False,2022-10-14T13:43:12.862018+00:00
389,5141481260,2.803,1.6,buy,False,2022-10-13T15:08:42.466585+00:00
390,5141480960,2.803,4.3,buy,False,2022-10-13T15:08:41.914938+00:00
391,5141480849,2.803,5.1,buy,False,2022-10-13T15:08:41.381712+00:00
392,5141480746,2.803,4.9,buy,False,2022-10-13T15:08:40.681442+00:00
393,5141480704,2.803,5.1,buy,False,2022-10-13T15:08:40.152861+00:00
394,5141480622,2.803,5.3,buy,False,2022-10-13T15:08:39.614416+00:00
395,5141480552,2.803,4.8,buy,False,2022-10-13T15:08:39.020615+00:00
396,5141454496,2.784,3.8,buy,False,2022-10-13T15:06:27.173275+00:00
397,5141454453,2.784,4.4,buy,False,2022-10-13T15:06:26.634033+00:00
398,5141454395,2.784,4.6,buy,False,2022-10-13T15:06:25.953898+00:00
399,5141231172,2.761,3.9,sell,False,2022-10-13T14:35:59.862562+00:00
400,5141231136,2.761,4.5,sell,False,2022-10-13T14:35:58.916390+00:00
401,5141231094,2.761,4.4,sell,False,2022-10-13T14:35:58.288579+00:00
402,5141188720,2.767,4.4,buy,False,2022-10-13T14:29:59.049707+00:00
403,5141176080,2.751,4.4,sell,False,2022-10-13T14:27:30.119986+00:00
404,5132660982,2.717,25.6,buy,False,2022-10-12T13:37:54.838276+00:00
405,5127095073,2.717,3.7,buy,False,2022-10-11T14:36:14.320074+00:00
406,5126836973,2.648,3.4,sell,False,2022-10-11T14:01:09.257988+00:00
407,5126836751,2.648,24.1,sell,False,2022-10-11T14:01:08.686794+00:00
408,5126634121,2.666,4.5,sell,False,2022-10-11T13:35:01.612955+00:00
409,5126621859,2.688,0.8,sell,False,2022-10-11T13:33:21.180004+00:00
410,5126621125,2.7,4.3,sell,False,2022-10-11T13:33:12.103395+00:00
411,5125518683,2.734,4.2,sell,False,2022-10-11T08:54:18.467695+00:00
412,5120664559,2.766,4.0,sell,False,2022-10-10T14:38:47.653351+00:00
413,5120378815,2.798,3.8,sell,False,2022-10-10T13:37:03.362618+00:00
414,5120343518,2.828,3.7,sell,False,2022-10-10T13:32:44.793830+00:00
415,5118860689,2.858,3.5,sell,False,2022-10-10T08:00:01.473665+00:00
416,5115759420,2.886,3.5,buy,False,2022-10-09T11:29:07.426723+00:00
417,5115749713,2.823,5.3,sell,False,2022-10-09T11:24:25.830381+00:00
418,5111933575,2.889,51.9,buy,False,2022-10-08T04:47:23.988351+00:00
419,5110569364,2.849,5.3,buy,False,2022-10-07T19:57:04.629414+00:00
420,5110527103,2.876,7.6,sell,False,2022-10-07T19:45:26.035728+00:00
421,5110486213,2.89,0.5,sell,False,2022-10-07T19:34:11.405156+00:00
422,5109146355,3.191,100.0,buy,False,2022-10-07T14:44:38.545022+00:00
423,5108810258,3.144,0.2,sell,False,2022-10-07T13:48:03.852080+00:00
424,5108745040,3.233,7.6,sell,False,2022-10-07T13:37:42.437486+00:00
425,5107476273,3.356,0.1,sell,False,2022-10-07T10:59:05.034450+00:00
426,5106965682,3.531,0.3,buy,False,2022-10-07T08:00:33.084192+00:00
427,5106965278,3.559,4.7,buy,False,2022-10-07T08:00:25.762392+00:00
428,5106965277,3.551,0.3,buy,False,2022-10-07T08:00:25.762392+00:00
429,5106965276,3.547,2.6,buy,False,2022-10-07T08:00:25.762392+00:00
430,5106965275,3.547,7.6,buy,False,2022-10-07T08:00:25.761900+00:00
431,5104617026,3.351,5.2,sell,False,2022-10-06T19:50:14.646698+00:00
432,5104616996,3.351,5.0,sell,False,2022-10-06T19:50:13.660851+00:00
433,5104555230,3.377,0.3,buy,False,2022-10-06T19:30:20.509530+00:00
434,5104554501,3.36,0.4,buy,False,2022-10-06T19:30:08.503585+00:00
435,5104544971,3.305,0.9,buy,False,2022-10-06T19:27:00.017530+00:00
436,5104544919,3.305,5.0,buy,False,2022-10-06T19:26:59.460965+00:00
437,5104544894,3.305,5.7,buy,False,2022-10-06T19:26:58.933007+00:00
438,5104544879,3.305,5.9,buy,False,2022-10-06T19:26:58.397361+00:00
439,5104543280,3.275,5.4,buy,False,2022-10-06T19:26:38.728792+00:00
440,5104525298,3.231,12.3,sell,False,2022-10-06T19:22:04.586620+00:00
441,5104525291,3.231,5.0,sell,False,2022-10-06T19:22:04.235673+00:00
442,5104525267,3.231,5.6,sell,False,2022-10-06T19:22:03.679944+00:00
443,5104515237,3.205,5.0,buy,False,2022-10-06T19:18:35.443766+00:00
444,5104515226,3.205,5.4,buy,False,2022-10-06T19:18:34.883517+00:00
445,5104511408,3.151,5.2,sell,False,2022-10-06T19:17:19.454395+00:00
446,5104511394,3.151,5.2,sell,False,2022-10-06T19:17:18.947951+00:00
447,5104499977,3.196,0.4,buy,False,2022-10-06T19:14:45.994086+00:00
448,5104499580,3.181,0.9,buy,False,2022-10-06T19:14:41.356354+00:00
449,5104461727,2.984,10.1,buy,False,2022-10-06T19:04:18.131667+00:00
450,5104461716,2.984,9.4,buy,False,2022-10-06T19:04:18.003418+00:00
451,5104457881,2.944,5.2,buy,False,2022-10-06T19:03:09.341254+00:00
452,5104454260,2.931,1.5,sell,False,2022-10-06T19:02:22.737784+00:00
453,5104454175,2.931,7.4,sell,False,2022-10-06T19:02:22.117900+00:00
454,5104454123,2.931,7.3,sell,False,2022-10-06T19:02:21.602459+00:00
455,5104450391,2.951,3.8,sell,False,2022-10-06T19:01:48.394202+00:00
456,5104450374,2.951,4.2,sell,False,2022-10-06T19:01:47.861948+00:00
457,5094401098,3.001,0.5,buy,False,2022-10-05T06:22:09.482672+00:00
458,5094398927,3.001,1.0,buy,False,2022-10-05T06:21:24.798429+00:00
459,5092647347,2.99,0.5,sell,False,2022-10-04T21:31:14.180519+00:00
460,5090173783,3.037,12.7,buy,False,2022-10-04T13:35:31.995862+00:00
461,5090124502,2.986,6.7,buy,False,2022-10-04T13:30:07.176549+00:00
462,5088687793,2.958,6.8,buy,False,2022-10-04T08:00:18.765458+00:00
463,5084266538,2.801,3.6,sell,False,2022-10-03T13:35:02.359530+00:00
464,5084266537,2.801,3.6,sell,False,2022-10-03T13:35:02.359530+00:00
465,5074492619,2.834,0.1,buy,False,2022-10-01T09:11:16.674409+00:00
466,5071942565,2.833,12.0,buy,False,2022-09-30T19:20:58.375025+00:00
467,5071848684,2.829,3.6,buy,False,2022-09-30T19:00:08.582650+00:00
468,5071840680,2.829,3.6,buy,False,2022-09-30T18:57:36.846314+00:00
469,5071691789,2.851,11.9,sell,False,2022-09-30T18:18:52.757673+00:00
470,5071691766,2.851,11.8,sell,False,2022-09-30T18:18:52.219650+00:00
471,5068819106,2.913,1.0,sell,False,2022-09-30T11:33:08.834272+00:00
472,5056902843,3.017,13.6,buy,False,2022-09-28T15:20:03.264205+00:00
473,5056474645,2.985,7.1,buy,False,2022-09-28T14:26:26.475254+00:00
474,5056219396,2.984,12.8,buy,False,2022-09-28T13:50:50.226191+00:00
475,5054102498,2.899,12.6,sell,False,2022-09-28T08:13:53.359246+00:00
476,5048091602,2.883,12.4,buy,False,2022-09-27T15:49:30.685146+00:00
477,5048054392,2.861,12.6,sell,False,2022-09-27T15:43:33.210517+00:00
478,5047485748,2.883,12.7,buy,False,2022-09-27T14:11:14.628536+00:00
479,5047485653,2.883,11.3,buy,False,2022-09-27T14:11:13.990211+00:00
480,5047403212,2.892,7.3,sell,False,2022-09-27T14:00:48.853811+00:00
481,5047403122,2.892,16.7,sell,False,2022-09-27T14:00:48.303344+00:00
482,5047223242,2.873,12.1,buy,False,2022-09-27T13:36:37.216221+00:00
483,5047223094,2.873,12.1,buy,False,2022-09-27T13:36:36.566360+00:00
484,5040406324,2.942,12.0,sell,False,2022-09-26T14:31:48.417393+00:00
485,5040406182,2.942,12.2,sell,False,2022-09-26T14:31:47.888961+00:00
486,5040275417,2.985,12.8,buy,False,2022-09-26T14:14:46.134758+00:00
487,5040275369,2.985,12.3,buy,False,2022-09-26T14:14:45.568884+00:00
488,5040275110,2.985,12.9,buy,False,2022-09-26T14:14:44.097834+00:00
489,5040157918,2.968,13.9,buy,False,2022-09-26T13:59:33.203922+00:00
490,5040120082,2.94,14.1,buy,False,2022-09-26T13:53:58.058084+00:00
491,5039963634,2.912,11.5,buy,False,2022-09-26T13:35:21.446153+00:00
492,5038019500,2.887,11.5,sell,False,2022-09-26T08:47:29.794395+00:00
493,5038019442,2.888,15.5,sell,False,2022-09-26T08:47:29.263434+00:00
494,5034609200,2.863,7.0,sell,False,2022-09-25T21:54:20.660128+00:00
495,5034362248,2.889,7.0,buy,False,2022-09-25T21:01:41.955926+00:00
496,5022110539,2.833,13.3,buy,False,2022-09-23T17:17:36.532058+00:00
497,5022110514,2.833,11.7,buy,False,2022-09-23T17:17:35.969431+00:00
498,5021401818,2.83,12.5,sell,False,2022-09-23T15:29:21.913094+00:00
499,5021401652,2.83,12.5,sell,False,2022-09-23T15:29:21.271984+00:00
500,5020826398,2.782,8.3,buy,False,2022-09-23T14:11:09.503480+00:00
501,5020826326,2.782,17.1,buy,False,2022-09-23T14:11:08.796962+00:00
502,5020648442,2.771,11.9,sell,False,2022-09-23T13:58:40.392315+00:00
503,5020648283,2.771,13.5,sell,False,2022-09-23T13:58:39.820070+00:00
504,5020379281,2.781,3.9,sell,False,2022-09-23T13:35:01.758117+00:00
505,5020379280,2.781,3.9,sell,False,2022-09-23T13:35:01.758117+00:00
506,5020342073,2.801,3.8,sell,False,2022-09-23T13:30:43.979282+00:00
507,5020340655,2.812,3.7,sell,False,2022-09-23T13:30:35.055956+00:00
508,5020340654,2.812,3.7,sell,False,2022-09-23T13:30:35.055956+00:00
509,5020337089,2.831,3.7,sell,False,2022-09-23T13:30:15.699751+00:00
510,5019249519,2.841,3.6,sell,False,2022-09-23T10:50:47.583005+00:00
511,5019249518,2.841,3.6,sell,False,2022-09-23T10:50:47.583005+00:00
512,5018996321,2.847,5.2,sell,False,2022-09-23T09:57:14.431158+00:00
513,5018996257,2.847,13.3,sell,False,2022-09-23T09:57:13.861003+00:00
514,5014587996,2.869,3.5,buy,False,2022-09-22T19:31:09.850524+00:00
515,5014569656,2.861,3.5,sell,False,2022-09-22T19:27:40.856372+00:00
516,5014566974,2.869,3.5,buy,False,2022-09-22T19:27:07.190285+00:00
517,5013319363,2.889,3.5,buy,False,2022-09-22T15:46:36.654275+00:00
518,5013085733,2.903,0.3,sell,False,2022-09-22T15:04:47.731254+00:00
519,5012797954,2.933,10.5,buy,False,2022-09-22T14:17:22.666917+00:00
520,5012555028,2.933,13.5,buy,False,2022-09-22T13:46:38.072414+00:00
521,5012472079,2.946,24.0,sell,False,2022-09-22T13:39:02.051202+00:00
522,5008781655,2.963,11.9,sell,False,2022-09-22T00:55:46.986179+00:00
523,5002388050,3.02,5.2,sell,False,2022-09-21T13:44:23.629879+00:00
524,5002388049,3.02,13.6,sell,False,2022-09-21T13:44:23.629234+00:00
525,5002387969,3.02,75.2,sell,False,2022-09-21T13:44:23.208532+00:00
526,5002387968,3.02,75.2,sell,False,2022-09-21T13:44:23.208095+00:00
527,5002387934,3.02,125.2,sell,False,2022-09-21T13:44:22.736425+00:00
528,5002387926,3.02,125.2,sell,False,2022-09-21T13:44:22.608296+00:00
529,5002357917,3.002,12.5,buy,False,2022-09-21T13:39:04.670383+00:00
530,5002330863,2.993,26.3,buy,False,2022-09-21T13:35:03.556055+00:00
531,5002330846,2.993,26.3,buy,False,2022-09-21T13:35:03.448302+00:00
532,5002330816,2.993,32.9,buy,False,2022-09-21T13:35:03.198607+00:00
533,5002330801,2.993,32.9,buy,False,2022-09-21T13:35:03.119341+00:00
534,5002330740,2.993,60.7,buy,False,2022-09-21T13:35:02.540702+00:00
535,5002330727,2.993,60.7,buy,False,2022-09-21T13:35:02.465774+00:00
536,5002330616,2.993,77.0,buy,False,2022-09-21T13:35:02.036997+00:00
537,5002330601,2.993,85.4,buy,False,2022-09-21T13:35:01.971630+00:00
538,5002330568,2.993,8.7,buy,False,2022-09-21T13:35:01.429356+00:00
539,5002330564,2.993,8.7,buy,False,2022-09-21T13:35:01.401114+00:00
540,4996718968,3.031,12.5,sell,False,2022-09-20T17:05:16.222244+00:00
541,4996578714,3.039,14.8,buy,False,2022-09-20T16:38:10.570409+00:00
542,4989889205,3.044,31.4,sell,False,2022-09-19T18:24:14.782645+00:00
543,4989525452,3.032,3.3,buy,False,2022-09-19T17:18:17.292175+00:00
544,4988958340,2.999,3.4,buy,False,2022-09-19T15:32:08.443352+00:00
545,4963716697,3.175,31.4,buy,False,2022-09-15T22:26:19.689082+00:00
546,4950530703,3.092,3.2,buy,False,2022-09-14T12:28:16.079067+00:00
547,4950372323,3.058,3.3,buy,False,2022-09-14T12:05:37.660993+00:00
548,4946038138,3.098,0.2,sell,False,2022-09-13T22:03:17.010281+00:00
549,4935475339,3.26,0.4,buy,False,2022-09-12T19:18:20.362743+00:00
550,4924865419,3.184,0.2,sell,False,2022-09-11T12:27:14.014259+00:00
551,4909705955,3.058,10.0,buy,False,2022-09-09T08:25:12.304514+00:00
552,4909664900,3.058,13.2,buy,False,2022-09-09T08:16:45.094107+00:00
553,4905566513,3.053,23.2,sell,False,2022-09-08T18:16:04.356237+00:00
554,4905413498,3.084,2.1,buy,False,2022-09-08T17:45:10.079097+00:00
555,4905413467,3.084,11.3,buy,False,2022-09-08T17:45:09.454606+00:00
556,4905274937,3.054,2.1,buy,False,2022-09-08T17:17:23.301824+00:00
557,4905274374,3.054,11.4,buy,False,2022-09-08T17:17:17.388161+00:00
558,4888005523,2.89,3.7,sell,False,2022-09-06T13:38:56.323972+00:00
559,4888005522,2.89,3.7,sell,False,2022-09-06T13:38:56.323972+00:00
560,4860502057,2.921,3.6,sell,False,2022-09-01T14:36:05.486151+00:00
561,4860502056,2.921,3.6,sell,False,2022-09-01T14:36:05.486151+00:00
562,4853710993,3.019,6.7,buy,False,2022-08-31T14:21:14.049746+00:00
563,4853474002,2.952,3.4,sell,False,2022-08-31T13:44:07.282418+00:00
564,4853474001,2.952,3.4,sell,False,2022-08-31T13:44:07.282418+00:00
565,4853414957,2.972,3.4,sell,False,2022-08-31T13:35:07.707704+00:00
566,4852464938,2.989,13.6,sell,False,2022-08-31T10:38:27.094380+00:00
567,4846729267,2.981,3.4,buy,False,2022-08-30T16:20:41.042305+00:00
568,4846729266,2.981,3.4,buy,False,2022-08-30T16:20:41.008032+00:00
569,4846608344,3.001,3.4,buy,False,2022-08-30T16:02:08.559160+00:00
570,4841466007,3.196,0.9,buy,False,2022-08-29T21:16:07.313829+00:00
571,4839166201,3.173,1.5,buy,False,2022-08-29T13:38:15.514588+00:00
572,4839166136,3.173,20.9,buy,False,2022-08-29T13:38:14.914775+00:00
573,4839154972,3.163,9.9,sell,False,2022-08-29T13:37:19.690379+00:00
574,4839154870,3.163,12.5,sell,False,2022-08-29T13:37:19.132147+00:00
575,4839128258,3.162,5.5,buy,False,2022-08-29T13:36:06.614227+00:00
576,4839128024,3.162,16.9,buy,False,2022-08-29T13:36:05.648290+00:00
577,4827804970,3.101,102.3,sell,False,2022-08-27T12:32:04.604015+00:00
578,4820506940,3.255,9.9,sell,False,2022-08-26T13:45:06.442963+00:00
579,4820506908,3.255,12.5,sell,False,2022-08-26T13:45:05.910516+00:00
580,4814479694,3.164,147.0,sell,False,2022-08-25T15:04:59.436459+00:00
581,4814141160,3.197,35.5,buy,False,2022-08-25T13:58:31.115020+00:00
582,4810053845,3.126,4.2,buy,False,2022-08-24T20:44:15.789705+00:00
583,4810053840,3.126,12.5,buy,False,2022-08-24T20:44:15.240589+00:00
584,4809747397,3.075,10.7,buy,False,2022-08-24T19:17:41.294930+00:00
585,4809747349,3.075,13.7,buy,False,2022-08-24T19:17:40.740043+00:00
586,4809747334,3.075,12.5,buy,False,2022-08-24T19:17:40.187996+00:00
587,4808567245,3.04,10.0,buy,False,2022-08-24T15:23:09.330731+00:00
588,4801972374,2.932,24.8,buy,False,2022-08-23T13:50:34.497047+00:00
589,4795626923,2.922,4.2,buy,False,2022-08-22T18:22:06.866278+00:00
590,4793775404,2.885,4.4,sell,False,2022-08-22T13:35:39.349224+00:00
591,4793775403,2.885,4.4,sell,False,2022-08-22T13:35:39.349224+00:00
592,4793775402,2.886,3.8,sell,False,2022-08-22T13:35:39.349224+00:00
593,4793774569,2.892,3.6,sell,False,2022-08-22T13:35:36.774007+00:00
594,4791691603,2.919,3.7,sell,False,2022-08-22T08:00:49.429182+00:00
595,4791687394,2.922,3.5,sell,False,2022-08-22T08:00:24.062462+00:00
596,4791686105,2.926,4.3,sell,False,2022-08-22T08:00:17.464800+00:00
597,4791686104,2.926,4.3,sell,False,2022-08-22T08:00:17.464800+00:00
598,4791683367,2.964,44.7,sell,False,2022-08-22T08:00:05.064124+00:00
599,4791683317,2.964,12.5,sell,False,2022-08-22T08:00:04.542556+00:00
600,4774024776,2.95,3.5,sell,False,2022-08-19T19:59:57.347936+00:00
601,4773881279,2.951,3.4,buy,False,2022-08-19T19:32:08.561865+00:00
602,4773839845,2.966,4.1,sell,False,2022-08-19T19:25:41.483855+00:00
603,4773839844,2.966,4.1,sell,False,2022-08-19T19:25:41.483855+00:00
604,4773806331,2.981,3.4,sell,False,2022-08-19T19:22:05.939980+00:00
605,4771606769,3.004,3.9,sell,False,2022-08-19T13:39:00.588306+00:00
606,4771606768,3.004,3.9,sell,False,2022-08-19T13:39:00.588306+00:00
607,4771600227,3.011,3.4,buy,False,2022-08-19T13:38:37.945478+00:00
608,4771547341,3.041,3.8,sell,False,2022-08-19T13:31:31.685210+00:00
609,4771547340,3.041,3.8,sell,False,2022-08-19T13:31:31.685210+00:00
610,4769099743,3.091,12.3,sell,False,2022-08-19T08:24:27.909123+00:00
611,4769099638,3.091,12.5,sell,False,2022-08-19T08:24:27.402107+00:00
612,4761730610,3.077,3.6,sell,False,2022-08-18T14:25:42.658966+00:00
613,4761730609,3.077,3.6,sell,False,2022-08-18T14:25:42.658966+00:00
614,4761495877,3.112,3.5,sell,False,2022-08-18T13:41:13.497804+00:00
615,4761495876,3.112,3.5,sell,False,2022-08-18T13:41:13.497804+00:00
616,4761443378,3.146,3.3,sell,False,2022-08-18T13:34:08.136783+00:00
617,4761443377,3.146,3.3,sell,False,2022-08-18T13:34:08.136783+00:00
618,4757447583,3.18,3.2,sell,False,2022-08-17T22:19:08.341405+00:00
619,4757447582,3.18,3.2,sell,False,2022-08-17T22:19:08.341405+00:00
620,4756381573,3.211,3.2,buy,False,2022-08-17T19:15:47.137412+00:00
621,4756381554,3.211,3.2,buy,False,2022-08-17T19:15:47.042435+00:00
622,4754516691,3.384,35.0,sell,False,2022-08-17T14:30:38.228665+00:00
623,4753925244,3.386,17.9,buy,False,2022-08-17T13:36:06.447092+00:00
624,4745111028,3.413,11.8,buy,False,2022-08-16T11:37:12.363683+00:00
625,4745111011,3.413,12.7,buy,False,2022-08-16T11:37:11.815257+00:00
626,4745110971,3.413,12.5,buy,False,2022-08-16T11:37:11.283341+00:00
627,4741799324,3.401,1.5,buy,False,2022-08-16T00:00:06.425342+00:00
628,4740270627,3.371,12.5,buy,False,2022-08-15T18:06:34.191227+00:00
629,4740270573,3.371,12.5,buy,False,2022-08-15T18:06:33.640405+00:00
630,4740270524,3.371,12.5,buy,False,2022-08-15T18:06:33.092520+00:00
631,4739490619,3.349,37.7,buy,False,2022-08-15T15:20:03.092503+00:00
632,4738300443,3.133,33.2,sell,False,2022-08-15T11:40:16.490745+00:00
633,4738138362,3.133,1.7,sell,False,2022-08-15T11:03:17.639128+00:00
634,4737949418,3.225,5.0,buy,False,2022-08-15T10:18:09.928951+00:00
635,4733859555,3.173,1.6,buy,False,2022-08-15T00:00:07.206267+00:00
636,4732656259,3.163,64.7,sell,False,2022-08-14T18:34:11.704359+00:00
637,4727512112,3.191,1.6,buy,False,2022-08-14T00:00:06.357128+00:00
638,4726524936,3.163,0.2,sell,False,2022-08-13T18:35:08.699753+00:00
639,4726519809,3.163,1.7,sell,False,2022-08-13T18:34:13.821324+00:00
640,4724441922,3.162,15.9,sell,False,2022-08-13T10:05:22.331265+00:00
641,4723634778,3.192,1.9,buy,False,2022-08-13T07:24:25.591407+00:00
642,4719431458,3.153,30.0,buy,False,2022-08-12T17:38:44.421662+00:00
643,4712197172,3.061,50.0,sell,False,2022-08-11T16:14:22.538677+00:00
644,4710987859,3.145,32.8,buy,False,2022-08-11T13:41:40.529789+00:00
645,4710987858,3.133,114.2,buy,False,2022-08-11T13:41:40.529789+00:00
646,4708473789,3.127,20.0,buy,False,2022-08-11T06:41:32.798036+00:00
647,4703973512,3.062,7.8,sell,False,2022-08-10T17:20:06.584891+00:00
648,4703973475,3.062,12.4,sell,False,2022-08-10T17:20:06.018201+00:00
649,4703972809,3.062,12.4,sell,False,2022-08-10T17:20:05.463651+00:00
650,4702417764,3.021,4.4,sell,False,2022-08-10T13:47:23.089350+00:00
651,4702286401,3.029,4.4,sell,False,2022-08-10T13:35:40.739715+00:00
652,4702286400,3.029,4.4,sell,False,2022-08-10T13:35:40.739715+00:00
653,4702263270,3.065,4.2,sell,False,2022-08-10T13:33:39.560019+00:00
654,4702260807,3.074,4.2,sell,False,2022-08-10T13:33:23.576850+00:00
655,4702260806,3.074,4.2,sell,False,2022-08-10T13:33:23.576850+00:00
656,4700641780,3.121,10.0,buy,False,2022-08-10T12:06:39.981262+00:00
657,4700629558,3.121,40.0,buy,False,2022-08-10T12:04:01.666226+00:00
658,4695880038,3.114,1.8,buy,False,2022-08-09T17:34:03.504577+00:00
659,4694615977,3.108,32.1,sell,False,2022-08-09T14:08:26.780341+00:00
660,4694615976,3.108,4.0,sell,False,2022-08-09T14:08:26.780341+00:00
661,4694351260,3.117,4.0,sell,False,2022-08-09T13:55:33.935665+00:00
662,4694351259,3.117,4.0,sell,False,2022-08-09T13:55:33.935665+00:00
663,4694295254,3.15,3.8,sell,False,2022-08-09T13:48:39.778351+00:00
664,4694266412,3.16,3.8,sell,False,2022-08-09T13:43:24.912679+00:00
665,4694266411,3.16,3.8,sell,False,2022-08-09T13:43:24.912679+00:00
666,4694261768,3.191,3.7,sell,False,2022-08-09T13:42:26.079934+00:00
667,4694240489,3.2,3.7,sell,False,2022-08-09T13:38:29.663769+00:00
668,4694240488,3.2,3.7,sell,False,2022-08-09T13:38:29.663769+00:00
669,4694231840,3.231,3.5,sell,False,2022-08-09T13:37:23.072898+00:00
670,4694228724,3.24,3.5,sell,False,2022-08-09T13:36:42.897434+00:00
671,4694228723,3.24,3.5,sell,False,2022-08-09T13:36:42.897434+00:00
672,4694218230,3.269,3.4,sell,False,2022-08-09T13:35:14.880004+00:00
673,4694175968,3.279,3.4,sell,False,2022-08-09T13:30:18.077276+00:00
674,4694175967,3.279,3.4,sell,False,2022-08-09T13:30:18.077276+00:00
675,4694175426,3.306,3.3,sell,False,2022-08-09T13:30:11.244165+00:00
676,4694174791,3.316,3.2,sell,False,2022-08-09T13:30:09.125520+00:00
677,4694174790,3.316,3.2,sell,False,2022-08-09T13:30:09.125520+00:00
678,4694174535,3.342,3.1,sell,False,2022-08-09T13:30:05.849709+00:00
679,4694174486,3.352,3.1,sell,False,2022-08-09T13:30:05.178985+00:00
680,4694174485,3.352,3.1,sell,False,2022-08-09T13:30:05.178985+00:00
681,4694174450,3.378,3.0,sell,False,2022-08-09T13:30:04.494586+00:00
682,4694174449,3.379,22.9,sell,False,2022-08-09T13:30:04.494586+00:00
683,4694174448,3.388,3.0,sell,False,2022-08-09T13:30:04.494586+00:00
684,4694174447,3.388,3.0,sell,False,2022-08-09T13:30:04.494586+00:00
685,4694001383,3.411,3.0,buy,False,2022-08-09T12:55:14.917074+00:00
686,4693994422,3.421,3.0,buy,False,2022-08-09T12:53:37.815666+00:00
687,4693992821,3.421,3.0,buy,False,2022-08-09T12:53:17.946928+00:00
688,4693975163,3.135,40.0,sell,False,2022-08-09T12:50:56.866107+00:00
689,4689230797,3.597,5.6,buy,False,2022-08-08T21:15:34.796359+00:00
690,4688059063,3.541,4.0,buy,False,2022-08-08T16:43:32.239273+00:00
691,4687859074,3.54,20.0,buy,False,2022-08-08T16:12:00.691067+00:00
692,4686991988,3.585,0.6,sell,False,2022-08-08T13:58:04.747966+00:00
693,4686990324,3.585,0.7,buy,False,2022-08-08T13:57:41.332978+00:00
694,4681880068,3.424,0.9,buy,False,2022-08-07T17:18:23.101621+00:00
695,4681497302,3.424,20.0,buy,False,2022-08-07T15:20:39.793137+00:00
696,4681132419,3.399,100.6,sell,False,2022-08-07T13:18:12.839282+00:00
697,4681131498,3.4,102.4,sell,False,2022-08-07T13:17:48.006606+00:00
698,4676572155,3.4,6.4,sell,False,2022-08-06T12:03:47.649619+00:00
699,4672615259,3.411,40.0,buy,False,2022-08-05T18:11:35.953713+00:00
700,4665668028,3.404,50.0,sell,False,2022-08-04T19:10:10.142644+00:00
701,4661162678,3.442,10.0,buy,False,2022-08-04T05:25:29.480835+00:00
702,4656426955,3.314,3.8,buy,False,2022-08-03T13:35:32.922954+00:00
703,4655369979,3.256,3.8,sell,False,2022-08-03T10:46:08.484533+00:00
704,4652030910,3.313,1.6,buy,False,2022-08-03T00:00:04.646537+00:00
705,4648246763,3.311,3.8,buy,False,2022-08-02T14:19:05.051297+00:00
706,4647984705,3.253,0.8,buy,False,2022-08-02T13:45:24.668773+00:00
707,4647985626,3.253,13.2,buy,False,2022-08-02T13:45:24.149734+00:00
708,4647892654,3.205,14.1,sell,False,2022-08-02T13:35:43.284298+00:00
709,4647070208,3.205,10.0,buy,False,2022-08-02T11:27:46.908821+00:00
710,4643310647,3.195,1.6,buy,False,2022-08-02T00:00:08.192056+00:00
711,4642527725,3.209,1.6,buy,False,2022-08-01T21:08:48.604139+00:00
712,4642524267,3.209,1.6,buy,False,2022-08-01T21:08:00.687237+00:00
713,4639448110,3.133,12.2,buy,False,2022-08-01T13:35:10.299903+00:00
714,4639447923,3.133,12.5,buy,False,2022-08-01T13:35:09.184480+00:00
715,4619203810,3.181,54.4,buy,False,2022-07-29T20:30:38.636426+00:00
716,4614138231,3.1,535.0,buy,False,2022-07-29T09:20:04.703758+00:00
717,4594675155,2.969,24.5,sell,False,2022-07-27T08:00:56.286163+00:00
718,4594673896,2.969,20.5,sell,False,2022-07-27T08:00:55.736238+00:00
719,4594675117,2.969,32.3,sell,False,2022-07-27T08:00:55.104860+00:00
720,4594675116,2.97,0.1,sell,False,2022-07-27T08:00:55.104860+00:00
721,4594673874,2.969,16.7,sell,False,2022-07-27T08:00:54.556185+00:00
722,4594673834,2.969,16.6,sell,False,2022-07-27T08:00:54.031806+00:00
723,4594675068,2.969,18.9,sell,False,2022-07-27T08:00:53.458421+00:00
724,4594675056,2.969,18.9,sell,False,2022-07-27T08:00:52.909835+00:00
725,4594673794,2.969,18.7,sell,False,2022-07-27T08:00:52.362311+00:00
726,4594673776,2.969,19.8,sell,False,2022-07-27T08:00:51.816297+00:00
727,4594675031,2.968,10.7,sell,False,2022-07-27T08:00:51.287747+00:00
728,4594673761,2.968,13.9,sell,False,2022-07-27T08:00:50.742446+00:00
729,4594281528,2.958,11.8,buy,False,2022-07-27T06:20:12.631118+00:00
730,4590637524,3.023,11.7,buy,False,2022-07-26T15:26:55.521654+00:00
731,4590637510,3.023,12.5,buy,False,2022-07-26T15:26:54.971057+00:00
732,4590124897,2.969,11.4,sell,False,2022-07-26T13:33:02.853978+00:00
733,4590109864,3.0,0.9,sell,False,2022-07-26T13:31:11.548815+00:00
734,4590109795,3.0,17.6,sell,False,2022-07-26T13:31:11.009955+00:00
735,4590109244,3.0,14.8,sell,False,2022-07-26T13:31:10.486668+00:00
736,4582450252,3.112,11.5,sell,False,2022-07-25T08:03:52.903197+00:00
737,4582450825,3.112,12.7,sell,False,2022-07-25T08:03:52.378384+00:00
738,4568025198,3.061,8.3,buy,False,2022-07-22T22:24:44.779171+00:00
739,4566493971,3.042,11.9,buy,False,2022-07-22T17:17:02.980541+00:00
740,4566493405,3.042,13.5,buy,False,2022-07-22T17:16:50.377091+00:00
741,4565420685,3.179,10.4,buy,False,2022-07-22T14:36:30.619808+00:00
742,4565041215,3.19,9.4,buy,False,2022-07-22T13:53:35.324521+00:00
743,4564954268,3.233,13.0,buy,False,2022-07-22T13:43:08.299406+00:00
744,4558037419,3.294,23.4,sell,False,2022-07-21T14:21:04.359008+00:00
745,4557441489,3.3,32.5,sell,False,2022-07-21T12:44:32.344315+00:00
746,4557441488,3.308,76.1,sell,False,2022-07-21T12:44:32.344315+00:00
747,4550798402,3.256,11.2,buy,False,2022-07-20T16:58:56.731958+00:00
748,4550797558,3.256,12.5,buy,False,2022-07-20T16:58:56.164657+00:00
749,4550474065,3.264,4.2,sell,False,2022-07-20T16:30:02.073867+00:00
750,4550474031,3.264,19.5,sell,False,2022-07-20T16:30:01.362165+00:00
751,4549923479,3.257,0.7,sell,False,2022-07-20T15:04:39.010576+00:00
752,4549921392,3.257,0.7,buy,False,2022-07-20T15:04:17.396888+00:00
753,4543760438,3.016,6.0,sell,False,2022-07-19T22:26:46.844882+00:00
754,4539543319,3.091,37.1,buy,False,2022-07-19T13:30:40.086686+00:00
755,4539542125,3.091,34.9,buy,False,2022-07-19T13:30:39.553046+00:00
756,4539542802,3.091,33.6,buy,False,2022-07-19T13:30:39.010098+00:00
757,4539542030,3.091,26.2,buy,False,2022-07-19T13:30:38.442535+00:00
758,4539542011,3.091,26.6,buy,False,2022-07-19T13:30:37.921371+00:00
759,4539542668,3.091,26.0,buy,False,2022-07-19T13:30:37.360464+00:00
760,4539542647,3.091,21.2,buy,False,2022-07-19T13:30:36.681735+00:00
761,4539541919,3.091,21.7,buy,False,2022-07-19T13:30:36.077885+00:00
762,4539541832,3.091,23.5,buy,False,2022-07-19T13:30:35.393391+00:00
763,4539541778,3.091,17.3,buy,False,2022-07-19T13:30:34.850005+00:00
764,4539541725,3.091,17.3,buy,False,2022-07-19T13:30:34.312368+00:00
765,4539542325,3.091,17.3,buy,False,2022-07-19T13:30:33.813123+00:00
766,4539541551,3.091,12.5,buy,False,2022-07-19T13:30:33.112775+00:00
767,4530451752,3.04,40.0,buy,False,2022-07-18T15:23:29.880367+00:00
768,4516833216,2.957,27.3,buy,False,2022-07-16T17:47:43.215911+00:00
769,4513887169,2.957,0.7,buy,False,2022-07-16T08:43:13.227966+00:00
770,4501421173,2.9,0.1,sell,False,2022-07-14T13:35:05.332663+00:00
771,4495569018,3.03,3.0,buy,False,2022-07-13T17:47:04.429489+00:00
772,4494157818,3.008,732.2,buy,False,2022-07-13T14:47:02.060024+00:00
773,4494157817,3.0,122.1,buy,False,2022-07-13T14:47:02.060024+00:00
774,4493172166,2.929,101.7,sell,False,2022-07-13T13:17:40.732901+00:00
775,4493172165,2.931,273.0,sell,False,2022-07-13T13:17:40.732901+00:00
776,4480317895,2.957,99.9,sell,False,2022-07-11T21:28:27.342374+00:00
777,4480314970,2.957,50.0,sell,False,2022-07-11T21:27:07.929857+00:00
778,4478822524,3.0,0.1,sell,False,2022-07-11T14:52:57.648780+00:00
779,4453321721,3.029,10.0,buy,False,2022-07-07T13:59:14.421959+00:00
780,4453237926,3.03,40.0,buy,False,2022-07-07T13:46:01.561251+00:00
781,4440140589,2.8,0.1,sell,False,2022-07-05T13:32:26.574112+00:00
782,4440012774,2.85,0.1,sell,False,2022-07-05T13:10:44.460243+00:00
783,4437118087,2.9,0.1,sell,False,2022-07-05T02:56:55.375938+00:00
784,4359295183,2.958,102.3,buy,False,2022-06-23T21:14:49.992707+00:00
785,4348753674,2.765,17.1,buy,False,2022-06-22T13:32:54.054091+00:00
786,4326266671,2.759,1.0,buy,False,2022-06-20T01:23:19.494375+00:00
787,4321663199,2.772,5.0,buy,False,2022-06-19T13:19:45.073411+00:00
788,4316817625,2.763,3.0,buy,False,2022-06-19T01:04:17.665643+00:00
789,4302564221,2.752,2.0,buy,False,2022-06-17T12:15:50.168596+00:00
790,4302417554,2.753,8.0,buy,False,2022-06-17T11:48:58.404324+00:00
791,4302263326,2.746,1.0,buy,False,2022-06-17T11:16:51.914064+00:00
792,4299518032,2.708,3.0,buy,False,2022-06-17T02:31:00.185317+00:00
793,4294663665,2.601,21.5,sell,False,2022-06-16T14:50:39.672033+00:00
794,4292242113,2.65,9.1,sell,False,2022-06-16T10:13:57.649945+00:00
795,4292241136,2.65,12.5,sell,False,2022-06-16T10:13:56.996993+00:00
796,4286470808,2.674,61.2,buy,False,2022-06-15T20:06:41.194059+00:00
797,4286470767,2.674,328.3,sell,False,2022-06-15T20:06:40.915829+00:00
798,4286470766,2.686,360.8,sell,False,2022-06-15T20:06:40.915829+00:00
799,4286470765,2.687,28.1,sell,False,2022-06-15T20:06:40.915829+00:00
800,4286470764,2.698,294.1,sell,False,2022-06-15T20:06:40.915829+00:00
801,4258128267,2.607,76.7,buy,False,2022-06-13T20:32:13.788166+00:00
802,4253951822,2.6,0.1,sell,False,2022-06-13T14:16:36.630883+00:00
803,4253950625,2.604,11.3,sell,False,2022-06-13T14:16:26.405622+00:00
804,4253949637,2.604,13.5,sell,False,2022-06-13T14:16:25.781444+00:00
805,4253950509,2.604,15.1,sell,False,2022-06-13T14:16:25.231443+00:00
806,4253316712,2.691,28.0,buy,False,2022-06-13T13:33:36.734581+00:00
807,4251921267,2.65,0.1,sell,False,2022-06-13T11:40:54.566460+00:00
808,4248749242,2.767,12.5,sell,False,2022-06-13T08:04:08.789032+00:00
809,4248749078,2.768,0.4,sell,False,2022-06-13T08:04:08.089835+00:00
810,4248749833,2.768,15.1,sell,False,2022-06-13T08:04:07.538278+00:00
811,4248749762,2.768,12.5,sell,False,2022-06-13T08:04:07.005139+00:00
812,4248747016,2.767,12.5,sell,False,2022-06-13T08:04:04.619869+00:00
813,4229443582,2.73,2.9,sell,True,2022-06-11T13:06:56.248859+00:00
814,4222309370,2.746,11.4,buy,False,2022-06-10T13:31:17.677729+00:00
815,4222309329,2.746,16.9,buy,False,2022-06-10T13:31:17.105946+00:00
816,4214184571,2.943,15.2,sell,False,2022-06-09T08:03:30.863373+00:00
817,4214184550,2.943,15.6,sell,False,2022-06-09T08:03:29.640061+00:00
818,4214184537,2.943,15.9,sell,False,2022-06-09T08:03:29.088301+00:00
819,4214183929,2.943,16.5,sell,False,2022-06-09T08:03:28.538663+00:00
820,4214184495,2.943,16.6,sell,False,2022-06-09T08:03:27.989402+00:00
821,4214184477,2.943,16.5,sell,False,2022-06-09T08:03:27.464479+00:00
822,4214183868,2.943,26.2,sell,False,2022-06-09T08:03:26.839863+00:00
823,4214183867,2.944,0.1,sell,False,2022-06-09T08:03:26.839863+00:00
824,4214184451,2.943,16.5,sell,False,2022-06-09T08:03:26.291926+00:00
825,4214184446,2.943,16.5,sell,False,2022-06-09T08:03:25.639044+00:00
826,4214184411,2.943,16.6,sell,False,2022-06-09T08:03:25.088441+00:00
827,4214183816,2.943,16.3,sell,False,2022-06-09T08:03:24.500443+00:00
828,4214183812,2.943,16.3,sell,False,2022-06-09T08:03:23.973859+00:00
829,4214183805,2.943,16.3,sell,False,2022-06-09T08:03:23.425033+00:00
830,4214184379,2.944,2.5,sell,False,2022-06-09T08:03:22.800889+00:00
831,4214184371,2.944,25.7,sell,False,2022-06-09T08:03:22.249165+00:00
832,4214183771,2.943,16.2,sell,False,2022-06-09T08:03:21.600150+00:00
833,4214183756,2.943,15.6,sell,False,2022-06-09T08:03:21.074706+00:00
834,4214184303,2.943,15.7,sell,False,2022-06-09T08:03:20.489114+00:00
835,4214184293,2.943,15.0,sell,False,2022-06-09T08:03:19.938749+00:00
836,4214183731,2.943,14.0,sell,False,2022-06-09T08:03:19.389969+00:00
837,4214183702,2.943,14.0,sell,False,2022-06-09T08:03:18.812944+00:00
838,4203518220,3.002,3.0,buy,False,2022-06-07T17:11:03.717082+00:00
839,4202554129,2.863,4.7,buy,False,2022-06-07T13:31:35.325974+00:00
840,4202552737,2.863,12.8,buy,False,2022-06-07T13:31:34.649777+00:00
841,4201634844,2.696,17.5,sell,False,2022-06-07T09:28:46.746675+00:00
842,4201630298,2.983,15.7,buy,False,2022-06-07T09:26:30.934913+00:00
843,4201630297,2.968,3.0,buy,False,2022-06-07T09:26:30.934913+00:00
844,4201478354,2.937,3.0,sell,False,2022-06-07T08:41:22.761667+00:00
845,4201323565,2.782,16.3,buy,False,2022-06-07T08:00:04.691335+00:00
846,4201323556,2.782,12.5,buy,False,2022-06-07T08:00:04.488377+00:00
847,4198211935,2.7,0.1,sell,False,2022-06-06T23:27:57.171063+00:00
848,4198210540,2.75,0.1,sell,False,2022-06-06T23:27:06.699666+00:00
849,4198206308,2.8,0.1,sell,False,2022-06-06T23:25:11.696543+00:00
850,4196711248,2.879,3.0,buy,False,2022-06-06T17:09:57.881950+00:00
851,4194595391,2.957,1.7,buy,False,2022-06-06T11:02:00.115969+00:00
852,4194587803,2.974,2.4,sell,False,2022-06-06T11:00:02.598005+00:00
853,4193108660,2.935,20.0,buy,False,2022-06-06T05:32:55.461312+00:00
854,4175359214,3.003,2.4,buy,False,2022-06-02T21:39:26.649507+00:00
855,4175359213,3.0,107.2,buy,False,2022-06-02T21:39:26.649507+00:00
856,4162328660,3.018,2.2,sell,False,2022-06-01T08:07:53.501182+00:00
857,4162328635,3.017,26.8,sell,False,2022-06-01T08:07:51.349607+00:00
858,4162328605,3.017,19.1,sell,False,2022-06-01T08:07:50.706746+00:00
859,4162328596,3.017,20.1,sell,False,2022-06-01T08:07:50.127448+00:00
860,4162328585,3.017,19.2,sell,False,2022-06-01T08:07:49.575518+00:00
861,4162328573,3.016,13.3,sell,False,2022-06-01T08:07:49.051413+00:00
862,4162329371,3.016,13.3,sell,False,2022-06-01T08:07:48.450164+00:00
863,4156017825,3.021,16.2,buy,False,2022-05-31T13:28:02.755892+00:00
864,4156017807,3.021,12.5,buy,False,2022-05-31T13:28:02.206192+00:00
865,4151946983,3.072,1.6,buy,False,2022-05-31T00:43:23.330382+00:00
866,4128639176,2.963,17.4,sell,False,2022-05-27T13:35:20.405583+00:00
867,4121601307,3.091,14.7,sell,False,2022-05-26T19:22:56.050202+00:00
868,4112992205,3.023,14.8,sell,False,2022-05-25T22:51:06.000191+00:00
869,4099318117,3.19,1.0,buy,False,2022-05-24T04:19:31.515818+00:00
870,4093700359,3.376,2.3,sell,False,2022-05-23T13:30:49.531754+00:00
871,4093699399,3.376,12.5,sell,False,2022-05-23T13:30:48.948567+00:00
872,4083911205,3.414,14.7,buy,False,2022-05-22T05:42:45.580449+00:00
873,4070899183,3.43,13.0,buy,False,2022-05-20T10:24:43.272135+00:00
874,4070899176,3.43,12.8,buy,False,2022-05-20T10:24:42.688591+00:00
875,4070899145,3.43,13.0,buy,False,2022-05-20T10:24:42.134045+00:00
876,4070899735,3.43,13.1,buy,False,2022-05-20T10:24:41.466147+00:00
877,4070899713,3.43,12.9,buy,False,2022-05-20T10:24:40.883683+00:00
878,4070899678,3.43,12.9,buy,False,2022-05-20T10:24:40.233734+00:00
879,4070899040,3.43,12.9,buy,False,2022-05-20T10:24:39.603472+00:00
880,4070899009,3.43,13.0,buy,False,2022-05-20T10:24:39.054814+00:00
881,4070899004,3.43,13.0,buy,False,2022-05-20T10:24:38.501289+00:00
882,4070898987,3.43,13.0,buy,False,2022-05-20T10:24:37.976591+00:00
883,4070899280,3.43,12.5,buy,False,2022-05-20T10:24:31.387175+00:00
884,4070898226,3.43,12.5,buy,False,2022-05-20T10:24:30.379466+00:00
885,4070898597,3.43,12.5,buy,False,2022-05-20T10:24:29.803293+00:00
886,4070898558,3.43,12.5,buy,False,2022-05-20T10:24:29.257055+00:00
887,4070898160,3.43,12.5,buy,False,2022-05-20T10:24:28.726122+00:00
888,4070897781,3.43,12.5,buy,False,2022-05-20T10:24:20.301183+00:00
889,4070897151,3.43,12.5,buy,False,2022-05-20T10:24:19.748790+00:00
890,4070897746,3.43,12.5,buy,False,2022-05-20T10:24:19.135513+00:00
891,4070897706,3.43,12.5,buy,False,2022-05-20T10:24:18.595266+00:00
892,4070895249,3.43,12.5,buy,False,2022-05-20T10:24:03.505646+00:00
893,4070895216,3.43,12.5,buy,False,2022-05-20T10:24:02.949955+00:00
894,4070875994,3.43,12.7,buy,False,2022-05-20T10:21:28.768330+00:00
895,4070875977,3.43,12.8,buy,False,2022-05-20T10:21:28.194904+00:00
896,4070876491,3.43,12.5,buy,False,2022-05-20T10:21:27.591829+00:00
897,4070874996,3.43,12.5,buy,False,2022-05-20T10:21:17.186274+00:00
898,4070874969,3.43,12.5,buy,False,2022-05-20T10:21:16.605222+00:00
899,4070875527,3.43,12.5,buy,False,2022-05-20T10:21:16.079293+00:00
900,4070866100,3.43,12.5,buy,False,2022-05-20T10:19:20.963032+00:00
901,4065739591,3.426,0.7,buy,False,2022-05-19T16:54:51.300863+00:00
902,4064014305,3.33,16.2,sell,False,2022-05-19T13:48:46.576695+00:00
903,4064014188,3.33,12.5,sell,False,2022-05-19T13:48:45.997539+00:00
904,4058242100,3.312,29.5,sell,False,2022-05-18T22:28:19.625793+00:00
905,4054154632,3.545,0.3,buy,False,2022-05-18T12:54:34.857457+00:00
906,4051213969,3.581,0.7,buy,False,2022-05-18T03:16:43.815418+00:00
907,4045674733,3.522,25.5,buy,False,2022-05-17T12:27:06.573595+00:00
908,4045674705,3.522,38.2,buy,False,2022-05-17T12:27:06.014162+00:00
909,4045674676,3.522,33.6,buy,False,2022-05-17T12:27:05.464545+00:00
910,4045674623,3.522,33.8,buy,False,2022-05-17T12:27:04.938488+00:00
911,4045674516,3.522,26.5,buy,False,2022-05-17T12:27:04.388054+00:00
912,4045674437,3.522,21.8,buy,False,2022-05-17T12:27:03.818643+00:00
913,4045674370,3.522,20.5,buy,False,2022-05-17T12:27:03.261568+00:00
914,4045674338,3.522,18.0,buy,False,2022-05-17T12:27:02.711463+00:00
915,4045674306,3.522,15.7,buy,False,2022-05-17T12:27:02.159362+00:00
916,4045674256,3.522,13.6,buy,False,2022-05-17T12:27:01.636727+00:00
917,4045674225,3.522,12.5,buy,False,2022-05-17T12:27:01.087426+00:00
918,4045674191,3.522,12.5,buy,False,2022-05-17T12:27:00.559977+00:00
919,4045507907,3.522,1.0,buy,False,2022-05-17T12:00:34.432470+00:00
920,4045186139,3.522,5.6,buy,False,2022-05-17T11:04:56.782639+00:00
921,4041346631,3.449,14.4,buy,False,2022-05-16T22:44:56.474684+00:00
922,4037693843,3.398,48.6,buy,False,2022-05-16T14:09:09.809100+00:00
923,4037693783,3.398,67.3,buy,False,2022-05-16T14:09:09.205508+00:00
924,4037693700,3.398,54.3,buy,False,2022-05-16T14:09:08.662969+00:00
925,4037693587,3.398,27.3,buy,False,2022-05-16T14:09:08.122104+00:00
926,4037693533,3.398,13.6,buy,False,2022-05-16T14:09:07.596774+00:00
927,4037693467,3.398,13.2,buy,False,2022-05-16T14:09:07.046862+00:00
928,4037693340,3.398,12.5,buy,False,2022-05-16T14:09:06.399268+00:00
929,4037693234,3.398,12.5,buy,False,2022-05-16T14:09:05.835336+00:00
930,4032474467,3.287,2.7,sell,False,2022-05-16T01:49:21.401556+00:00
931,4032474377,3.287,12.5,sell,False,2022-05-16T01:49:20.753894+00:00
932,4004923518,3.178,100.0,buy,False,2022-05-13T09:16:21.572464+00:00
933,3994108957,3.128,76.2,buy,False,2022-05-12T15:02:38.093803+00:00
934,3994108956,3.127,29.8,buy,False,2022-05-12T15:02:38.093803+00:00
935,3993551130,3.133,0.8,buy,False,2022-05-12T14:23:19.844191+00:00
936,3975624020,2.977,3.0,sell,True,2022-05-11T19:49:41.374435+00:00
937,3974569952,3.05,105.7,sell,False,2022-05-11T18:34:20.976364+00:00
938,3968393483,3.195,5.6,sell,False,2022-05-11T13:32:08.087838+00:00
939,3968393009,3.195,12.5,sell,False,2022-05-11T13:32:07.497015+00:00
940,3968392560,3.195,12.5,sell,False,2022-05-11T13:32:06.862064+00:00
941,3951953358,3.255,41.6,buy,False,2022-05-10T18:58:08.058732+00:00
942,3951953309,3.255,83.6,buy,False,2022-05-10T18:58:07.508233+00:00
943,3951953231,3.255,85.6,buy,False,2022-05-10T18:58:06.953949+00:00
944,3951953165,3.255,90.0,buy,False,2022-05-10T18:58:06.426782+00:00
945,3951953109,3.255,96.8,buy,False,2022-05-10T18:58:05.846848+00:00
946,3951953026,3.255,93.6,buy,False,2022-05-10T18:58:05.297103+00:00
947,3951952995,3.255,18.7,buy,False,2022-05-10T18:58:05.097158+00:00
948,3951952929,3.255,18.7,buy,False,2022-05-10T18:58:04.536366+00:00
949,3951952798,3.255,18.7,buy,False,2022-05-10T18:58:03.968318+00:00
950,3951952604,3.255,18.7,buy,False,2022-05-10T18:58:03.311249+00:00
951,3951947440,3.25,12.5,buy,False,2022-05-10T18:57:26.840970+00:00
952,3951947400,3.25,12.5,buy,False,2022-05-10T18:57:26.312625+00:00
953,3951947359,3.25,12.5,buy,False,2022-05-10T18:57:25.762744+00:00
954,3951947249,3.25,12.5,buy,False,2022-05-10T18:57:25.203821+00:00
955,3951947169,3.25,12.5,buy,False,2022-05-10T18:57:24.655572+00:00
956,3951947112,3.25,12.5,buy,False,2022-05-10T18:57:24.054001+00:00
957,3951947063,3.25,12.5,buy,False,2022-05-10T18:57:23.502227+00:00
958,3951947002,3.25,12.5,buy,False,2022-05-10T18:57:22.957034+00:00
959,3951946955,3.25,12.5,buy,False,2022-05-10T18:57:22.393227+00:00
960,3951946880,3.25,12.5,buy,False,2022-05-10T18:57:21.772231+00:00
961,3951946843,3.25,12.5,buy,False,2022-05-10T18:57:21.216951+00:00
962,3951946804,3.25,12.5,buy,False,2022-05-10T18:57:20.666804+00:00
963,3951946764,3.25,12.5,buy,False,2022-05-10T18:57:20.142332+00:00
964,3951946726,3.25,12.5,buy,False,2022-05-10T18:57:19.569798+00:00
965,3951946633,3.25,12.5,buy,False,2022-05-10T18:57:19.024770+00:00
966,3951946572,3.25,12.5,buy,False,2022-05-10T18:57:18.401961+00:00
967,3951946521,3.25,12.5,buy,False,2022-05-10T18:57:17.850982+00:00
968,3951946468,3.25,12.5,buy,False,2022-05-10T18:57:17.130998+00:00
969,3949206051,3.281,30.0,buy,False,2022-05-10T14:26:53.028263+00:00
970,3948847975,3.276,1.2,sell,False,2022-05-10T13:52:05.509526+00:00
971,3948735055,3.229,2.8,buy,False,2022-05-10T13:42:59.168080+00:00
972,3948533549,2.926,12.4,buy,False,2022-05-10T13:30:02.762368+00:00
973,3940252444,2.824,6.4,sell,False,2022-05-10T00:15:28.518716+00:00
974,3939902885,2.854,0.2,buy,False,2022-05-10T00:02:13.928317+00:00
975,3938996543,2.852,6.4,buy,False,2022-05-09T22:58:40.709342+00:00
976,3938963262,2.825,0.1,sell,False,2022-05-09T22:54:37.198224+00:00
977,3937252757,2.844,0.8,buy,False,2022-05-09T20:05:01.211999+00:00
978,3935589759,2.85,0.1,sell,False,2022-05-09T18:21:43.878073+00:00
979,3931855712,2.926,70.0,buy,False,2022-05-09T13:29:13.647309+00:00
980,3930564326,2.91,8.8,sell,False,2022-05-09T11:00:32.165327+00:00
981,3929594261,2.9,0.1,sell,False,2022-05-09T09:15:08.775056+00:00
982,3927158400,2.915,40.0,sell,False,2022-05-09T02:37:27.391568+00:00
983,3926246303,2.94,0.2,buy,False,2022-05-09T00:02:07.747751+00:00
984,3925658952,2.95,0.1,sell,False,2022-05-08T22:00:01.405115+00:00
985,3918425317,2.974,0.2,buy,False,2022-05-08T00:02:06.738752+00:00
986,3911845770,2.975,0.2,buy,False,2022-05-07T00:02:06.312371+00:00
987,3908600430,2.945,4.7,buy,False,2022-05-06T14:05:14.360647+00:00
988,3903573798,3.031,0.2,buy,False,2022-05-06T00:02:11.470940+00:00
989,3900870253,3.065,0.8,buy,False,2022-05-05T17:43:18.999515+00:00
990,3893804757,3.252,0.2,buy,False,2022-05-05T00:02:11.104304+00:00
991,3891511132,3.022,15.4,buy,False,2022-05-04T18:36:38.571358+00:00
992,3891510886,3.022,12.4,buy,False,2022-05-04T18:36:37.995877+00:00
993,3889263310,3.057,32.5,sell,False,2022-05-04T13:30:15.299776+00:00
994,3884971613,3.093,0.2,buy,False,2022-05-04T00:00:11.571678+00:00
995,3884971392,3.093,0.2,buy,False,2022-05-04T00:00:07.969964+00:00
996,3880214990,3.124,50.6,sell,False,2022-05-03T07:20:05.081028+00:00
997,3878393995,3.136,0.2,buy,False,2022-05-03T00:00:06.102933+00:00
998,3874667935,3.033,12.5,buy,False,2022-05-02T13:39:48.816443+00:00
999,3874517194,2.97,12.5,sell,False,2022-05-02T13:30:24.038004+00:00
1000,3870655416,3.036,0.2,buy,False,2022-05-02T00:00:05.588488+00:00
1001,3866224964,3.048,0.2,buy,False,2022-05-01T10:31:42.258054+00:00
1002,3866223060,3.048,0.2,buy,False,2022-05-01T10:31:07.494936+00:00
1003,3866219300,3.048,0.4,buy,False,2022-05-01T10:30:12.235291+00:00
1004,3862585906,3.048,0.2,buy,False,2022-05-01T00:00:06.148894+00:00
1005,3860672086,3.039,0.8,buy,False,2022-04-30T19:57:33.264742+00:00
1006,3856865329,3.051,0.2,buy,False,2022-04-30T07:18:05.795812+00:00
1007,3855057825,3.05,0.2,buy,False,2022-04-30T00:00:06.211855+00:00
1008,3853982998,3.034,0.8,buy,False,2022-04-29T19:56:13.124089+00:00
1009,3850919431,3.017,0.8,buy,False,2022-04-29T12:33:29.058342+00:00
1010,3845863615,3.056,2.9,buy,False,2022-04-28T20:34:09.280855+00:00
1011,3845335972,3.067,0.2,buy,False,2022-04-28T19:12:59.242109+00:00
1012,3845324582,3.067,0.4,buy,False,2022-04-28T19:11:04.429817+00:00
1013,3844700677,3.017,0.8,buy,False,2022-04-28T17:25:47.711551+00:00
1014,3843861296,2.869,42.3,sell,False,2022-04-28T15:38:08.040097+00:00
1015,3837959736,2.946,0.8,buy,False,2022-04-27T19:33:27.194974+00:00
1016,3835537003,2.9,9.1,sell,False,2022-04-27T13:30:09.600276+00:00
1017,3835536955,2.9,18.9,sell,False,2022-04-27T13:30:09.023764+00:00
1018,3835536851,2.9,18.8,sell,False,2022-04-27T13:30:08.448024+00:00
1019,3835536850,2.9,0.1,sell,False,2022-04-27T13:30:08.448024+00:00
1020,3830279586,2.929,0.8,buy,False,2022-04-26T19:52:05.400755+00:00
1021,3827404361,2.994,10.5,sell,False,2022-04-26T14:14:07.250036+00:00
1022,3827404200,2.994,13.2,sell,False,2022-04-26T14:14:06.602668+00:00
1023,3827404090,2.994,12.5,sell,False,2022-04-26T14:14:06.054514+00:00
1024,3827189290,3.0,0.1,sell,False,2022-04-26T13:57:03.251069+00:00
1025,3826055279,3.071,6.3,sell,False,2022-04-26T11:00:01.627522+00:00
1026,3824379112,3.063,6.3,sell,False,2022-04-26T04:41:04.272653+00:00
1027,3821552953,3.064,0.8,buy,False,2022-04-25T19:15:26.073262+00:00
1028,3818078371,3.055,13.3,sell,False,2022-04-25T11:00:01.331100+00:00
1029,3801853968,3.045,0.8,buy,False,2022-04-22T16:19:35.479862+00:00
1030,3801823478,3.05,4.2,sell,False,2022-04-22T16:15:55.661701+00:00
1031,3801823360,3.05,17.8,sell,False,2022-04-22T16:15:55.138482+00:00
1032,3801823272,3.05,17.8,sell,False,2022-04-22T16:15:54.562484+00:00
1033,3801518490,3.062,11.9,sell,False,2022-04-22T15:40:42.069633+00:00
1034,3801518466,3.062,12.5,sell,False,2022-04-22T15:40:41.514013+00:00
1035,3798147786,3.112,3.0,sell,False,2022-04-22T05:39:03.906452+00:00
1036,3793551565,3.1,0.1,sell,False,2022-04-21T17:11:49.391122+00:00
1037,3793550173,3.104,6.2,sell,False,2022-04-21T17:11:40.592050+00:00
1038,3793550132,3.104,12.5,sell,False,2022-04-21T17:11:40.019740+00:00
1039,3793550074,3.104,12.5,sell,False,2022-04-21T17:11:39.432288+00:00
1040,3792061853,3.182,9.0,sell,False,2022-04-21T14:00:22.569583+00:00
1041,3792061791,3.182,12.5,sell,False,2022-04-21T14:00:21.994322+00:00
1042,3792061763,3.182,12.5,sell,False,2022-04-21T14:00:21.418924+00:00
1043,3791405413,3.272,3.0,buy,False,2022-04-21T12:37:08.060950+00:00
1044,3785366887,3.253,0.7,buy,False,2022-04-20T17:50:49.976816+00:00
1045,3783310283,3.283,6.3,sell,False,2022-04-20T13:34:11.082761+00:00
1046,3783310189,3.283,74.5,sell,False,2022-04-20T13:34:10.508389+00:00
1047,3783310095,3.283,67.5,sell,False,2022-04-20T13:34:09.966520+00:00
1048,3783309961,3.283,52.7,sell,False,2022-04-20T13:34:09.407160+00:00
1049,3783309751,3.283,58.7,sell,False,2022-04-20T13:34:08.830028+00:00
1050,3783309651,3.283,62.9,sell,False,2022-04-20T13:34:08.230705+00:00
1051,3777314116,3.323,0.7,buy,False,2022-04-19T18:18:01.261060+00:00
1052,3775373316,3.2,0.1,sell,False,2022-04-19T13:37:58.349411+00:00
1053,3775373293,3.202,14.5,sell,False,2022-04-19T13:37:57.773523+00:00
1054,3775373262,3.202,12.5,sell,False,2022-04-19T13:37:57.220893+00:00
1055,3768787771,3.279,0.7,buy,False,2022-04-18T14:56:27.058741+00:00
1056,3768645072,3.288,11.0,sell,False,2022-04-18T14:35:31.047897+00:00
1057,3768644990,3.288,12.5,sell,False,2022-04-18T14:35:30.490071+00:00
1058,3768608391,3.299,10.4,sell,False,2022-04-18T14:30:57.357168+00:00
1059,3768608310,3.299,18.9,sell,False,2022-04-18T14:30:56.805150+00:00
1060,3768608245,3.3,0.1,sell,False,2022-04-18T14:30:56.255462+00:00
1061,3767360154,3.417,12.0,buy,False,2022-04-18T11:00:02.400700+00:00
1062,3767360071,3.417,16.8,buy,False,2022-04-18T11:00:01.823305+00:00
1063,3767109392,3.375,143.1,buy,False,2022-04-18T09:58:18.733331+00:00
1064,3767109377,3.375,228.4,buy,False,2022-04-18T09:58:18.158890+00:00
1065,3767109357,3.375,228.4,buy,False,2022-04-18T09:58:17.585829+00:00
1066,3767098587,3.309,15.1,sell,False,2022-04-18T09:55:14.441946+00:00
1067,3767098586,3.309,28.8,sell,False,2022-04-18T09:55:14.441946+00:00
1068,3756955475,3.46,32.7,buy,False,2022-04-16T14:13:11.074528+00:00
1069,3747656959,3.423,271.0,buy,False,2022-04-14T16:42:54.295467+00:00
1070,3745391395,3.462,0.1,sell,False,2022-04-14T11:20:15.794413+00:00
1071,3745090850,3.528,4.6,buy,False,2022-04-14T10:24:35.820557+00:00
1072,3745088697,3.474,14.5,sell,False,2022-04-14T10:24:13.958795+00:00
1073,3743641553,3.503,3.6,sell,False,2022-04-14T04:45:02.238047+00:00
1074,3743641523,3.503,16.4,sell,False,2022-04-14T04:45:01.560567+00:00
1075,3741456265,3.494,10.0,buy,False,2022-04-13T19:34:29.141439+00:00
1076,3732750354,3.49,0.7,buy,False,2022-04-12T15:23:38.188147+00:00
1077,3726245283,3.39,0.1,sell,False,2022-04-11T20:55:38.385658+00:00
1078,3726244168,3.39,0.2,sell,False,2022-04-11T20:55:17.427424+00:00
1079,3723292095,3.365,20.5,sell,False,2022-04-11T13:31:35.604571+00:00
1080,3723281907,3.382,3.4,sell,False,2022-04-11T13:30:56.700500+00:00
1081,3723280913,3.382,12.5,sell,False,2022-04-11T13:30:52.307181+00:00
1082,3723280175,3.4,0.1,sell,False,2022-04-11T13:30:47.219623+00:00
1083,3723280174,3.403,25.4,sell,False,2022-04-11T13:30:47.219623+00:00
1084,3723272456,3.432,5.4,sell,False,2022-04-11T13:30:06.391199+00:00
1085,3723272232,3.432,12.5,sell,False,2022-04-11T13:30:05.686808+00:00
1086,3706394665,3.51,0.7,buy,False,2022-04-08T18:03:29.143062+00:00
1087,3704625134,3.492,15.7,sell,False,2022-04-08T13:41:39.539772+00:00
1088,3704625133,3.495,22.1,sell,False,2022-04-08T13:41:39.539772+00:00
1089,3704625132,3.5,0.1,sell,False,2022-04-08T13:41:39.539772+00:00
1090,3699258356,3.611,0.6,buy,False,2022-04-07T19:25:13.940934+00:00
1091,3699169688,3.582,7.0,sell,False,2022-04-07T19:08:23.491235+00:00
1092,3698205058,3.541,7.1,buy,False,2022-04-07T16:17:19.869911+00:00
1093,3698067925,3.514,5.9,sell,False,2022-04-07T15:53:01.548690+00:00
1094,3698067882,3.514,12.5,sell,False,2022-04-07T15:53:00.998983+00:00
1095,3698067856,3.514,12.5,sell,False,2022-04-07T15:53:00.438237+00:00
1096,3698067809,3.514,12.5,sell,False,2022-04-07T15:52:59.893272+00:00
1097,3697551567,3.545,1.4,sell,False,2022-04-07T14:47:37.502578+00:00
1098,3697551508,3.545,12.5,sell,False,2022-04-07T14:47:36.926837+00:00
1099,3697551447,3.55,40.0,sell,False,2022-04-07T14:47:35.126173+00:00
1100,3697419667,3.576,6.8,sell,False,2022-04-07T14:24:50.787733+00:00
1101,3697419584,3.576,12.5,sell,False,2022-04-07T14:24:50.209635+00:00
1102,3697372682,3.586,10.3,sell,False,2022-04-07T14:16:21.967677+00:00
1103,3697372634,3.586,13.1,sell,False,2022-04-07T14:16:21.444013+00:00
1104,3697372600,3.586,13.1,sell,False,2022-04-07T14:16:20.873799+00:00
1105,3697372441,3.592,12.2,sell,False,2022-04-07T14:16:18.874235+00:00
1106,3697367112,3.6,0.1,sell,False,2022-04-07T14:15:21.975203+00:00
1107,3697206002,3.606,10.8,sell,False,2022-04-07T13:49:11.358824+00:00
1108,3697201477,3.621,7.3,sell,False,2022-04-07T13:48:16.000068+00:00
1109,3697201454,3.621,12.9,sell,False,2022-04-07T13:48:15.449742+00:00
1110,3697201424,3.621,12.9,sell,False,2022-04-07T13:48:14.894558+00:00
1111,3692024477,3.767,6.7,sell,False,2022-04-06T22:01:35.701015+00:00
1112,3691498330,3.679,0.6,buy,False,2022-04-06T19:59:03.997282+00:00
1113,3690682931,3.633,10.8,sell,False,2022-04-06T18:15:24.344377+00:00
1114,3690109732,3.669,6.9,buy,False,2022-04-06T17:13:39.045019+00:00
1115,3689851322,3.648,4.4,sell,False,2022-04-06T16:46:54.952494+00:00
1116,3689851235,3.648,12.5,sell,False,2022-04-06T16:46:54.171989+00:00
1117,3689621870,3.657,4.5,sell,False,2022-04-06T16:28:29.316974+00:00
1118,3689621826,3.657,12.5,sell,False,2022-04-06T16:28:28.517972+00:00
1119,3689621774,3.657,12.7,sell,False,2022-04-06T16:28:27.993228+00:00
1120,3689587574,3.669,10.7,buy,False,2022-04-06T16:24:41.216255+00:00
1121,3688623132,3.693,1.2,sell,False,2022-04-06T14:33:42.958269+00:00
1122,3688623046,3.693,12.5,sell,False,2022-04-06T14:33:42.358754+00:00
1123,3688622978,3.693,12.5,sell,False,2022-04-06T14:33:41.804993+00:00
1124,3688569121,3.7,0.1,sell,False,2022-04-06T14:28:15.139795+00:00
1125,3687685256,3.711,14.8,sell,False,2022-04-06T13:34:07.481399+00:00
1126,3687681848,3.729,10.3,sell,False,2022-04-06T13:33:35.336167+00:00
1127,3687681136,3.729,12.5,sell,False,2022-04-06T13:33:30.882842+00:00
1128,3687673131,3.751,5.4,sell,False,2022-04-06T13:32:38.930897+00:00
1129,3687669301,3.763,7.4,sell,False,2022-04-06T13:32:13.342245+00:00
1130,3687667850,3.764,6.9,sell,False,2022-04-06T13:32:10.401955+00:00
1131,3687667453,3.764,12.5,sell,False,2022-04-06T13:32:09.129500+00:00
1132,3687666855,3.768,13.0,sell,False,2022-04-06T13:32:07.339311+00:00
1133,3686546477,3.79,5.3,sell,False,2022-04-06T11:12:10.620206+00:00
1134,3680493141,3.8,0.1,sell,False,2022-04-05T18:30:38.798236+00:00
1135,3680105571,3.84,6.5,buy,False,2022-04-05T17:15:58.113170+00:00
1136,3679645687,3.83,5.3,sell,False,2022-04-05T16:16:53.620563+00:00
1137,3679059894,3.883,30.0,sell,False,2022-04-05T14:58:47.271218+00:00
1138,3678368999,3.869,5.2,sell,False,2022-04-05T13:45:42.501231+00:00
1139,3678274586,3.909,5.2,sell,False,2022-04-05T13:31:09.873267+00:00
1140,3673177189,3.936,6.3,buy,False,2022-04-04T19:21:59.477833+00:00
1141,3672747465,3.946,12.7,buy,False,2022-04-04T18:15:55.400618+00:00
1142,3671951490,3.967,20.9,buy,False,2022-04-04T16:35:03.294404+00:00
1143,3671951422,3.967,12.5,buy,False,2022-04-04T16:35:02.618054+00:00
1144,3670698475,3.8,0.1,sell,False,2022-04-04T13:53:22.981546+00:00
1145,3670698474,3.8,3.5,sell,False,2022-04-04T13:53:22.981546+00:00
1146,3670698420,3.8,12.5,sell,False,2022-04-04T13:53:22.408609+00:00
1147,3670685515,3.818,11.5,sell,False,2022-04-04T13:51:00.880708+00:00
1148,3670669426,3.828,5.3,sell,False,2022-04-04T13:48:44.427367+00:00
1149,3670529599,3.868,5.2,sell,False,2022-04-04T13:32:08.981995+00:00
1150,3661771136,3.921,30.0,buy,False,2022-04-03T09:01:39.324911+00:00
1151,3658305975,3.887,1.0,sell,False,2022-04-02T22:05:17.516444+00:00
1152,3652148734,3.924,50.6,buy,False,2022-04-02T03:47:25.163795+00:00
1153,3649087222,3.908,1.2,buy,False,2022-04-01T18:55:42.088629+00:00
1154,3648518479,3.908,5.2,sell,False,2022-04-01T17:25:14.730599+00:00
1155,3648136042,3.948,5.1,sell,False,2022-04-01T16:33:07.343896+00:00
1156,3648119797,3.988,12.6,sell,False,2022-04-01T16:31:03.158270+00:00
1157,3647567671,4.018,4.4,buy,False,2022-04-01T15:20:32.846377+00:00
1158,3646994639,3.862,10.1,sell,False,2022-04-01T14:21:46.342387+00:00
1159,3646968102,3.873,5.2,sell,False,2022-04-01T14:18:37.070378+00:00
1160,3645129695,3.888,213.5,sell,False,2022-04-01T09:54:29.974753+00:00
1161,3645129694,3.918,297.0,sell,False,2022-04-01T09:54:29.974753+00:00
1162,3645128177,3.973,75.1,buy,False,2022-04-01T09:54:09.977552+00:00
1163,3645128176,3.955,416.5,buy,False,2022-04-01T09:54:09.977552+00:00
1164,3645128175,3.954,18.9,buy,False,2022-04-01T09:54:09.977552+00:00
1165,3639766728,3.937,1.2,buy,False,2022-03-31T19:43:48.805225+00:00
1166,3637785183,3.947,5.1,buy,False,2022-03-31T16:03:43.043311+00:00
1167,3637577450,3.925,14.2,sell,False,2022-03-31T15:42:28.692010+00:00
1168,3636901863,3.9,10.0,buy,False,2022-03-31T14:44:18.305529+00:00
1169,3635616513,4.017,30.0,sell,False,2022-03-31T13:33:24.534384+00:00
1170,3629095531,4.101,1.2,buy,False,2022-03-30T18:09:23.246026+00:00
1171,3628206104,4.171,30.0,buy,False,2022-03-30T16:15:29.972298+00:00
1172,3627731907,4.251,1.0,buy,False,2022-03-30T15:29:03.226378+00:00
1173,3621883923,4.031,5.7,buy,False,2022-03-30T00:28:02.766178+00:00
1174,3621882926,4.026,6.2,buy,False,2022-03-30T00:27:49.679514+00:00
1175,3621882925,4.019,124.7,buy,False,2022-03-30T00:27:49.679514+00:00
1176,3621882924,4.019,108.9,buy,False,2022-03-30T00:27:49.679514+00:00
1177,3619710717,4.05,1.2,buy,False,2022-03-29T18:09:27.172965+00:00
1178,3618949011,4.112,16.9,sell,False,2022-03-29T16:28:13.570613+00:00
1179,3618834709,4.119,17.6,buy,False,2022-03-29T16:18:09.676075+00:00
1180,3609750612,3.988,0.1,buy,False,2022-03-28T17:27:26.180397+00:00
1181,3609392053,3.948,1.2,buy,False,2022-03-28T16:30:34.051380+00:00
1182,3607950182,3.921,0.1,buy,False,2022-03-28T13:47:39.311976+00:00
1183,3607785625,3.984,46.2,buy,False,2022-03-28T13:30:13.813631+00:00
1184,3607785500,3.984,150.3,buy,False,2022-03-28T13:30:13.243276+00:00
1185,3607785491,3.984,20.0,buy,False,2022-03-28T13:30:13.189290+00:00
1186,3607732752,3.863,7.5,sell,False,2022-03-28T13:21:49.952408+00:00
1187,3607732751,3.869,125.1,sell,False,2022-03-28T13:21:49.952408+00:00
1188,3607371014,3.994,5.1,sell,False,2022-03-28T12:18:38.085591+00:00
1189,3607347833,4.092,4.9,buy,False,2022-03-28T12:14:19.992738+00:00
1190,3607025492,3.958,2.6,sell,False,2022-03-28T11:14:29.963916+00:00
1191,3607020291,3.999,2.6,sell,False,2022-03-28T11:13:14.633983+00:00
1192,3607013018,4.01,16.1,sell,False,2022-03-28T11:11:24.193506+00:00
1193,3607012981,4.01,20.0,sell,False,2022-03-28T11:11:23.617812+00:00
1194,3607012954,4.01,18.8,sell,False,2022-03-28T11:11:23.068770+00:00
1195,3606980712,4.041,2.5,sell,False,2022-03-28T11:05:05.030585+00:00
1196,3606930235,4.083,2.5,sell,False,2022-03-28T10:57:31.667026+00:00
1197,3606591932,4.103,8.9,sell,False,2022-03-28T09:54:24.843838+00:00
1198,3606591869,4.103,15.5,sell,False,2022-03-28T09:54:24.193426+00:00
1199,3606591820,4.104,11.4,sell,False,2022-03-28T09:54:23.644263+00:00
1200,3606591758,4.104,12.5,sell,False,2022-03-28T09:54:23.094759+00:00
1201,3606167118,4.12,121.3,sell,False,2022-03-28T08:35:09.281913+00:00
1202,3606014219,4.12,28.2,sell,False,2022-03-28T08:07:14.941055+00:00
1203,3606014172,4.12,93.1,sell,False,2022-03-28T08:07:14.368495+00:00
1204,3606006352,4.124,2.5,sell,False,2022-03-28T08:05:40.416327+00:00
1205,3602384641,4.164,4.9,buy,False,2022-03-27T21:58:20.983138+00:00
1206,3601679391,4.164,12.1,buy,False,2022-03-27T20:38:51.735822+00:00
1207,3600866134,4.164,60.0,buy,False,2022-03-27T17:29:49.459272+00:00
1208,3600863073,4.163,46.4,buy,False,2022-03-27T17:29:05.129760+00:00
1209,3600863072,4.162,13.6,buy,False,2022-03-27T17:29:05.129760+00:00
1210,3589520325,4.108,2.3,buy,False,2022-03-25T16:45:48.742220+00:00
1211,3589520098,4.108,15.7,buy,False,2022-03-25T16:45:48.187355+00:00
1212,3589520001,4.108,15.5,buy,False,2022-03-25T16:45:47.638054+00:00
1213,3589519907,4.108,15.3,buy,False,2022-03-25T16:45:47.054194+00:00
1214,3589519774,4.108,14.8,buy,False,2022-03-25T16:45:46.398644+00:00
1215,3589519690,4.108,14.6,buy,False,2022-03-25T16:45:45.824515+00:00
1216,3589519569,4.108,14.3,buy,False,2022-03-25T16:45:45.295412+00:00
1217,3589519455,4.108,14.0,buy,False,2022-03-25T16:45:44.703166+00:00
1218,3589519338,4.108,13.9,buy,False,2022-03-25T16:45:44.151567+00:00
1219,3589519204,4.108,13.4,buy,False,2022-03-25T16:45:43.613349+00:00
1220,3589519069,4.108,13.3,buy,False,2022-03-25T16:45:43.011628+00:00
1221,3589518899,4.108,13.1,buy,False,2022-03-25T16:45:42.448895+00:00
1222,3589518785,4.108,12.7,buy,False,2022-03-25T16:45:41.870411+00:00
1223,3589518696,4.108,12.4,buy,False,2022-03-25T16:45:41.335484+00:00
1224,3589518548,4.108,12.4,buy,False,2022-03-25T16:45:40.770272+00:00
1225,3589518475,4.108,12.4,buy,False,2022-03-25T16:45:40.193823+00:00
1226,3588539455,4.107,0.3,buy,False,2022-03-25T14:54:18.539682+00:00
1227,3588035061,3.99,37.1,sell,False,2022-03-25T13:36:19.640555+00:00
1228,3588034979,3.99,71.8,sell,False,2022-03-25T13:36:18.888510+00:00
1229,3588034969,3.99,12.5,sell,False,2022-03-25T13:36:18.834174+00:00
1230,3588013789,4.183,13.9,sell,False,2022-03-25T13:33:05.125063+00:00
1231,3587998479,4.12,10.9,buy,False,2022-03-25T13:31:10.838735+00:00
1232,3587997750,4.135,53.3,sell,False,2022-03-25T13:31:02.665287+00:00
1233,3587963418,4.231,11.2,sell,False,2022-03-25T13:24:14.361094+00:00
1234,3587963355,4.231,12.5,sell,False,2022-03-25T13:24:13.800104+00:00
1235,3587291851,4.294,11.7,buy,False,2022-03-25T11:25:55.567993+00:00
1236,3587255307,4.308,12.5,buy,False,2022-03-25T11:18:55.918772+00:00
1237,3586713002,4.242,4.7,sell,False,2022-03-25T09:19:54.137563+00:00
1238,3586019438,4.254,30.0,sell,False,2022-03-25T07:21:51.383246+00:00
1239,3583510247,4.45,49.2,buy,False,2022-03-24T22:00:34.188575+00:00
1240,3583510207,4.45,50.6,buy,False,2022-03-24T22:00:33.564688+00:00
1241,3583510160,4.45,12.5,buy,False,2022-03-24T22:00:33.005803+00:00
1242,3583256937,4.27,26.3,buy,False,2022-03-24T20:48:11.064005+00:00
1243,3583256871,4.27,33.9,buy,False,2022-03-24T20:48:10.519620+00:00
1244,3583256790,4.27,27.4,buy,False,2022-03-24T20:48:09.888005+00:00
1245,3583256692,4.27,16.9,buy,False,2022-03-24T20:48:09.307623+00:00
1246,3583256663,4.27,12.5,buy,False,2022-03-24T20:48:08.760273+00:00
1247,3583230469,4.11,48.3,buy,False,2022-03-24T20:40:00.190057+00:00
1248,3583230456,4.11,29.5,buy,False,2022-03-24T20:39:59.648303+00:00
1249,3583230433,4.11,23.0,buy,False,2022-03-24T20:39:59.099427+00:00
1250,3583230428,4.11,12.5,buy,False,2022-03-24T20:39:58.551681+00:00
1251,3582928170,3.978,1.2,buy,False,2022-03-24T19:25:41.910483+00:00
1252,3582875768,3.91,18.1,buy,False,2022-03-24T19:15:33.172006+00:00
1253,3575304776,3.657,1.3,buy,False,2022-03-23T18:58:02.263443+00:00
1254,3571626406,3.865,30.0,buy,False,2022-03-23T07:14:33.093574+00:00
1255,3569382107,3.8,0.4,buy,False,2022-03-22T23:00:34.911352+00:00
1256,3567664822,3.727,1.3,buy,False,2022-03-22T15:31:50.134587+00:00
1257,3567300031,3.748,4.2,buy,False,2022-03-22T14:28:56.762689+00:00
1258,3561685940,3.579,1.4,buy,False,2022-03-21T19:30:18.210900+00:00
1259,3561239808,3.561,40.0,sell,False,2022-03-21T17:54:09.224730+00:00
1260,3542813137,3.65,1.3,buy,False,2022-03-18T16:22:24.579813+00:00
1261,3541738527,3.55,40.0,buy,False,2022-03-18T13:54:03.971045+00:00
1262,3541715468,3.55,20.7,buy,False,2022-03-18T13:47:42.671427+00:00
1263,3541715452,3.55,21.8,buy,False,2022-03-18T13:47:42.114597+00:00
1264,3541715436,3.55,18.9,buy,False,2022-03-18T13:47:41.567634+00:00
1265,3541715408,3.55,12.5,buy,False,2022-03-18T13:47:41.015822+00:00
1266,3541366046,3.446,60.0,sell,False,2022-03-18T12:34:26.864633+00:00
1267,3538020923,3.485,60.0,buy,False,2022-03-17T23:37:40.378078+00:00
1268,3537149637,3.472,1.4,buy,False,2022-03-17T19:20:01.035275+00:00
1269,3536595289,3.476,31.4,buy,False,2022-03-17T16:56:21.956649+00:00
1270,3536595262,3.476,36.7,buy,False,2022-03-17T16:56:21.409894+00:00
1271,3536595231,3.476,34.0,buy,False,2022-03-17T16:56:20.852998+00:00
1272,3536595204,3.476,30.0,buy,False,2022-03-17T16:56:20.308182+00:00
1273,3536595161,3.476,35.0,buy,False,2022-03-17T16:56:19.755779+00:00
1274,3536595131,3.476,29.9,buy,False,2022-03-17T16:56:19.181232+00:00
1275,3536595111,3.476,29.5,buy,False,2022-03-17T16:56:18.632438+00:00
1276,3536595090,3.476,34.3,buy,False,2022-03-17T16:56:18.107142+00:00
1277,3536595062,3.476,30.2,buy,False,2022-03-17T16:56:17.532365+00:00
1278,3530612069,3.22,72.3,sell,False,2022-03-16T18:33:27.609018+00:00
1279,3530580359,3.23,2.3,sell,False,2022-03-16T18:31:40.333821+00:00
1280,3530580265,3.23,32.9,sell,False,2022-03-16T18:31:39.757907+00:00
1281,3530580015,3.23,17.6,sell,False,2022-03-16T18:31:38.918360+00:00
1282,3530579776,3.23,15.7,sell,False,2022-03-16T18:31:38.274384+00:00
1283,3530447384,3.24,13.2,sell,False,2022-03-16T18:12:08.803010+00:00
1284,3530447312,3.24,13.7,sell,False,2022-03-16T18:12:08.245301+00:00
1285,3530447281,3.24,12.8,sell,False,2022-03-16T18:12:07.692496+00:00
1286,3530447264,3.24,12.5,sell,False,2022-03-16T18:12:07.051813+00:00
1287,3530447229,3.24,12.5,sell,False,2022-03-16T18:12:06.492923+00:00
1288,3530442103,3.25,10.3,sell,False,2022-03-16T18:11:24.099206+00:00
1289,3530442063,3.25,12.5,sell,False,2022-03-16T18:11:23.547962+00:00
1290,3530441956,3.25,12.5,sell,False,2022-03-16T18:11:22.697534+00:00
1291,3530441693,3.25,12.5,sell,False,2022-03-16T18:11:21.166451+00:00
1292,3530441645,3.25,13.1,sell,False,2022-03-16T18:11:20.508595+00:00
1293,3530372167,3.26,4.3,sell,False,2022-03-16T18:05:56.389072+00:00
1294,3530371946,3.26,17.6,sell,False,2022-03-16T18:05:55.808835+00:00
1295,3530371812,3.26,17.6,sell,False,2022-03-16T18:05:55.233394+00:00
1296,3530371613,3.26,17.6,sell,False,2022-03-16T18:05:54.683624+00:00
1297,3530365608,3.27,13.4,sell,False,2022-03-16T18:05:42.961974+00:00
1298,3530365363,3.27,14.0,sell,False,2022-03-16T18:05:42.391575+00:00
1299,3530364915,3.27,13.4,sell,False,2022-03-16T18:05:41.763091+00:00
1300,3530364481,3.27,12.5,sell,False,2022-03-16T18:05:41.111518+00:00
1301,3529623752,3.342,45.1,buy,False,2022-03-16T15:57:37.751836+00:00
1302,3519286498,3.005,0.1,buy,False,2022-03-14T19:20:08.076730+00:00
1303,3519041977,2.974,22.6,sell,False,2022-03-14T18:24:56.340665+00:00
1304,3519041976,2.974,30.0,sell,False,2022-03-14T18:24:56.340189+00:00
1305,3518918987,3.005,1.6,buy,False,2022-03-14T17:55:25.473052+00:00
1306,3518845006,3.0,0.1,sell,False,2022-03-14T17:37:12.342503+00:00
1307,3512769248,3.12,40.0,buy,False,2022-03-13T12:13:41.731759+00:00
1308,3506664268,3.12,1.6,buy,False,2022-03-11T20:42:48.625153+00:00
1309,3501020110,3.273,1.5,buy,False,2022-03-10T22:05:32.610420+00:00
1310,3500848003,3.227,11.6,sell,False,2022-03-10T21:04:31.658755+00:00
1311,3494935568,3.162,14.7,sell,False,2022-03-10T00:12:43.470472+00:00
1312,3493412069,3.221,8.6,buy,False,2022-03-09T17:21:19.376708+00:00
1313,3492211709,3.267,6.1,buy,False,2022-03-09T13:13:16.046738+00:00
1314,3486035690,3.039,1.6,buy,False,2022-03-08T14:58:05.971228+00:00
1315,3484983372,3.08,15.2,sell,False,2022-03-08T10:55:00.171785+00:00
1316,3484983371,3.081,0.1,sell,False,2022-03-08T10:55:00.171785+00:00
1317,3484983370,3.081,24.7,sell,False,2022-03-08T10:55:00.171785+00:00
1318,3481707137,3.068,7.4,sell,False,2022-03-07T21:30:03.070523+00:00
1319,3481707105,3.068,12.5,sell,False,2022-03-07T21:30:02.519000+00:00
1320,3481138770,3.084,15.8,sell,False,2022-03-07T20:00:04.355633+00:00
1321,3481138633,3.084,29.1,sell,False,2022-03-07T20:00:03.756619+00:00
1322,3480073982,3.114,20.0,sell,False,2022-03-07T17:10:42.898117+00:00
1323,3479595572,3.124,1.6,buy,False,2022-03-07T15:39:06.586945+00:00
1324,3467934023,3.193,1.5,buy,False,2022-03-05T07:10:52.723300+00:00
1325,3462838756,3.363,14.2,buy,False,2022-03-04T11:51:53.723143+00:00
1326,3458383564,3.366,30.0,sell,False,2022-03-03T17:46:17.365850+00:00
1327,3456670247,3.551,60.0,buy,False,2022-03-03T13:41:42.070720+00:00
1328,3455731332,3.585,30.0,buy,False,2022-03-03T09:17:46.257282+00:00
1329,3450049258,3.41,11.2,sell,False,2022-03-02T12:11:42.699651+00:00
1330,3450049232,3.41,16.5,sell,False,2022-03-02T12:11:42.158248+00:00
1331,3450049194,3.41,16.0,sell,False,2022-03-02T12:11:41.608270+00:00
1332,3450049118,3.41,16.2,sell,False,2022-03-02T12:11:40.933649+00:00
1333,3450049100,3.41,16.0,sell,False,2022-03-02T12:11:40.396071+00:00
1334,3450049090,3.41,14.6,sell,False,2022-03-02T12:11:40.133085+00:00
1335,3450049047,3.41,14.6,sell,False,2022-03-02T12:11:39.240157+00:00
1336,3450049001,3.41,14.1,sell,False,2022-03-02T12:11:38.556971+00:00
1337,3450048953,3.41,14.9,sell,False,2022-03-02T12:11:38.013042+00:00
1338,3450048861,3.41,12.5,sell,False,2022-03-02T12:11:37.424722+00:00
1339,3435492528,3.549,4.3,buy,False,2022-02-28T14:31:48.385018+00:00
1340,3435492414,3.549,38.3,buy,False,2022-02-28T14:31:47.836710+00:00
1341,3435492147,3.549,37.3,buy,False,2022-02-28T14:31:47.278021+00:00
1342,3435491818,3.549,19.6,buy,False,2022-02-28T14:31:46.726560+00:00
1343,3435491558,3.549,19.1,buy,False,2022-02-28T14:31:46.192872+00:00
1344,3435491312,3.549,12.5,buy,False,2022-02-28T14:31:45.561926+00:00
1345,3417657581,3.519,9.7,buy,False,2022-02-25T15:44:10.530957+00:00
1346,3417657580,3.508,19.1,buy,False,2022-02-25T15:44:10.530957+00:00
1347,3416743806,3.476,2.7,buy,False,2022-02-25T13:29:15.359731+00:00
1348,3408073493,3.181,6.8,sell,False,2022-02-24T13:40:21.068909+00:00
1349,3406286013,3.181,13.1,sell,False,2022-02-24T09:00:03.762424+00:00
1350,3406285924,3.181,7.3,sell,False,2022-02-24T09:00:03.197328+00:00
1351,3406285923,3.181,6.4,sell,False,2022-02-24T09:00:03.197328+00:00
1352,3406285789,3.181,16.2,sell,False,2022-02-24T09:00:02.513149+00:00
1353,3406285750,3.181,15.9,sell,False,2022-02-24T09:00:01.982239+00:00
1354,3406285749,3.182,8.8,sell,False,2022-02-24T09:00:01.982239+00:00
1355,3406285666,3.261,0.1,sell,False,2022-02-24T09:00:01.425195+00:00
1356,3406285665,3.266,6.2,sell,False,2022-02-24T09:00:01.425195+00:00
1357,3406030357,3.357,0.1,sell,False,2022-02-24T08:24:15.398474+00:00
1358,3405988298,3.41,0.1,buy,False,2022-02-24T08:20:19.797870+00:00
1359,3405912190,3.266,17.4,sell,False,2022-02-24T08:14:05.916304+00:00
1360,3405912189,3.266,31.8,sell,False,2022-02-24T08:14:05.916304+00:00
1361,3405772210,3.266,0.1,sell,False,2022-02-24T08:05:09.571924+00:00
1362,3405757234,3.266,0.1,sell,False,2022-02-24T08:03:45.138305+00:00
1363,3405734965,3.266,0.1,sell,False,2022-02-24T08:01:33.553531+00:00
1364,3405728899,3.266,0.1,sell,False,2022-02-24T08:01:01.369400+00:00
1365,3405728009,3.266,0.1,sell,False,2022-02-24T08:00:53.341573+00:00
1366,3405725670,3.266,0.1,sell,False,2022-02-24T08:00:37.990968+00:00
1367,3405718968,3.266,0.1,sell,False,2022-02-24T08:00:00.502682+00:00
1368,3405717113,3.266,0.1,sell,False,2022-02-24T07:59:45.196075+00:00
1369,3405715761,3.266,0.1,sell,False,2022-02-24T07:59:33.379819+00:00
1370,3405713728,3.266,0.1,sell,False,2022-02-24T07:59:19.559872+00:00
1371,3405712167,3.266,0.1,sell,False,2022-02-24T07:59:04.540045+00:00
1372,3405710441,3.266,0.1,sell,False,2022-02-24T07:58:54.087030+00:00
1373,3405709016,3.266,0.1,sell,False,2022-02-24T07:58:46.261677+00:00
1374,3405661931,3.266,0.1,sell,False,2022-02-24T07:52:47.699560+00:00
1375,3405637329,3.284,1.4,buy,False,2022-02-24T07:50:28.424215+00:00
1376,3401792877,3.314,0.4,buy,False,2022-02-24T01:32:03.986089+00:00
1377,3401136038,3.317,5.9,sell,False,2022-02-23T23:32:39.329901+00:00
1378,3401135881,3.317,12.5,sell,False,2022-02-23T23:32:37.053549+00:00
1379,3400096939,3.342,9.5,sell,False,2022-02-23T19:56:34.272714+00:00
1380,3400096659,3.342,11.1,sell,False,2022-02-23T19:56:33.283402+00:00
1381,3400096658,3.342,2.9,sell,False,2022-02-23T19:56:33.283402+00:00
1382,3400096569,3.342,13.3,sell,False,2022-02-23T19:56:32.414696+00:00
1383,3400096529,3.342,12.5,sell,False,2022-02-23T19:56:31.890871+00:00
1384,3391788077,3.41,5.4,sell,False,2022-02-22T13:39:10.037946+00:00
1385,3391787994,3.41,12.5,sell,False,2022-02-22T13:39:09.221991+00:00
1386,3391787844,3.41,0.1,sell,False,2022-02-22T13:39:07.639153+00:00
1387,3391787843,3.41,12.4,sell,False,2022-02-22T13:39:07.639153+00:00
1388,3391787465,3.41,12.5,sell,False,2022-02-22T13:39:06.274759+00:00
1389,3391554822,3.469,11.7,sell,False,2022-02-22T12:40:05.234392+00:00
1390,3391554064,3.469,4.1,sell,False,2022-02-22T12:40:01.432949+00:00
1391,3391554063,3.469,9.2,sell,False,2022-02-22T12:40:01.432949+00:00
1392,3391554054,3.469,12.5,sell,False,2022-02-22T12:40:00.906600+00:00
1393,3390306306,3.47,0.1,sell,False,2022-02-22T08:26:07.127947+00:00
1394,3390305255,3.47,0.1,sell,False,2022-02-22T08:25:51.041639+00:00
1395,3390304516,3.47,0.1,sell,False,2022-02-22T08:25:41.331431+00:00
1396,3390303903,3.47,0.1,sell,False,2022-02-22T08:25:32.685017+00:00
1397,3390303239,3.47,0.1,sell,False,2022-02-22T08:25:19.754542+00:00
1398,3390299012,3.47,0.1,sell,False,2022-02-22T08:24:41.110671+00:00
1399,3390297665,3.47,0.1,sell,False,2022-02-22T08:24:26.264539+00:00
1400,3390297122,3.47,0.1,sell,False,2022-02-22T08:24:16.701495+00:00
1401,3390295032,3.47,0.1,sell,False,2022-02-22T08:23:59.258481+00:00
1402,3390294085,3.47,0.1,sell,False,2022-02-22T08:23:41.330643+00:00
1403,3390293006,3.47,0.1,sell,False,2022-02-22T08:23:28.373543+00:00
1404,3390291712,3.47,0.1,sell,False,2022-02-22T08:23:14.459108+00:00
1405,3390290954,3.47,0.1,sell,False,2022-02-22T08:23:02.594985+00:00
1406,3390289002,3.47,0.1,sell,False,2022-02-22T08:22:37.128351+00:00
1407,3390285792,3.47,0.1,sell,False,2022-02-22T08:21:33.702543+00:00
1408,3390285047,3.47,0.1,sell,False,2022-02-22T08:21:22.177388+00:00
1409,3390284572,3.47,0.1,sell,False,2022-02-22T08:21:11.869090+00:00
1410,3390283822,3.47,0.1,sell,False,2022-02-22T08:20:59.338261+00:00
1411,3390282770,3.47,0.1,sell,False,2022-02-22T08:20:36.722896+00:00
1412,3390282144,3.47,0.1,sell,False,2022-02-22T08:20:28.614658+00:00
1413,3390280796,3.47,0.1,sell,False,2022-02-22T08:20:10.482634+00:00
1414,3390280526,3.47,0.1,sell,False,2022-02-22T08:20:09.371133+00:00
1415,3390128473,3.761,0.1,buy,False,2022-02-22T07:42:46.974785+00:00
1416,3390124910,3.761,0.1,buy,False,2022-02-22T07:41:55.877592+00:00
1417,3390121091,3.47,4.3,sell,False,2022-02-22T07:40:37.819364+00:00
1418,3390121090,3.47,1.0,sell,False,2022-02-22T07:40:37.819364+00:00
1419,3390121089,3.47,7.2,sell,False,2022-02-22T07:40:37.819364+00:00
1420,3390120742,3.762,0.7,buy,False,2022-02-22T07:40:27.759454+00:00
1421,3390120741,3.761,11.8,buy,False,2022-02-22T07:40:27.759454+00:00
1422,3390120448,3.761,0.1,buy,False,2022-02-22T07:40:22.082250+00:00
1423,3390120235,3.761,0.1,buy,False,2022-02-22T07:40:18.866914+00:00
1424,3390120230,3.761,0.1,buy,False,2022-02-22T07:40:18.757695+00:00
1425,3390120207,3.761,0.1,buy,False,2022-02-22T07:40:18.032288+00:00
1426,3390120201,3.761,0.1,buy,False,2022-02-22T07:40:17.732417+00:00
